3150 5200
277 344 342 417 392
693 336 1016 407 SATIRARUM

365 493 458 567 Quid
470 496 482 556 l
505 511 606 577 quum
620 490 749 555 Picenis
764 511 945 573 excerpens
961 489 1083 552 semina
1097 489 1213 572 pomis,

364 595 513 671 Gaudes,
530 596 557 657 si
571 616 731 658 cameram
745 593 891 677 percusti
904 590 1000 666 forte,
1016 612 1117 674 penes
1131 600 1164 654 te
1179 593 1237 653 esi

366 696 481 769 Quid?
505 718 604 779 quum
620 695 717 759 balba
732 694 810 759 feris
825 715 947 757 annoso
964 693 1065 756 verba
1078 690 1200 775 palato,

277 800 343 865 275
364 798 566 865 AEdificante
581 818 672 862 ceses
688 794 745 880 qui
760 796 889 859 saniori
935 792 1035 858 Adde
1050 815 1199 859 cruorem

364 900 529 975 Stultitiae,
544 910 642 983 etque
658 898 765 982 ignem
781 896 892 980 gladio
907 907 1053 960 scrutare
1068 896 1178 971 modo,
1193 895 1337 977 inquam,

364 1000 504 1065 Hellade
521 1021 676 1083 percussa
691 998 819 1061 Marius
834 1019 936 1080 quum
950 997 1134 1080 praecipitat
1153 1018 1199 1074 se,

365 1103 512 1167 Cerritus
529 1099 612 1163 fuiti
635 1123 676 1163 an
692 1109 860 1164 commotae
874 1098 1006 1162 crimine
1021 1100 1138 1161 mentis

365 1202 528 1268 Absolves
544 1202 717 1277 hominem,
733 1212 767 1265 et
782 1200 913 1264 sceleris
928 1200 1097 1264 damnabis
1107 1199 1262 1274 eundem,

279 1308 344 1372 280
367 1306 422 1369 Ex
436 1327 525 1369 more
540 1304 709 1387 imponens
724 1311 863 1387 cognata
877 1299 1035 1368 voeabula
1049 1302 1170 1366 rebus?

366 1406 556 1471 Libertinns
572 1415 653 1481 eret,
670 1405 726 1487 qui
741 1405 863 1467 circum
878 1404 1020 1488 compita
1032 1404 1139 1467 siccus

366 1508 483 1574 Lentis
497 1528 590 1571 mane
607 1528 707 1569 senex
721 1506 871 1569 manibus
885 1507 1058 1582 currebat;
1081 1516 1125 1582 et,
1142 1505 1263 1581 Unum,

366 1609 533 1682 Quiddam
549 1630 699 1692 magnum
717 1608 855 1683 addens,
871 1630 972 1671 unum
985 1630 1036 1671 me
1052 1607 1176 1690 surpite
1192 1606 1298 1682 morti,

367 1711 441 1774 Diis
457 1711 575 1774 etenim
590 1708 683 1773 facile
699 1720 761 1785 est,
777 1711 911 1772 orabat:
935 1731 1033 1772 sanus
1048 1710 1195 1791 utrisque

281 1894 345 1929 more
355 1880 488 1937 mutabilis,
499 1880 597 1939 incerta,
609 1889 633 1930 et
644 1895 714 1929 cmcae
726 1879 783 1929 sorti
795 1879 837 1929 ob·
903 1880 961 1928 276.
978 1881 1053 1943 Atque
1070 1882 1156 1955 ignem
1174 1888 1257 1945 pectus
1273 1876 1361 1927 amoris
1374 1876 1436 1942 igne

281 1944 361 2001 noxis,
373 1945 503 1994 adsertam
520 1945 634 1994 rationem
645 1960 725 2007 regere
739 1953 838 1993 etcom·
871 1958 1016 2006 accensum
1039 1945 1085 1992 nisi
1102 1944 1166 2009 quis,
1184 1945 1332 2008 obsequens
1349 1943 1434 1991 statim

281 2024 377 2073 pescere
391 2009 489 2065 laboret,
502 2012 521 2057 is
532 2012 605 2057 nihilo
615 2012 668 2071 plus
680 2011 783 2071 erpino,
796 2025 838 2057 er·
870 2008 1008 2073 exemplum
1024 2009 1139 2065 Helladis,
1153 2024 1194 2074 per
1207 2012 1282 2071 igneis
1298 2006 1435 2071 intelligere

281 2071 370 2137 pediat,
383 2074 498 2138 proficiat,
509 2091 536 2121 ar.
545 2076 575 2129 si,
587 2082 644 2122 cett.
870 2073 940 2120 malit
949 2074 1058 2134 mesilam,
1070 2088 1125 2136 quse
1142 2072 1229 2121 amoris
1245 2072 1325 2135 ignem
1340 2070 1434 2119 immit-

313 2138 370 2193 272,
388 2139 446 2186 273.
477 2139 555 2192 Quid?
576 2155 647 2213 quum
667 2138 765 2194 Picenis,
782 2145 839 2186 cett.
873 2136 910 2184 tit.
944 2138 1061 2185 Parmeno
1072 2151 1168 2200 quoque
1179 2137 1244 2202 apud
1254 2134 1394 2184 Terentium
1406 2135 1434 2183 in

281 2200 500 2264 PergitStertinias
516 2202 623 2251 adalind
638 2200 663 2249 in
679 2217 757 2249 amore
775 2201 839 2249 insa-
872 2199 925 2249 loco
945 2201 977 2256 ei,
1000 2216 1071 2275 quem
1095 2201 1209 2250 Horatius
1225 2199 1371 2249 hexametris
1389 2214 1433 2247 er·

281 2264 327 2313 nise
339 2280 422 2327 genus,
430 2266 521 2315 scilicet
532 2265 562 2314 ad
575 2265 773 2331 superstitionem,
781 2281 838 2331 qna,
871 2265 964 2337 pressit,
973 2264 1061 2321 vicino,
1070 2265 1186 2314 Thaidem
1197 2267 1273 2328 ἰςιιοπι
1282 2271 1363 2318 vocat,
1373 2264 1434 2311 Act.

281 2328 324 2391 qui
335 2339 424 2386 amant,
437 2346 463 2378 se
479 2338 521 2378 sut
531 2330 633 2378 inustum
650 2337 693 2377 aut
709 2330 839 2378 infaustum
871 2345 889 2383 r,
902 2331 943 2377 Sc.
952 2332 977 2382 2,
990 2332 1015 2387 5,
1026 2331 1112 2377 decede
1125 2332 1157 2377 nd
1174 2333 1251 2393 ignem
1267 2329 1329 2375 husie
1341 2332 1354 2391 (
1359 2328 1433 2375 ’1151-

281 2392 367 2441 amnris
381 2394 418 2442 sui
436 2404 546 2442 eventum
563 2394 685 2458 exquirere
702 2410 770 2459 posse
787 2394 839 2459 opi-
871 2396 947 2451 dese),
956 2398 1011 2455 jam
1026 2395 1119 2441 calesces
1134 2397 1186 2455 plus
1202 2396 1273 2441 sotis:
1291 2392 1363 2455 Virg.
1375 2393 1432 2440 licl.

281 2465 378 2503 uantur.
412 2458 466 2505 Huc
478 2456 548 2505 relert
559 2473 646 2506 morem
659 2474 687 2507 ex
699 2474 746 2522 qno
758 2474 838 2506 aman·
871 2456 907 2511 iii,
920 2458 960 2513 66,
973 2460 1106 2520 meosignis
1115 2460 1234 2521 Amyntae.
1268 2457 1355 2504 Gladio
1364 2472 1432 2503 scm·

283 2526 319 2567 tes
336 2534 457 2582 pomorum
474 2520 612 2569 seminavel
629 2522 839 2571 nucleosduorum
871 2530 937 2569 tare.-
964 2536 1021 2570 ense
1050 2531 1154 2587 percute,
1181 2520 1307 2583 tronstige:
1337 2521 1430 2568 Lucan.

282 2581 408 2646 primorum
422 2583 549 2648 digitorum
565 2584 739 2650 compressione
755 2595 779 2634 et
794 2586 840 2634 im·
873 2584 922 2642 viii,
930 2586 986 2642 557,
996 2587 1059 2640 Quid
1070 2589 1156 2635 onena
1167 2595 1244 2634 nostm
1253 2587 1367 2633 mutaris
1376 2586 1428 2648 gla-

282 2646 351 2710 pulsn
370 2646 423 2696 ideo
440 2649 465 2696 in
484 2649 559 2696 situm
574 2651 685 2711 agebant,
698 2659 726 2698 nt
742 2650 807 2706 inde,
820 2651 840 2699 si
871 2653 927 2697 dio?
959 2651 1027 2698 Meda
1048 2650 1108 2699 reler
1128 2652 1159 2699 ad
1181 2653 1247 2698 adde.
1280 2651 1347 2697 Adde
1368 2651 1432 2696 nodo

282 2710 373 2759 semina
396 2711 437 2760 ille
457 2712 487 2760 ad
507 2712 628 2761 conclavis
646 2713 745 2776 laquear
763 2731 840 2779 usque
873 2714 996 2780 (insuper)
1017 2714 1049 2762 sd
1069 2714 1131 2763 hanc
1154 2715 1179 2762 in
1199 2729 1278 2762 amore
1302 2712 1430 2761 stultitiam

282 2845 332 2885 tum
344 2839 431 2888 amoris
440 2839 478 2890 sui
487 2839 613 2902 augurium
621 2849 740 2904 caperent.
776 2843 840 2891 Rem
872 2850 955 2899 tatem,
966 2845 1004 2892 vel
1015 2843 1102 2892 seclus.

283 2912 362 2952 narrat
378 2905 465 2953 Pollux
483 2906 570 2953 Onom.
593 2905 625 2960 ir,
652 2906 705 2953 128.
739 2906 839 2962 Picenis,
905 2908 963 2954 277.
989 2908 1084 2955 Hellade
1101 2923 1207 2969 percussa
1220 2907 1331 2953 Masius:
1347 2905 1429 2953 Schol.

281 2967 402 3030 epitheton
425 2983 521 3023 ornans.
544 2969 602 3033 quia
623 2969 649 3017 in
671 2984 726 3032 agro
748 2970 841 3018 Piceno
872 2970 942 3026 Aer,
957 2971 1048 3019 Marius
1056 2974 1150 3034 qnidam
1160 2973 1187 3016 oh
1197 2986 1295 3018 omrem
1307 2970 1432 3017 Heliades·

282 3033 445 3094 prestantium
455 3049 525 3099 poma
537 3034 702 3082 nascebantur.
737 3035 809 3082 Penes
820 3045 841 3083 te
871 3038 987 3096 ostendam
1003 3037 1104 3096 psssllarn
1121 3037 1277 3090 occidit,cum
1291 3036 1362 3081 chen
1375 3051 1431 3081 cosr-

281 3098 320 3141 est
340 3111 436 3147 senene
453 3097 539 3146 mentis
558 3101 600 3147 esi
615 3114 681 3161 penes
701 3115 722 3146 se
741 3113 794 3154 esse,
813 3110 841 3147 nt
873 3107 1019 3155 temneressr,
1030 3110 1085 3147 etse
1094 3110 1169 3161 postea
1178 3101 1340 3161 precipitavit.

282 3158 346 3224 apud
358 3162 455 3211 Terent.
468 3179 490 3220 v,
503 3163 576 3219 1,17,
585 3167 648 3225 opud
658 3177 743 3217 seesse,
755 3162 842 3211 mentis
905 3164 963 3212 278.
981 3163 1067 3211 Mentis
1086 3173 1205 3219 mmmctae,
1228 3163 1305 3210 sumre
1323 3160 1432 3226 perche,

282 3237 393 3274 successe
405 3235 546 3291 compotem.
873 3228 995 3275 ιιιν.209
1006 3238 1134 3275 meatus.

314 3288 371 3335 274.
390 3290 840 3402 Qonmballsaferisannosooerhcpa-
905 3291 963 3340 279.
988 3291 1084 3339 Sceleris
1102 3293 1222 3340 damnabis
1238 3293 1349 3338 medem.-
1374 3305 1435 3338 ntus

282 3353 343 3400 lato:
369 3353 463 3402 inverse
483 3355 627 3403 constructio
649 3354 733 3418 (cujus
755 3365 840 3411 muts,
873 3363 900 3403 ut
913 3371 936 3402 v.
947 3356 997 3403 210
1013 3355 1110 3409 dicitur,
1126 3357 1264 3403 Stultiticsrs
1277 3364 1348 3410 esset,
1367 3356 1433 3402 nihi-

281 3413 400 3480 prsccipue
410 3416 473 3482 apud
485 3417 622 3480 Virgilium,
633 3419 742 3483 exempla
753 3419 839 3485 reperi-
872 3422 919 3467 lom
930 3422 1034 3476 distulit,
1045 3437 1077 3467 cn
1090 3422 1138 3467 isa.

282 3487 433 3546 untur),pro
446 3481 629 3545 vulgaritatis
643 3484 715 3530 hallis
729 3500 839 3532 corrosum
904 3485 961 3531 280.
986 3485 1090 3547 Cognata
1111 3485 1235 3531 moola:
1263 3498 1277 3530 c
1326 3482 1434 3530 ationem

280 3545 387 3604 palatum
395 3545 474 3610 seris,·
493 3561 539 3594 non
551 3545 631 3610 palato
645 3546 709 3594 enim
721 3548 793 3595 verba
804 3547 838 3596 le·
872 3547 977 3611 aliquam
993 3547 1056 3596 inter
1072 3563 1098 3595 se
1113 3547 1243 3595 habentia:
1263 3549 1294 3594 Sc
1311 3547 1346 3595 ol.
1361 3547 1433 3600 Aen,

282 3606 382 3664 riantur,
406 3609 448 3658 md
466 3611 547 3664 verba,
567 3625 622 3658 cum
643 3611 837 3674 pronunciantur,
870 3614 1119 3674 diversaqaidem,sed
1135 3613 1432 3668 commodandistcstia3

275 3669 382 3734 feriant,
398 3674 543 3738 percutiunt,
557 3675 671 3736 palatum.
704 3674 840 3739 Simplicior
872 3684 898 3723 nt
915 3675 940 3723 in
955 3691 1063 3724 sermone
1074 3674 1159 3740 petrin,
1177 3675 1247 3724 Hitze
1257 3678 1306 3721 send
1318 3676 1433 3738 Raserey,

282 3749 340 3784 sane
358 3745 420 3785 esset
437 3737 519 3795 oratio,
540 3738 561 3786 si
579 3738 693 3786 Horatius
708 3753 758 3803 pro,
775 3740 839 3804 feris
871 3739 1210 3804 Leidenselastnnchllheit.

282 3799 414 3864 scripsisset
431 3803 486 3850 seris
495 3819 503 3859 ;
525 3817 580 3850 narn
598 3803 663 3850 halba
682 3805 750 3851 vecla
765 3819 838 3852 serere
902 3804 1041 3852 mil-«287.
1058 3804 1186 3852 Stertinius
1193 3802 1299 3866 denique
1305 3800 1432 3851 hominnm

282 3871 326 3922 est,
339 3865 464 3922 balbutire,
477 3866 501 3914 h.
513 3882 535 3915 e.
547 3868 606 3915 lenes
621 3882 734 3923 srisarrcs,
747 3875 774 3914 ut
785 3868 837 3917 Ho-
870 3867 988 3916 insaniam
1003 3883 1044 3932 per
1059 3882 1089 3916 ea
1103 3883 1158 3931 quse
1169 3877 1254 3933 preter
1263 3875 1350 3914 sortem
1360 3883 1434 3916 susm

282 3929 356 3977 ratius
373 3928 479 3994 loquitur
496 3945 548 3996 sup.
562 3931 610 3979 Od.
626 3930 680 3988 i‚9,
694 3933 723 3980 19
742 3933 838 3997 (ὁιιρισ-
872 3941 996 4006 appetunt,
1014 3940 1039 3980 et
1057 3947 1101 3996 per
1121 3939 1178 3979 vots
1197 3947 1252 3995 qnae
1271 3929 1352 3978 animo
1370 3947 1431 3980 con·

281 3995 352 4057 μούς,
360 3994 552 4059 ψιθυρίσματα),
560 3995 637 4044 edere.
657 3996 774 4060 Apposite
784 4012 840 4044 cnm
871 3996 973 4060 cipiunt,
983 3995 1099 4061 exemplis
1110 3996 1202 4060 prohat.
1323 4013 1326 4016 ⁴

282 4057 383 4107 Horatio
402 4068 542 4123 comparant
560 4059 652 4107 Tibull.
670 4059 687 4116 i,
705 4061 730 4115 2,
746 4061 788 4116 91,
809 4061 840 4108 Et
904 4062 961 4108 291.
980 4062 1074 4108 Circam
1085 4062 1196 4122 compita.-
1208 4059 1250 4106 nhi
1262 4057 1296 4106 dii
1304 4058 1431 4107 domestici

281 4123 325 4169 sibi
336 4125 462 4172 blanditias
476 4126 575 4172 tremula
592 4141 720 4186 omnpoaere
736 4141 796 4180 occe,
809 4125 839 4172 Et
872 4123 968 4188 publice
977 4124 1133 4172 colebantur:
1152 4124 1233 4173 Schol.
1245 4124 1313 4177 Aen,
1325 4123 1432 4170 Jusseset

282 4189 385 4235 morsibus
396 4187 464 4236 canas
468 4189 562 4252 fingere
572 4191 629 4236 velle
638 4205 719 4236 ronias.
872 4190 993 4252 Angustus
1001 4192 1027 4236 in
1033 4191 1136 4250 compitis
1145 4191 1195 4236 deos
1204 4189 1301 4235 Penates
1310 4190 1429 4242 ιωιιιίιιιὶ,

314 4252 372 4300 275.
391 4253 438 4306 Qut
449 4255 542 4300 sanior?
559 4255 630 4316 (utv.
638 4253 711 4314 211),
722 4253 840 4318 quomodo
873 4264 900 4301 ιιι
914 4255 1039 4300 studiosius
1054 4254 1194 4301 colerentur.
1226 4253 1312 4307 Siccos,
1325 4251 1433 4305 sobrius,

283 4313 393 4364 isssnior
403 4331 475 4381 puero
483 4316 525 4380 qui
536 4331 604 4364 casas
617 4315 734 4365 edificatl
873 4317 916 4381 qni
933 4332 1003 4364 mane
1018 4315 1137 4364 nihildum
1151 4317 1198 4365 cihi
1206 4324 1313 4428 potusve
1329 4314 1431 4362 sumsits

314 4381 436 4436 275276.
452 4383 518 4428 Adde
529 4381 761 4436 errroremseuteiste,
770 4381 839 4438 adde,
873 4397 927 4445 sup.
956 4379 1005 4429 Od.
1030 4380 1062 4437 iv,
1085 4383 1110 4436 5,
1134 4383 1174 4438 99,
1231 4383 1312 4427 ieimns
1338 4382 1431 4442 integro

282 4442 345 4504 ‹luod
370 4444 412 4494 illa
434 4445 535 4494 stultitia
557 4443 674 4492 interdum
697 4445 726 4494 ad
750 4447 840 4495 caedem
872 4447 931 4494 Sicci
943 4461 1008 4493 mnne
1017 4448 1063 4492 die.

282 4507 352 4571 rapit.
903 4511 961 4558 282.
989 4509 1073 4558 Laidis
1096 4510 1216 4555 suassihsss:
1237 4507 1318 4556 Schol.
1342 4507 1432 4569 Cruq..

280 2774 435 2824 exsiluissent
451 2775 559 2840 illudque
578 2777 757 2842 percussissent,
774 2778 839 2827 lans·
872 2779 948 2827 multo
959 2779 1035 2842 magis
1049 2779 1239 2842 cognoscendam
1254 2775 1328 2826 caedis
1343 2777 1431 2825 stroci·
