3150 5200
592 361 825 428 CARMEN
849 365 880 428 6.

265 517 308 578 95
329 514 377 578 Et
392 514 546 598 inquietis
562 516 709 579 assidens
725 517 927 599 praecordiis,

460 616 586 680 Pavore
602 639 729 681 somnos
746 617 901 681 auferam.

329 719 400 783 Vos
415 720 513 782 turba
526 719 654 782 vicatim
668 718 745 782 hinc
760 729 795 783 et
808 719 884 783 hinc
900 720 988 783 saxis
1003 731 1118 804 petens

454 820 643 884 Contundet
659 823 818 885 obscenas
833 844 924 886 anus.

329 920 409 984 Post
423 922 586 1005 insepulta
599 924 742 986 membra
757 923 911 988 different
925 924 1005 1009 lupi,

243 1025 304 1087 100
456 1023 502 1086 Et
518 1024 699 1108 Esquilinae
715 1025 825 1089 alites:

276 1141 287 1154 ·
324 1125 444 1208 Neque
459 1125 521 1189 hoc
536 1108 700 1209 parentes,
717 1126 781 1190 heu
797 1128 875 1191 mihi
891 1131 1102 1213 superstites!

454 1226 619 1310 Effugerit
634 1228 867 1312 spectaculum.

580 1532 785 1596 CARMEN
810 1533 871 1598 vl.

320 1737 415 1810 Qurn
429 1737 632 1800 immerentes
648 1735 795 1821 hospites
811 1761 921 1814 vexas,
937 1739 1038 1814 canis,

450 1839 591 1922 Ignarus
607 1839 778 1902 adversum
793 1839 912 1923 lupos?

320 1940 410 2012 Quin
424 1938 489 2004 huc
503 1941 627 2016 inanes,
644 1941 671 2003 si
686 1951 793 2024 potes,
808 1944 907 2005 vertis
922 1943 1036 2018 minas,

447 2041 495 2108 Et
510 2063 560 2104 me
576 2063 794 2105 remorsurum
810 2045 916 2127 petis?

141 2227 272 2302 imaginem
293 2225 418 2288 designare
437 2225 563 2280 voluerint,
586 2225 702 2290 exposita,
735 2225 855 2288 ejusmodi
866 2227 889 2275 ei
907 2226 1012 2276 minatur
1027 2227 1128 2282 iambos,
1140 2229 1224 2292 quales
1239 2230 1296 2278 olim

140 2291 247 2348 additur,
272 2290 315 2338 He
331 2299 384 2338 aurat
402 2291 479 2349 impiis
500 2291 596 2337 assidue
616 2293 701 2337 domes·
736 2287 896 2337 Archilochus
914 2290 940 2338 in
957 2293 1104 2355 Lycamben,
1124 2299 1150 2340 et
1166 2292 1297 2358 Hipponax

141 2359 234 2419 tiaeque
253 2354 340 2410 Faria,
356 2371 405 2416 qua
423 2356 471 2400 dies
486 2363 602 2415 noctesque
619 2370 701 2414 paren-
735 2352 760 2400 in
777 2353 899 2417 Bupalum
914 2355 1048 2405 vibraverit.
1083 2355 1165 2418 Vulgo
1183 2356 1228 2404 boc
1244 2373 1296 2405 car-

141 2431 190 2470 raas
206 2435 284 2482 poeaas
300 2437 313 2465 a
331 2419 550 2466 consceleratissimis
558 2419 621 2482 filiis
638 2434 701 2478 repe·
735 2432 789 2464 rnen
802 2418 832 2465 ln
846 2420 948 2467 Cassium
963 2421 1069 2467 Menam
1085 2418 1237 2479 inscribitnr;
1253 2422 1296 2471 sed

140 2492 202 2532 tant.
246 2483 366 2536 Obscenos,
394 2480 573 2536 abominandas,
600 2481 702 2530 detesta-
736 2481 801 2544 quod
819 2496 891 2547 snpra
905 2483 936 2531 ad
950 2483 1023 2548 hujus
1039 2483 1093 2531 libri
1110 2499 1206 2531 carmen
1223 2500 1295 2549 quar·

140 2548 217 2609 biles,
235 2546 345 2613 exempla
361 2545 409 2594 vid.
422 2545 452 2593 ad
465 2545 557 2594 Catull.
573 2545 649 2603 lxviii,
661 2547 702 2594 99.
735 2553 787 2592 tum
804 2545 835 2594 de
850 2548 901 2595 Sea.
920 2549 1006 2604 blena,
1027 2549 1128 2610 Pompeii
1146 2550 1236 2607 liberto,
1254 2550 1296 2599 cai

141 2612 268 2677 Differeat,
288 2613 335 2659 huc
355 2611 414 2659 illuc
432 2626 513 2659 secum
536 2618 612 2658 tracta
629 2610 701 2659 devo·
735 2610 797 2659 illud
814 2611 886 2676 vulgo
901 2612 1047 2667 inscribitur,
1069 2612 1214 2669 monuimus,
1231 2613 1295 2662 idem

139 2679 237 2724 rabunt.
271 2678 397 2741 Esquiline
416 2676 498 2723 alites:
520 2673 627 2738 intellige
647 2690 702 2723 aves
734 2690 800 2723 nunc
828 2675 858 2724 de
883 2677 959 2725 Cassio
986 2678 1066 2725 Saero
1089 2677 1161 2725 valet.
1201 2678 1295 2734 Quodsi

138 2741 262 2789 famelicas
279 2751 303 2790 et
319 2756 424 2805 rapaces,
442 2738 576 2804 accipitres,
595 2738 698 2795 milvios,
732 2739 796 2787 enim
815 2740 929 2788 Horatius
944 2742 990 2790 hoc
1008 2756 1103 2789 carmen
1119 2756 1175 2789 cum
1192 2740 1294 2807 inscrip-

138 2819 229 2861 comos,
250 2814 308 2854 cett.
326 2804 350 2852 in
369 2802 464 2868 regione
483 2804 525 2851 illa
544 2802 575 2851 ad
594 2812 699 2851 orontem
731 2804 805 2860 tione,
829 2804 859 2851 ln
879 2806 983 2853 Cassiam
1003 2806 1117 2861 Scaeuam
1135 2804 1293 2879 publicasset,

87 2920 90 2925 .
139 2870 302 2933 Esquilinum,
330 2868 372 2916 abi
400 2867 518 2933 supplicia
539 2883 554 2915 a
580 2867 699 2917 damnatis
731 2867 796 2916 haud
815 2868 888 2916 dubie
907 2868 985 2933 ipsum
1004 2869 1116 2918 Cassium
1134 2884 1160 2915 m
1176 2869 1222 2917 hoc
1240 2886 1292 2918 car-

138 2936 302 2991 sumebantar,
320 2932 538 2982 circumvolitantes
553 2936 578 2980 et
610 2932 699 2997 rojecta
730 2932 795 2981 mine
812 2933 965 3007 appellasset.
998 2933 1054 2981 Sine
1070 2932 1143 2981 dubio
1159 2932 1231 2995 igitar
1246 2934 1291 2982 bn·

136 2999 270 3048 occisomm
281 3012 378 3062 corpora
388 2996 540 3045 dilaniantes.
594 2998 699 3059 eqoehoe
728 2995 770 3106 pus
782 2997 895 3045 carminis
906 2997 1028 3061 inscriptio
1037 2997 1109 3044 veteri
1118 2996 1212 3044 cuidam
1221 2997 1291 3045 sebo-

134 3074 251 3124 pareates,
272 3064 315 3110 heu
332 3064 388 3109 mihi
404 3062 550 3122 superstites!
579 3060 698 3125 Effirgerit
740 3059 807 3108 insta
833 3061 941 3115 debetur,
964 3061 1014 3123 qui,
1030 3076 1098 3117 ,cum
1125 3058 1190 3123 apud
1213 3061 1292 3109 Tacit.

135 3130 300 3188 pectendum.
334 3126 406 3184 Quod
422 3124 519 3189 quidem
535 3136 698 3190 poenamm‚a
731 3124 824 3172 huual.
838 3125 855 3181 i,
869 3126 909 3179 72,
920 3133 944 3173 et
961 3125 993 3180 iv,
1005 3125 1046 3180 31,
1065 3124 1169 3171 Cassiam
1184 3124 1291 3172 Severum

135 3190 243 3239 scelestis
261 3190 372 3239 veneficis
388 3188 554 3255 expetiturum,
572 3197 696 3253 spectacu-
730 3188 850 3236 bominem
862 3187 1115 3237 maledicentissimum
1130 3187 1204 3234 fuisse
1221 3187 1243 3236 le
1260 3187 1265 3197 '
1281 3216 1291 3225 -

135 3254 187 3301 lum
205 3254 341 3319 parentibus
356 3254 425 3311 meis,
440 3253 486 3301 heu
502 3253 564 3301 tristi
578 3268 631 3302 meo
648 3253 697 3301 sato
730 3259 774 3309 set,
787 3268 888 3309 seeum,
907 3252 933 3301 in
948 3269 1019 3328 quem
1035 3252 1150 3317 scriptum
1166 3259 1229 3300 esset
1261 3262 1290 3301 oc

134 3319 313 3383 superstitibus,
329 3319 422 3367 accidet
438 3316 614 3381 gratissimum
634 3317 658 3363 h.
674 3332 696 3365 e.
729 3330 825 3365 carmen
837 3318 868 3364 ab
881 3316 987 3374 Horatio,
999 3316 1119 3365 invenisse
1129 3316 1229 3381 putarit.

133 3392 246 3447 parentes
267 3391 347 3431 autem
368 3382 416 3431 mei
442 3381 580 3445 superstites
601 3382 631 3429 de
651 3381 696 3429 hac
764 3383 836 3428 1-4.
861 3381 1006 3430 immerentes
1022 3382 1132 3443 hospitem
1158 3379 1290 3430 maledicus

178 3447 212 3494 tia
239 3447 345 3496 scelestis
372 3446 483 3495 veneficis
508 3445 581 3494 relata
607 3446 696 3509 gaude·
729 3443 803 3509 igitur
813 3444 857 3493 iste
872 3444 943 3493 homo
957 3460 1039 3494 eorum
1055 3444 1114 3493 adeo
1126 3446 1197 3493 bona
1208 3444 1288 3501 lame,

152 3520 204 3559 unt.
730 3524 792 3573 quos
802 3509 889 3558 ledere
901 3510 967 3557 nefas
979 3510 1032 3566 luit,
1044 3509 1176 3558 obtrectare
1188 3509 1290 3558 solebat.

730 3574 812 3620 Cana:
822 3589 895 3647 prava
906 3573 952 3621 ista
960 3572 1108 3622 obtrectandi
1118 3573 1289 3622 maledicendi·

307 3637 460 3687 CARMEN
479 3638 527 3685 VI.
727 3652 774 3700 que
794 3638 849 3685 aliis
871 3637 946 3685 libido
968 3638 1057 3703 passim
1076 3653 1132 3685 cum
1153 3637 1290 3702 importuno

166 3702 258 3750 Contra
273 3702 393 3751 hominem
407 3700 527 3767 quendam
541 3700 693 3757 maledicum,
727 3716 816 3748 canum
838 3702 925 3750 latratu
947 3709 1115 3766 comparatur;
1137 3700 1194 3749 hinc
1213 3703 1288 3751 male-

132 3766 221 3831 ignavo
232 3766 368 3831 pusilloque
378 3766 457 3815 animo
468 3781 509 3814 eos
520 3774 621 3823 tantum,
633 3782 694 3830 quos
727 3763 792 3813 dicta
800 3764 854 3814 aliis
864 3766 998 3829 ingerentes
1006 3768 1103 3821 lauare,
1110 3766 1205 3821 Graece,
1213 3764 1288 3815 ttae·

132 3845 159 3880 se
176 3830 273 3904 impune
289 3830 371 3880 rodere
384 3846 453 3895 posse
470 3830 549 3885 sciret,
566 3838 692 3894 petentem,
726 3832 787 3885 τεῒν,
794 3829 904 3891 βαΰζειν,
913 3829 1037 3877 dicantur:
1050 3829 1098 3877 vid.
1106 3829 1207 3877 Mitsch.
1230 3830 1286 3877 Ma-

132 3894 258 3943 minacrter
274 3903 341 3961 poeta
359 3894 473 3958 exsurgit.
504 3896 634 3959 Comparat
650 3908 693 3941 au·
726 3892 819 3942 ledicas
830 3902 910 3942 autem
921 3894 967 3941 iste
976 3893 1061 3942 similis
1071 3892 1119 3940 lere
1128 3893 1172 3940 luit
1179 3891 1210 3940 iis
1219 3893 1287 3941 cani·

131 3966 181 4007 tem
199 3959 271 4007 istum
290 3959 408 4008 hominem
427 3974 481 4007 cum
498 3958 617 4023 ejusmodi
634 3974 693 4007 cane
727 3958 780 4013 bus,
793 3957 823 4007 de
834 3958 923 4023 quibus
934 3958 1020 4005 Cicero
1034 3957 1060 4004 in
1070 3957 1139 4004 Orat.
1153 3971 1194 4020 pro
1210 3956 1289 4004 Rosa.

130 4022 256 4086 degenere,
270 4024 312 4087 qui
327 4039 434 4087 quosque
445 4022 541 4087 quidem
553 4022 599 4070 sibi
611 4023 694 4071 obvios
727 4022 784 4069 Am.
803 4038 825 4070 c.
842 4024 875 4070 20
891 4021 934 4076 ait,
953 4022 1039 4073 Quodsi
1055 4023 1105 4067 tuee
1120 4034 1207 4082 qaoque
1221 4036 1290 4068 cana

129 4086 182 4136 sine
205 4088 270 4134 omni
294 4087 431 4136 discrimine
458 4088 566 4135 ferociter
587 4085 690 4144 allatret,
724 4091 902 4148 latrent,qaum
919 4088 969 4132 deos
982 4086 1110 4132 salutatum
1128 4085 1203 4144 aliqui
1219 4100 1285 4130 am·

130 4150 174 4199 sed
190 4152 240 4215 ipse
258 4152 347 4216 petitus
365 4152 447 4199 timide
464 4150 574 4215 refugiat,
593 4152 630 4199 vel
648 4153 689 4199 ab·
723 4154 789 4208 rint3
806 4152 895 4213 opinor,
907 4152 936 4196 iis
946 4165 1018 4196 crura
1029 4147 1214 4212 suffringantur,
1225 4150 1285 4209 qaod

126 4214 194 4281 jecto
211 4214 265 4263 cibo
282 4216 363 4264 statim
382 4217 505 4282 placetur,
524 4232 551 4264 se
566 4230 621 4263 vero
635 4230 691 4262 curn
724 4231 786 4263 aeres
803 4218 850 4262 siat
861 4217 930 4262 ettam
946 4222 1003 4267 tam,
1016 4228 1086 4275 qaum
1102 4212 1200 4271 suspica
1216 4212 1285 4258 salia

129 4278 159 4326 iis
178 4278 278 4328 canibus
298 4280 486 4343 generosioribus
506 4279 558 4345 qui,
574 4295 634 4344 quas
653 4295 690 4327 se·
724 4284 769 4327 sit:
786 4286 909 4343 comparat
925 4291 1010 4340 nempe
1027 4276 1111 4324 Cicero
1127 4273 1156 4347 in·
1170 4273 1216 4321 boc
1232 4273 1286 4323 loeo

128 4344 176 4391 mei
194 4343 241 4391 sibi
257 4343 357 4392 infestas
374 4345 435 4393 seras
480 4352 542 4399 tunt,
559 4344 585 4392 in
602 4344 632 4391 iis
650 4358 690 4390 ur·
724 4342 800 4391 malos
810 4350 961 4390 accusatores
971 4356 1027 4389 cum
1039 4338 1140 4387 canibus
1150 4345 1286 4401 importuno

126 4407 248 4473 gendiset
264 4409 434 4473 persequendis
459 4408 538 4458 ortiter
554 4408 691 4474 persistant.
723 4405 989 4471 temporetatrantibus.
1024 4401 1285 4515 Lupashqninonsine

127 4474 216 4521 Monet
231 4471 303 4536 igitur
320 4472 393 4522 istum
411 4472 540 4529 hominem,
558 4488 588 4521 ne
604 4482 691 4521 temere
723 4471 831 4537 periculo
842 4487 856 4518 a
867 4469 968 4519 canibus
978 4474 1100 4534 petuntur,
1182 4481 1284 4515 aenunc

126 4550 153 4587 se
173 4538 284 4592 lacessat,
305 4536 373 4593 dum,
394 4538 473 4587 demta
493 4537 558 4587 canis
578 4537 689 4601 imagine,
724 4552 765 4601 pro
777 4536 815 4591 iis,
824 4534 866 4599 qni
876 4533 1047 4583 maledicorum
1058 4548 1128 4583 voces
1139 4532 1208 4581 sacris
1218 4546 1284 4582 com-
