3150 5200
287 343 351 408 loa
697 337 1020 405 SATIRARUM

371 493 454 558 Ten’
468 492 595 577 lapides
610 492 716 556 varios
730 491 891 556 lutulenta
905 493 1022 557 radere
1037 492 1154 576 palma,

374 594 421 658 Et
434 593 553 678 Tyrias
567 594 646 658 dare
661 595 782 658 circum
797 593 888 657 illota
903 593 1018 657 toralia
1032 604 1151 670 vestes,

308 698 351 763 85
372 695 532 773 Oblitum,
548 706 670 779 quanto
685 717 796 759 curam
811 704 1016 778 sumtumqne
1030 694 1186 759 minorem

372 797 455 861 Haec
471 797 624 875 habeant,
641 807 732 861 tanto
747 797 902 880 reprendi
912 797 1036 881 justius
1049 794 1126 871 illis,

372 899 458 972 Quae
473 900 536 962 nisi
551 899 705 963 divitibus
721 908 885 981 nequeant
899 897 1087 980 contingere
1102 897 1245 960 mensis?

373 1000 484 1065 Docte
500 1001 585 1077 Cati,
600 1022 660 1084 per
675 999 848 1063 amicitiam
863 998 1033 1081 Divosque
1049 1008 1196 1081 rogatus,

373 1102 506 1167 Ducere
521 1124 572 1165 me
588 1101 746 1177 anditum,
762 1121 881 1184 perges
895 1120 1103 1183 quocunque,
1117 1108 1296 1179 memento.

307 1204 350 1267 90
371 1202 459 1267 Nam
473 1203 619 1286 quamvis
635 1202 756 1267 referas
772 1202 906 1265 memori
919 1199 999 1263 mihi
1013 1211 1147 1284 pectore
1161 1210 1290 1275 cuncta,

371 1303 451 1368 Non
468 1314 574 1367 tamen
589 1304 750 1387 interpres
765 1302 958 1366 tantundem
968 1302 1111 1385 juveris:
1134 1301 1220 1365 adde

372 1405 512 1471 Vultum
524 1406 736 1489 habitumque
751 1403 908 1481 hominis,
932 1426 1028 1487 quem
1043 1414 1081 1465 tu
1095 1402 1215 1466 vidisse
1229 1404 1348 1467 beatus

370 1506 450 1571 Non
464 1508 572 1591 magni
587 1506 715 1589 pendis,
731 1506 809 1588 quia
822 1506 975 1588 contigit:
999 1514 1033 1569 at
1046 1503 1126 1567 milri
1141 1526 1220 1567 cura
1241 1492 1245 1498 ’

369 1609 450 1673 Nou
464 1609 635 1673 mediocris
650 1610 745 1683 inest,
762 1606 869 1670 fontes
883 1617 921 1669 ut
935 1607 1025 1670 adire
1039 1614 1179 1668 remotos

306 1711 349 1775 95
370 1702 483 1796 Atque
497 1710 628 1775 haurire
644 1730 760 1793 queam
775 1708 850 1772 vitae
865 1717 1032 1791 praecepta
1043 1707 1161 1770 beatae.

739 2010 918 2077 SATIRA
941 2011 985 2076 V.

369 2220 446 2286 Hoc
462 2244 603 2307 quoque,
620 2218 760 2295 Tiresia,
776 2226 897 2303 praeter
911 2225 1053 2291 narrata,
1070 2217 1195 2299 petenti

368 2322 565 2408 Responde:
590 2322 709 2406 quibus
725 2318 860 2383 amissas
876 2338 1031 2400 reparare
1046 2339 1164 2399 queam
1179 2340 1232 2382 res

368 2422 507 2486 Artibus
522 2434 620 2508 atque
636 2418 750 2486 modis.
798 2417 888 2491 Quid
904 2417 1013 2481 rides?
1058 2417 1174 2482 Jamne
1190 2419 1305 2484 doloso

283 2568 418 2637 pavimenta
431 2570 509 2635 scopis
520 2573 689 2637 purgabantur,
702 2572 738 2621 vel
750 2569 844 2621 sordem
908 2570 950 2626 91,
973 2569 1015 2618 92.
1042 2567 1169 2631 interpres,
1198 2569 1241 2634 qui
1271 2570 1342 2618 relert
1370 2568 1435 2636 quod

282 2650 364 2684 secum
377 2634 538 2691 tralreret,vel
552 2633 606 2684 loca
623 2636 722 2684 humide
736 2635 842 2686 exsicea-
875 2632 974 2681 audivit.
1022 2633 1186 2696 Hcts'tumque,
1208 2650 1244 2684 sc.
1266 2634 1381 2699 corporis,
1403 2636 1435 2684 sd

283 2706 326 2756 ret,
361 2698 399 2747 rel
430 2697 529 2746 lacunas
562 2699 693 2763 pavimenti
727 2699 842 2765 expleret.
874 2695 1015 2761 dignitatem
1028 2706 1054 2746 et
1067 2697 1206 2762 gravitatem
1221 2707 1340 2764 μωρία
1355 2699 1436 2748 dentis

284 2763 399 2836 Quantus,
412 2776 484 2826 quam
495 2777 583 2827 parvus
597 2772 621 2812 et
636 2762 753 2819 modicus,
765 2778 841 2828 quan-
874 2761 1009 2827 compositi.

282 2825 359 2937 nudi:-
385 2889 563 2947 Ten’-rcdere,
591 2900 648 2940 cett.
676 2890 774 2954 elegans
804 2892 840 2939 lo·
1056 2888 1189 2938 sanan
1207 2891 1242 2939 V.

282 2952 842 3085 intinitatffit.ttttttnlttr
873 2954 1435 3091 udllllrdllili,⁰lm.ff¹3¹‘qllll

281 3083 359 3132 verbis
381 3083 497 3145 omissis,
524 3083 633 3141 decetne,
656 3083 752 3140 licetne,
774 3091 842 3132 estne
874 3082 965 3130 artabus
987 3082 1091 3148 perditas
1113 3097 1170 3147 opes
1192 3097 1331 3146 recuperare
1348 3083 1434 3147 possit,

280 3145 458 3212 las,p1obarine
470 3155 556 3213 potest,
567 3159 633 3196 estne
647 3145 771 3203 credibile,
783 3155 840 3196 cett.
872 3155 1018 3210 querentem
1036 3144 1138 3194 inducit.
1169 3145 1281 3202 Tiresias,
1301 3146 1327 3195 id
1344 3147 1434 3212 optime

282 3209 313 3258 Te
323 3215 413 3267 rodere,
424 3228 479 3276 sup.
497 3211 514 3267 i,
533 3213 558 3268 9,
576 3213 616 3266 72,
633 3211 756 3259 Hunccine
773 3213 840 3258 solem
903 3210 1073 3260 rheroditster
1084 3208 1178 3259 callidis
1195 3210 1286 3258 artibus
1300 3211 1434 3276 captandas

282 3273 338 3321 Tam
354 3278 447 3338 nigrum
459 3289 553 3322 surrexe
568 3276 643 3323 mili!
661 3275 750 3332 Varios,
768 3275 840 3324 variis
887 3273 921 3322 eri
932 3290 1006 3386 posse
1029 3272 1183 3339 respondens,
1202 3275 1369 3322 Romanorum
1389 3275 1434 3324 mi·

279 3336 398 3386 coloribus
408 3337 542 3386 distinctos.
871 3353 922 3387 sere

283 3451 284 3454 ,
312 3402 353 3448 84.
372 3401 403 3449 Et
423 3402 516 3465 Tyrius,
535 3409 591 3450 cett.
609 3401 704 3467 junge:
731 3413 759 3451 et.
774 3405 841 3462 illoto
871 3404 948 3468 ponit.

280 3465 365 3512 tcrclic
374 3467 431 3512 dure
442 3469 529 3514 circum
540 3477 608 3515 vestes
620 3467 712 3531 Tyrius.
747 3467 841 3516 Torclic
906 3468 929 3514 l.
946 3465 996 3514 Hoc
1014 3483 1108 3529 qunque,
1128 3465 1227 3522 Tiresia,
1244 3475 1300 3514 cett.
1317 3467 1437 3516 Horatius

279 3535 335 3575 sunt
349 3537 447 3578 externa
459 3529 630 3594 integumenta,
643 3539 731 3580 vestem
746 3540 840 3595 stragu-
872 3529 983 3578 lectorem
1003 3529 1029 3577 in
1049 3546 1098 3578 rern
1114 3529 1218 3578 mediam
1233 3531 1303 3596 rapit,
1318 3529 1435 3580 nimirum

279 3588 327 3639 lam
339 3592 383 3640 tori
393 3593 431 3642 rel
445 3593 500 3643 lecti
511 3595 646 3644 tricliniaria
657 3611 672 3643 a
682 3595 750 3644 sorde
760 3595 839 3644 muni·
871 3592 897 3641 in
907 3593 1053 3657 colloquium
1067 3593 1163 3658 Ulyssis
1174 3609 1230 3642 cum
1244 3611 1310 3643 ceco
1325 3593 1368 3662 illo
1378 3601 1436 3644 vete

279 3653 352 3703 entia.
377 3657 565 3724 lllotc,quorum
577 3660 704 3725 adspectus
715 3659 839 3708 fastidium
871 3658 996 3714 Thebano,
1007 3657 1108 3711 Tiresia.
1119 3657 1149 3707 ‹le
1159 3666 1209 3708 erte
1220 3657 1352 3707 ditescendi
1363 3658 1434 3708 hsbi-

278 3728 374 3779 movet;
391 3720 446 3770 hinc
464 3723 508 3770 inl.
531 3723 608 3789 Epist.
627 3723 644 3781 i,
666 3725 690 3778 ὁ,
708 3724 749 3780 21,
771 3734 839 3787 turpe
872 3730 932 3770 tum.
966 3721 1032 3770 Ante
1052 3723 1134 3771 oculos
1154 3721 1239 3771 habuit
1254 3723 1389 3771 Homerum
1407 3724 1435 3772 in

278 3779 365 3832 dicitur
376 3784 470 3834 illotum
481 3789 551 3836 toral.
871 3785 961 3850 Odyse.
978 3787 1011 3844 xi,
1025 3785 1080 3842 137,
1093 3785 1136 3834 ubi
1145 3785 1249 3836 Tiresias
1266 3786 1333 3859 apud
1345 3787 1436 3837 inferne

311 3849 416 3898 aa-aa
435 3851 654 3914 Oblitum,qucnt0,
667 3858 723 3899 cett.
735 3865 835 3898 sensus:
869 3849 1002 3900 sciscitanti
1029 3849 1112 3913 Ulyssi
1139 3851 1244 3900 loturam
1269 3866 1323 3914 ejus
1344 3860 1434 3900 sortem

276 3926 323 3960 non
342 3914 485 3977 cogitantem
507 3929 537 3963 ea
559 3931 613 3981 que
638 3915 668 3962 sd
692 3913 835 3964 munditiem
869 3929 883 3961 a
914 3914 953 3963 rit.
998 3915 1047 3962 Hoc
1079 3932 1109 3976 qu
1137 3925 1291 3976 riq-preter
1316 3926 1433 3963 nomm:

276 3985 393 4041 spectant,
406 3993 453 4042 quo
463 3978 578 4028 minorem
588 3994 669 4028 curam
684 3986 836 4042 curatumque
895 3979 971 4043 lyeses
990 3979 1042 4044 jam
1064 3977 1095 4027 de
1110 3933 1168 4027 iliis
1186 3980 1258 4027 rebus
1275 3980 1434 4028 consuluerat

276 4041 443 4104 requirentia
461 4058 490 4092 eo
507 4043 629 4108 majorem,
642 4042 661 4092 ei
674 4043 835 4109 negligantur,
868 4041 993 4098 Tiresiam,
1005 4041 1056 4090 vid.
1068 4043 1166 4092 Homer.
1178 4042 1196 4091 l.
1208 4058 1230 4092 c.
1243 4060 1267 4091 v.
1281 4044 1315 4091 90
1330 4058 1396 4108 sqq„
1407 4052 1434 4091 et

275 4105 480 4219 ¹tlelprcheqisionem
497 4107 624 4218 incurrlere,
636 4122 707 4172 quam
722 4107 744 4155 ei
759 4105 839 4156 desint
871 4107 1031 4220 cuffiam
1040 4106 1071 4155 ad
1082 4122 1168 4156 novam
1178 4123 1228 4156 rem
1242 4109 1274 4156 ab
1289 4106 1332 4155 illo
1343 4106 1432 4171 exqui-

275 4183 320 4216 ra
356 4186 380 4219 re
399 4186 508 4219 ocissima
524 4185 538 4219 e
556 4187 650 4220 uarum
700 4187 764 4227 nera,
800 4187 838 4220 un
870 4185 910 4219 ren
969 4204 976 4219 .

275 4247 324 4280 non
336 4186 383 4282 riisi
394 4234 418 4283 in
428 4234 528 4284 divitum
537 4189 625 4284 sirenus
638 4187 726 4301 appgreoni
738 4188 837 4299 qusint.
902 4236 927 4284 3.
946 4236 1008 4290 Quid
1025 4235 1104 4283 rides?
1121 4233 1201 4284 risisse
1216 4233 1310 4284 videtur
1325 4233 1432 4284 Tiresias

312 4299 353 4347 89.
371 4299 494 4357 Auditum,
517 4314 551 4348 sc.
572 4309 691 4366 precepta
712 4316 767 4364 qun
785 4299 837 4364 jam
869 4297 900 4348 de
920 4299 1052 4354 hominum,
1077 4314 1199 4363 nunquam
1221 4307 1282 4348 sone
1304 4314 1349 4346 sua
1370 4314 1431 4346 con-

274 4365 398 4412 euarrasti.
432 4363 515 4429 Pergae
532 4381 672 4428 qssocunqne,
690 4380 836 4429 quacunque
869 4371 997 4425 tentorum,
1009 4363 1115 4426 iugenio.
1149 4363 1250 4428 Ulysses
1263 4361 1336 4418 enim,
1349 4361 1393 4426 qui
1406 4360 1432 4410 in

273 4423 369 4474 tandem
388 4429 425 4476 vin
444 4429 474 4477 ad
492 4444 557 4484 eum,
568 4427 639 4493 cujus
657 4444 743 4478 nomen
761 4429 834 4487 celas,
866 4425 1006 4476 dulcissima
1017 4442 1103 4492 spese
1114 4427 1179 4476 brevi
1190 4427 1221 4475 ad
1232 4443 1288 4476 suos
1297 4426 1430 4476 redimrum

273 4503 366 4552 perges.
867 4507 929 4550 esse,
947 4491 1098 4556 acquiescere
1114 4491 1225 4548 debebat,
1247 4507 1310 4541 nunc
1327 4499 1390 4541 artes
1405 4500 1430 4539 et

949 3347 1073 3403 eprevstos
1084 3353 1160 3388 mores
1168 3337 1243 3403 carpit
1251 3346 1276 3387 et
1286 3349 1343 3388 aute
1350 3339 1436 3391 oculos¹
