3150 5200
299 320 361 384 158
722 317 1017 382 CARMINUM

382 470 513 534 Patruae
528 472 664 534 verbera
679 469 808 554 linguae'.
854 470 933 534 Tibi
949 471 1080 554 qualum
1096 472 1269 556 Cythereae

381 571 471 635 Puer
485 570 562 648 ales,
580 572 639 635 tibi
654 572 746 648 telas,
763 594 975 656 operosaque
992 573 1152 638 Minervae

328 675 349 736 5
382 672 534 736 Studium
549 670 666 748 aufert,
682 673 847 751 Neobule,
865 675 1008 758 Liparaei
1023 677 1110 741 nitor
1125 677 1231 743 Hebri
1246 705 1252 742 :

382 773 486 838 Simul
500 785 615 838 unctos
630 774 797 839 Tiberinis
813 775 964 840 humeros
979 777 1057 841 lavit
1072 779 1105 841 in
1121 780 1229 857 undis,

381 877 495 960 Eques
510 878 583 960 ipso
596 876 708 941 melior
723 876 991 962 Bellerophonte,
1006 901 1112 963 neque
1127 903 1240 965 pugno

378 978 499 1062 Neque
515 979 607 1061 segni
621 978 706 1062 pede
722 980 847 1043 victus:
871 989 963 1043 catus
979 979 1065 1044 idem
1080 1004 1140 1065 per
1155 991 1304 1066 apertum

378 1079 555 1163 Fugientes
570 1079 693 1163 agitato
707 1101 808 1164 grege
823 1102 935 1146 cervos
946 1081 1095 1164 jaculari,
1113 1093 1146 1146 et

317 1183 358 1245 10
379 1180 475 1245 Celer
488 1181 555 1246 alto
568 1180 749 1245 latitantem
763 1180 916 1246 fruticeto
933 1183 1086 1267 excipere
1102 1205 1226 1266 aprum.

704 1433 909 1499 CARMEN
933 1435 1030 1498 ΧΙΙΙ.

591 1631 649 1679 ΑΙ)
679 1629 850 1680 FONTEM
881 1629 1149 1679 BANDUSIUM.

507 1791 540 1855 0
557 1812 641 1855 sons
657 1789 845 1866 Bandusiae,
862 1773 1066 1873 splendidior
1081 1791 1175 1866 vitro,

506 1892 607 1956 Dulci
622 1893 720 1977 digne
736 1913 836 1966 mero,
852 1913 918 1954 non
934 1892 1003 1955 sine
1018 1890 1165 1968 floribus,

290 2060 380 2110 tristem
390 2059 560 2109 inmemoriam
568 2059 642 2108 nostri
650 2056 736 2106 amoris
744 2056 854 2122 insculpe
887 2055 992 2122 ludojoc
1023 2073 1096 2106 uesae
1134 2064 1190 2104 sunt
1199 2055 1290 2115 Amori,
1299 2057 1336 2106 rel
1348 2057 1453 2107 ludibri-

291 2125 398 2174 titulum.
648 2171 654 2183 ,
887 2121 966 2170 umei
980 2121 1011 2171 de
1042 2130 1083 2169 nt:
1118 2119 1158 2169 inc
1175 2136 1229 2184 sup.
1241 2120 1258 2178 i,
1275 2121 1356 2178 aar!
1371 2132 1395 2170 et
1408 2124 1452 2180 12,

887 2186 972 2234 Venus
988 2189 1085 2248 impares
1103 2184 1198 2232 Formas
1214 2193 1282 2247 atque
1301 2189 1387 2234 calmas
1405 2191 1451 2234 sub

457 2252 610 2302 CARMEN
627 2249 691 2299 XII.
877 2252 910 2310 ju
928 2267 943 2296 c
957 2267 1027 2299 cenea
1044 2251 1104 2296 Saeoc
1121 2251 1211 2297 mittem
1227 2265 1278 2296 cum
1285 2253 1340 2310 joa»
1350 2249 1452 2299 dicitur.

324 2317 457 2374 Neobulss,
470 2315 508 2364 cui
520 2315 599 2380 patrui
610 2315 681 2362 minae
699 2321 723 2362 st
741 2313 852 2378 objurga·
886 2266 954 2360 Mira
969 2317 1022 2362 cino
1039 2314 1114 2360 lucere
1146 2311 1244 2384 antique
1259 2327 1300 2386 pro
1316 2315 1401 2370 hrum,
1421 2323 1453 2362 ut

290 2379 375 2436 tiones,
387 2379 453 2443 quod
465 2379 593 2427 formosum
610 2377 731 2443 quendam
738 2377 853 2441 juvenem
886 2393 940 2440 sup.
952 2376 987 2434 iii,
1000 2379 1024 2434 4,
1034 2375 1090 2438 61),
1103 2391 1172 2424 cures
1181 2391 1236 2423 vino
1248 2377 1353 2436 drluere3
1375 2377 1450 2426 Siccis

291 2444 394 2499 amabat,
402 2443 585 2491 extimescendas
596 2451 672 2499 erant,
682 2443 792 2491 miseram
804 2457 853 2490 sor-
886 2443 961 2488 omnic
972 2458 1026 2489 cum
1038 2441 1080 2503 (ut
1094 2440 1210 2488 Horatius
1224 2455 1278 2504 sup.
1289 2441 1306 2497 i,
1321 2443 1359 2497 18,
1373 2443 1450 2490 3-4.

290 2515 337 2554 tem
365 2507 440 2555 dolet.
482 2507 658 2556 Sententiarum
685 2521 761 2554 nexus
782 2505 854 2568 hujus
887 2505 1006 2570 loquitur)
1016 2507 1077 2552 duro
1087 2505 1149 2552 Deus
1157 2507 1273 2566 proposuit
1280 2523 1289 2563 ,·
1302 2521 1372 2568 neque
1381 2505 1449 2553 Mor-

289 2570 404 2620 brevioris
424 2570 545 2627 carminis,
568 2586 639 2636 super
660 2569 730 2634 cujus
751 2569 853 2619 consilio
885 2570 951 2617 dcces
961 2571 1031 2618 aliter
1045 2567 1176 2634 diffugiant
1191 2569 1365 2617 sollicitudines.
1399 2569 1449 2620 Ce-

290 2636 350 2683 mira
368 2634 496 2684 commenti
512 2643 569 2683 sunt
584 2635 730 2699 interpretes,
748 2644 785 2683 est
804 2634 852 2683 lere
885 2640 960 2682 terum
978 2649 1034 2681 curn
1049 2648 1091 2705 per
1105 2631 1156 2683 cini
1168 2640 1249 2697 potum
1264 2647 1278 2680 a
1296 2634 1371 2698 poetis
1382 2648 1450 2700 sepe

289 2699 346 2747 hic:
371 2699 464 2748 miserm
484 2699 590 2765 prolecto
608 2708 664 2746 sunt
681 2698 777 2763 puella,
798 2714 860 2762 quse·
885 2697 920 2745 nil
931 2697 976 2746 nisi
988 2697 1106 2745 hilarioris
1120 2704 1145 2745 et
1156 2696 1305 2770 jucundioris
1315 2698 1370 2746 vitre
1382 2698 1449 2747 sruc-

290 2778 335 2812 nec
355 2772 444 2822 amant,
462 2778 507 2811 nee
526 2764 580 2811 vino
596 2778 667 2811 cums
685 2762 804 2826 abigunt;
828 2772 853 2811 at
885 2768 924 2809 tus
934 2761 1053 2826 designari
1063 2760 1146 2818 soleat,
1155 2775 1206 2824 Jam
1220 2776 1268 2809 non
1283 2760 1314 2811 de
1324 2772 1449 2828 compota·

289 2827 672 2941 recesserita.
689 2840 733 2940 1
754 2824 852 2938 11
885 2824 1449 2939 111111111111·

372 2927 379 2948 s
613 2909 621 2938 l
730 2926 737 2947 a
842 2916 852 2927 ¹
995 2909 1010 2939 Π
1231 2925 1238 2946 r
1281 2922 1288 2937 ·
1346 2924 1354 2938 ·
1384 2926 1391 2947 s
1440 2928 1448 2948 r

289 2957 337 3005 trui
363 2958 511 3006 severitatem
532 2965 558 3005 et
581 2956 659 3020 'mgis
682 2906 851 3020 expadescuht
883 2954 925 3009 21,
937 2954 981 3002 inl.
994 2953 1029 3011 iii,
1043 2956 1081 3010 14,
1094 2954 1149 3017 tt),
1165 2952 1207 3001 red
1220 2954 1245 3001 in
1261 2906 1396 3003 uniueisum
1414 2954 1449 3005 de

288 3021 432 3070 cmciantur.
471 3021 556 3085 Ejusrn
589 3020 698 3085 ipuslla
717 3019 804 3067 misera
824 3028 849 3067 tu
883 3016 939 3067 vitre
957 3018 1075 3068 hilaritate
1095 3018 1248 3081 cogitandum
1263 3028 1306 3066 est.
1340 3023 1389 3067 Ant
1406 3036 1449 3067 es-

287 3102 321 3149 qn
353 3102 384 3134 us
402 3102 437 3141 es,
453 3086 573 3143 Neobule,
590 3086 648 3134 dum
665 3086 782 3140 Hebrum,
802 3092 850 3131 tam
882 3085 982 3130 animari
992 3092 1116 3131 metuentes
1128 3082 1223 3131 Patrue
1239 3085 1333 3131 verbero
1349 3086 1448 3147 tingue,

287 3149 345 3215 pulc
363 3152 465 3199 titudine
476 3166 549 3215 quam
555 3150 704 3215 juvenilibus
712 3149 803 3196 artibus
813 3148 851 3195 in·
883 3146 907 3194 h.
920 3162 942 3194 e.
956 3155 998 3195 aut
1007 3162 1037 3195 ex
1048 3146 1124 3195 altera
1134 3154 1200 3211 parte
1211 3161 1260 3203 eas,
1271 3163 1325 3211 quar
1336 3146 1410 3197 amori
1422 3157 1450 3197 et

287 3214 389 3278 signem,
401 3214 491 3280 perdito
506 3231 581 3263 amas.
615 3216 679 3262 Nam
692 3229 748 3261 cum
762 3212 787 3260 in
799 3228 850 3260 ver·
883 3210 937 3259 vitae
955 3211 1068 3259 hilaritati
1086 3210 1288 3273 indulgent,dum
1305 3210 1384 3275 patrui
1402 3212 1448 3260 ob·

287 3278 332 3335 bis,
350 3290 392 3326 oct
409 3282 535 3326 exanimari
551 3288 675 3326 metuentes
691 3285 781 3337 patrue
799 3292 850 3324 oer-
881 3274 1029 3349 jurgationas
1051 3274 1080 3322 iis
1101 3273 1235 3323 metuenda
1257 3284 1323 3330 sunt,
1344 3276 1400 3338 angi
1421 3283 1449 3325 et

287 3343 340 3387 herc
358 3343 454 3403 lingue,
473 3357 522 3388 non
538 3356 647 3405 quasque
666 3340 727 3388 alias
745 3340 847 3405 puellas,
882 3338 1014 3388 sollicitari.
1048 3339 1143 3387 Pctruae
1161 3340 1252 3386 umbem
1271 3341 1366 3413 lingere,
1385 3353 1447 3388 can·

286 3403 328 3451 sed
346 3405 487 3468 peculiarem
508 3404 632 3453 Nsobules
648 3412 735 3452 sortem
752 3420 847 3470 resper-
880 3402 942 3452 vicia
953 3412 977 3452 et
988 3400 1114 3469 opprobria
1125 3402 1212 3467 patrui.
1242 3402 1355 3452 Similiter
1364 3402 1446 3453 Cicer.

286 3466 333 3514 isse
348 3466 456 3516 videatur
473 3476 551 3533 poeta,
570 3468 599 3517 sd
619 3483 647 3516 ea
666 3484 772 3532 quoque,
794 3478 847 3517 tan·
881 3466 911 3517 ad
933 3468 990 3516 Div.
1011 3484 1050 3523 xv,
1069 3468 1108 3522 16,
1125 3469 1224 3515 convicio
1240 3470 1359 3515 verteme
1375 3466 1446 3517 dixit.

286 3545 359 3642 pethaim
369 3545 478 3642 cpusarnt,i
488 3548 545 3643 qurpi
554 3531 665 3609 misemm
679 3547 732 3645 etpps
743 3548 847 3644 aporpm
881 3534 1023 3643 Patruopupn
1033 3538 1134 3643 ῐ11191ιῖ,
1132 3538 1180 3642 bpt
1194 3530 1316 3606 hominurn
1330 3532 1444 3643 querplo-

343 3609 459 3649 ere,con
479 3611 526 3644 nen
547 3612 605 3653 s,m
624 3612 683 3645 cons
711 3612 791 3645 ueno
819 3614 846 3646 u·
881 3611 971 3651 rum,e
1007 3610 1096 3643 rarum
1124 3611 1130 3641 ι
1163 3609 1241 3642 roem
1258 3611 1323 3643 nnus
1341 3610 1388 3643 assi
1406 3612 1446 3643 ms

283 3658 325 3721 jus
340 3658 450 3706 carminis
465 3660 566 3708 consilio
579 3660 669 3708 adverti
687 3660 766 3709 debet.
800 3663 863 3710 Ce-'
881 3658 1087 3725 objurgationibus
1104 3611 1276 3723 increpantidm
1289 3668 1314 3708 et
1324 3660 1445 3723 cusigna-

285 3731 363 3771 terum
383 3723 496 3771 Horatius
513 3722 538 3771 in
555 3726 600 3773 hoc
617 3724 721 3773 carmine
735 3739 783 3772 non
799 3732 848 3773 tam
881 3725 950 3780 tium,
968 3726 1056 3789 passim
1076 3724 1102 3772 fit
1121 3723 1223 3772 mentio:
1242 3724 1274 3771 cl'.
1289 3725 1398 3772 Torrent.
1413 3724 1444 3772 ad

282 3786 444 3837 'Anacreontis
463 3787 538 3851 (xlvi)
558 3788 709 3845 sermotiem,
728 3791 849 3839 Χαλεπὸν
882 3789 906 3836 h.
923 3789 941 3837 1.
961 3797 985 3837 et
1003 3803 1063 3851 quos
1083 3787 1166 3835 laudat
1183 3788 1308 3835 Ernestius
1326 3787 1351 3835 in
1372 3788 1444 3837 Clas.

284 3852 313 3900 τὸ
328 3852 364 3916 μὴ
375 3853 485 3914 φιλῆσαι,
506 3854 621 3916 χαλεπὸν
639 3850 663 3900 δὲ
681 3853 722 3901 καὶ
737 3856 849 3916 φιλῆσαι,
884 3852 938 3903 Cic.
949 3868 969 3900 s.
979 3870 1004 3900 v.
1018 3862 1119 3915 patruus
1127 3868 1134 3911 ;
1152 3850 1207 3899 hinc
1221 3851 1363 3917 proverbiali
1375 3852 1442 3899 locu·

284 3931 359 3980 quam
380 3914 454 3963 alium
473 3917 593 3980 quendam
613 3925 706 3982 postam
726 3916 849 3976 Graecum,
883 3917 947 3966 tione
958 3932 1053 3966 severus
1064 3930 1155 3964 morum
1175 3931 1259 3964 censor
1274 3924 1299 3964 et
1315 3916 1445 3979 castigator

284 3996 357 4045 quem
368 3988 418 4029 tota
428 3980 502 4045 hujus
513 3982 625 4030 carminis
637 3981 730 4031 indoles
740 3991 765 4030 et
775 3983 851 4031 oratio
881 3992 982 4045 patruus
999 3980 1079 4029 dictus
1095 3988 1150 4028 est:
1176 3978 1220 4027 inl.
1240 3982 1293 4029 Sat.
1311 3978 1338 4035 ii,
1357 3981 1382 4035 ³,
1402 3982 1443 4035 88,

284 4044 342 4094 satis
364 4053 442 4110 aperte
488 4045 556 4103 rodit,
580 4046 722 4112 expressisse
747 4047 850 4096 videtur.
885 4046 1069 4107 Nerirpctmcs
1078 4046 1144 4092 mihi.

284 4110 324 4159 De
340 4110 456 4173 singulari
471 4062 549 4175 hujus
564 4110 675 4159 carminis
690 4120 765 4159 metro
775 4120 800 4160 et
810 4111 847 4159 di·
913 4112 1003 4158 3-10.
1017 4109 1068 4157 Tibi
1079 4110 1173 4171 pactam
1187 4109 1312 4174 Cythereie,
1321 4106 1444 4180 ecumids

283 4190 360 4231 versa,
378 4190 428 4239 qua
444 4173 506 4221 illud
524 4175 550 4221 in
569 4178 635 4225 Vett.
653 4175 731 4225 Codd.
743 4186 768 4224 et
778 4175 847 4225 editt.
880 4189 952 4239 quam
963 4173 1057 4239 egregie
1068 4180 1137 4239 poeta
1149 4172 1270 4236 vulgarem
1290 4178 1443 4226 sententiam,

282 4238 416 4288 exhibitum
435 4245 460 4286 et
476 4238 621 4305 descriptum
638 4240 678 4296 sit,
696 4240 787 4289 ratione
806 4256 847 4289 co·
881 4247 931 4286 “tn
942 4254 1005 4286 amca
1015 4237 1144 4293 llebmm,¹'
1156 4235 1329 4294 exornat,dum
1342 4236 1444 4284 Neobu-

283 4301 348 4414 piolss
359 4301 476 4415 ggipilsni
488 4304 513 4351 in
525 4304 625 4352 Excurs.
636 4300 653 4352 i.
662 4303 730 4415 sduh.
742 4304 759 4352 l.
879 4304 1006 4415 lenddqw'
1024 4303 1105 4377 Hebro
1122 4310 1259 4375 conspecto,
1275 4316 1336 4411 oppa
1352 4300 1444 4373 statim,

282 4428 350 4480 ss..
382 4378 845 4495 111111111111
878 4374 1446 4496 111111111111111

281 4510 325 4559 pm
351 4495 451 4558 vulgari,
481 4510 577 4554 amare;
604 4511 660 4544 nam
682 4496 725 4559 qui
752 4505 843 4556 amant,
877 4497 932 4559 gine
948 4502 975 4543 ut
989 4494 1080 4560 perdite
1095 4502 1213 4543 amantem
1232 4493 1301 4542 nobis
1315 4506 1446 4558 represen-
