<?xml version="1.0" encoding="UTF-8"?>
<!DOCTYPE html PUBLIC "-//W3C//DTD XHTML 1.0 Transitional//EN"
    "http://www.w3.org/TR/xhtml1/DTD/xhtml1-transitional.dtd">
<html xmlns="http://www.w3.org/1999/xhtml" xml:lang="en" lang="en">
 <head>
  <title>
</title>
<meta http-equiv="Content-Type" content="text/html;charset=utf-8" />
  <meta name='ocr-system' content='tesseract 3.04.00' />
  <meta name='ocr-capabilities' content='ocr_page ocr_carea ocr_par ocr_line ocrx_word'/>
</head>
<body>
  <div class='ocr_page' id='page_1' title='image "./operaomniaillus00horagoog_0340.png"; bbox 0 0 3150 5200; ppageno 0'>
   <div class='ocr_carea' id='block_1_1' title="bbox 290 347 1021 418">
    <p class='ocr_par' dir='ltr' id='par_1_1' title="bbox 290 347 1021 418">
     <span class='ocr_line' id='line_1_1' title="bbox 290 347 1021 418; baseline 0.012 -9"><span class='ocrx_word' id='word_1_1' title='bbox 290 347 354 410; x_wconf 74' lang='lat'>298</span> <span class='ocrx_word' id='word_1_2' title='bbox 700 347 1021 418; x_wconf 80' lang='lat' dir='ltr'>SATIRARUM</span> 
     </span>
    </p>
   </div>
   <div class='ocr_carea' id='block_1_2' title="bbox 284 497 1264 2412">
    <p class='ocr_par' dir='ltr' id='par_1_2' title="bbox 284 497 1264 2412">
     <span class='ocr_line' id='line_1_2' title="bbox 309 497 1113 589; baseline 0.011 -27"><span class='ocrx_word' id='word_1_3' title='bbox 309 497 352 562; x_wconf 84' lang='lat'>85</span> <span class='ocrx_word' id='word_1_4' title='bbox 373 498 483 564; x_wconf 89' lang='lat' dir='ltr'>Vicini</span> <span class='ocrx_word' id='word_1_5' title='bbox 498 499 648 578; x_wconf 88' lang='lat' dir='ltr'>oderunt,</span> <span class='ocrx_word' id='word_1_6' title='bbox 665 503 744 579; x_wconf 91' lang='lat' dir='ltr'>noti,</span> <span class='ocrx_word' id='word_1_7' title='bbox 762 503 856 587; x_wconf 92' lang='lat' dir='ltr'>pueri</span> <span class='ocrx_word' id='word_1_8' title='bbox 870 514 969 588; x_wconf 90' lang='lat' dir='ltr'>atque</span> <span class='ocrx_word' id='word_1_9' title='bbox 984 505 1113 589; x_wconf 71' lang='lat' dir='ltr'>puellae.</span> 
     </span>
     <span class='ocr_line' id='line_1_3' title="bbox 374 600 1175 692; baseline 0.011 -29"><span class='ocrx_word' id='word_1_10' title='bbox 374 600 519 678; x_wconf 88' lang='lat' dir='ltr'>Miraris,</span> <span class='ocrx_word' id='word_1_11' title='bbox 535 623 634 685; x_wconf 92' lang='lat' dir='ltr'>quum</span> <span class='ocrx_word' id='word_1_12' title='bbox 649 612 685 666; x_wconf 90' lang='lat' dir='ltr'>tu</span> <span class='ocrx_word' id='word_1_13' title='bbox 700 616 837 687; x_wconf 85' lang='lat' dir='ltr'>argento</span> <span class='ocrx_word' id='word_1_14' title='bbox 851 615 927 689; x_wconf 88' lang='lat' dir='ltr'>post</span> <span class='ocrx_word' id='word_1_15' title='bbox 939 608 1046 670; x_wconf 93' lang='lat' dir='ltr'>omnia</span> <span class='ocrx_word' id='word_1_16' title='bbox 1060 631 1175 692; x_wconf 88' lang='lat' dir='ltr'>ponas,</span> 
     </span>
     <span class='ocr_line' id='line_1_4' title="bbox 373 703 1230 788; baseline 0.012 -22"><span class='ocrx_word' id='word_1_17' title='bbox 373 703 410 766; x_wconf 92' lang='lat' dir='ltr'>Si</span> <span class='ocrx_word' id='word_1_18' title='bbox 424 724 518 766; x_wconf 87' lang='lat' dir='ltr'>nemo</span> <span class='ocrx_word' id='word_1_19' title='bbox 533 713 678 786; x_wconf 88' lang='lat' dir='ltr'>praestet,</span> <span class='ocrx_word' id='word_1_20' title='bbox 694 726 791 788; x_wconf 92' lang='lat' dir='ltr'>quem</span> <span class='ocrx_word' id='word_1_21' title='bbox 805 728 871 770; x_wconf 93' lang='lat' dir='ltr'>non</span> <span class='ocrx_word' id='word_1_22' title='bbox 886 708 1052 785; x_wconf 88' lang='lat' dir='ltr'>merearis,</span> <span class='ocrx_word' id='word_1_23' title='bbox 1068 716 1230 776; x_wconf 67' lang='lat' dir='ltr'>amorem?</span> 
     </span>
     <span class='ocr_line' id='line_1_5' title="bbox 373 803 1034 887; baseline 0.009 -19"><span class='ocrx_word' id='word_1_24' title='bbox 373 803 429 868; x_wconf 91' lang='lat' dir='ltr'>An</span> <span class='ocrx_word' id='word_1_25' title='bbox 444 804 489 868; x_wconf 92' lang='lat' dir='ltr'>sic</span> <span class='ocrx_word' id='word_1_26' title='bbox 506 814 673 887; x_wconf 89' lang='lat' dir='ltr'>cognatos,</span> <span class='ocrx_word' id='word_1_27' title='bbox 689 805 777 871; x_wconf 90' lang='lat' dir='ltr'>nullo</span> <span class='ocrx_word' id='word_1_28' title='bbox 793 817 910 871; x_wconf 91' lang='lat' dir='ltr'>natura</span> <span class='ocrx_word' id='word_1_29' title='bbox 922 807 1034 874; x_wconf 87' lang='lat' dir='ltr'>labore</span> 
     </span>
     <span class='ocr_line' id='line_1_6' title="bbox 372 903 1254 994; baseline 0.01 -26"><span class='ocrx_word' id='word_1_30' title='bbox 372 903 466 978; x_wconf 87' lang='lat' dir='ltr'>Quos</span> <span class='ocrx_word' id='word_1_31' title='bbox 481 905 539 968; x_wconf 90' lang='lat' dir='ltr'>tibi</span> <span class='ocrx_word' id='word_1_32' title='bbox 555 905 623 982; x_wconf 89' lang='lat' dir='ltr'>dat,</span> <span class='ocrx_word' id='word_1_33' title='bbox 639 906 778 972; x_wconf 87' lang='lat' dir='ltr'>retinere</span> <span class='ocrx_word' id='word_1_34' title='bbox 793 907 884 985; x_wconf 86' lang='lat' dir='ltr'>velis,</span> <span class='ocrx_word' id='word_1_35' title='bbox 901 930 1096 994; x_wconf 77' lang='lat' dir='ltr'>servareque</span> <span class='ocrx_word' id='word_1_36' title='bbox 1111 914 1254 979; x_wconf 80' lang='lat' dir='ltr'>amicost</span> 
     </span>
     <span class='ocr_line' id='line_1_7' title="bbox 305 1003 1117 1094; baseline 0.01 -25"><span class='ocrx_word' id='word_1_37' title='bbox 305 1007 349 1069; x_wconf 88' lang='lat'>90</span> <span class='ocrx_word' id='word_1_38' title='bbox 370 1003 488 1070; x_wconf 81' lang='lat' dir='ltr'>Infelix</span> <span class='ocrx_word' id='word_1_39' title='bbox 503 1028 635 1090; x_wconf 91' lang='lat' dir='ltr'>operam</span> <span class='ocrx_word' id='word_1_40' title='bbox 651 1008 782 1091; x_wconf 80' lang='lat' dir='ltr'><strong>perdas,</strong></span> <span class='ocrx_word' id='word_1_41' title='bbox 798 1018 836 1072; x_wconf 90' lang='lat' dir='ltr'>ut</span> <span class='ocrx_word' id='word_1_42' title='bbox 849 1009 965 1094; x_wconf 88' lang='lat' dir='ltr'>siquis</span> <span class='ocrx_word' id='word_1_43' title='bbox 979 1012 1117 1077; x_wconf 89' lang='lat' dir='ltr'>asellum</span> 
     </span>
     <span class='ocr_line' id='line_1_8' title="bbox 374 1107 1146 1194; baseline 0.01 -24"><span class='ocrx_word' id='word_1_44' title='bbox 374 1107 412 1170; x_wconf 92' lang='lat' dir='ltr'>In</span> <span class='ocrx_word' id='word_1_45' title='bbox 428 1129 542 1190; x_wconf 90' lang='lat' dir='ltr'>campo</span> <span class='ocrx_word' id='word_1_46' title='bbox 558 1107 675 1173; x_wconf 88' lang='lat' dir='ltr'>doceat</span> <span class='ocrx_word' id='word_1_47' title='bbox 689 1119 858 1194; x_wconf 86' lang='lat' dir='ltr'>parentem</span> <span class='ocrx_word' id='word_1_48' title='bbox 872 1131 1003 1176; x_wconf 89' lang='lat' dir='ltr'>currere</span> <span class='ocrx_word' id='word_1_49' title='bbox 1018 1111 1146 1178; x_wconf 84' lang='lat' dir='ltr'>sraenis!</span> 
     </span>
     <span class='ocr_line' id='line_1_9' title="bbox 370 1209 1264 1300; baseline 0.006 -26"><span class='ocrx_word' id='word_1_50' title='bbox 370 1209 524 1294; x_wconf 90' lang='lat' dir='ltr'>Denique</span> <span class='ocrx_word' id='word_1_51' title='bbox 539 1210 582 1272; x_wconf 91' lang='lat' dir='ltr'>sit</span> <span class='ocrx_word' id='word_1_52' title='bbox 596 1209 670 1274; x_wconf 84' lang='lat' dir='ltr'>finis</span> <span class='ocrx_word' id='word_1_53' title='bbox 684 1212 871 1294; x_wconf 80' lang='lat' dir='ltr'>quoerendi3</span> <span class='ocrx_word' id='word_1_54' title='bbox 894 1234 1025 1297; x_wconf 92' lang='lat' dir='ltr'>quoque</span> <span class='ocrx_word' id='word_1_55' title='bbox 1040 1215 1163 1279; x_wconf 86' lang='lat' dir='ltr'>habeas</span> <span class='ocrx_word' id='word_1_56' title='bbox 1178 1214 1264 1300; x_wconf 88' lang='lat' dir='ltr'>plus,</span> 
     </span>
     <span class='ocr_line' id='line_1_10' title="bbox 370 1311 1155 1394; baseline 0.009 -20"><span class='ocrx_word' id='word_1_57' title='bbox 370 1311 564 1394; x_wconf 88' lang='lat' dir='ltr'>Pauperiem</span> <span class='ocrx_word' id='word_1_58' title='bbox 579 1320 704 1376; x_wconf 87' lang='lat' dir='ltr'>metuas</span> <span class='ocrx_word' id='word_1_59' title='bbox 719 1313 838 1388; x_wconf 90' lang='lat' dir='ltr'>minus,</span> <span class='ocrx_word' id='word_1_60' title='bbox 853 1324 888 1376; x_wconf 85' lang='lat' dir='ltr'>et</span> <span class='ocrx_word' id='word_1_61' title='bbox 902 1313 996 1378; x_wconf 88' lang='lat' dir='ltr'>finire</span> <span class='ocrx_word' id='word_1_62' title='bbox 1010 1313 1155 1380; x_wconf 90' lang='lat' dir='ltr'>laborem</span> 
     </span>
     <span class='ocr_line' id='line_1_11' title="bbox 370 1411 1200 1499; baseline 0.007 -24"><span class='ocrx_word' id='word_1_63' title='bbox 370 1411 522 1496; x_wconf 82' lang='lat' dir='ltr'>Incipias,</span> <span class='ocrx_word' id='word_1_64' title='bbox 538 1423 644 1496; x_wconf 86' lang='lat' dir='ltr'>parto,</span> <span class='ocrx_word' id='word_1_65' title='bbox 661 1413 749 1498; x_wconf 94' lang='lat' dir='ltr'>quod</span> <span class='ocrx_word' id='word_1_66' title='bbox 764 1415 902 1491; x_wconf 81' lang='lat' dir='ltr'>avebas3</span> <span class='ocrx_word' id='word_1_67' title='bbox 926 1437 966 1479; x_wconf 88' lang='lat' dir='ltr'>ne</span> <span class='ocrx_word' id='word_1_68' title='bbox 981 1415 1095 1494; x_wconf 82' lang='lat' dir='ltr'>facias,</span> <span class='ocrx_word' id='word_1_69' title='bbox 1110 1417 1200 1499; x_wconf 92' lang='lat' dir='ltr'>quod</span> 
     </span>
     <span class='ocr_line' id='line_1_12' title="bbox 302 1512 1259 1599; baseline 0.003 -23"><span class='ocrx_word' id='word_1_70' title='bbox 302 1514 347 1576; x_wconf 83' lang='lat'>95</span> <span class='ocrx_word' id='word_1_71' title='bbox 369 1512 564 1591; x_wconf 89' lang='lat' dir='ltr'>Ummidius,</span> <span class='ocrx_word' id='word_1_72' title='bbox 580 1515 647 1598; x_wconf 89' lang='lat' dir='ltr'>qui,</span> <span class='ocrx_word' id='word_1_73' title='bbox 664 1525 730 1578; x_wconf 89' lang='lat' dir='ltr'>tam</span> <span class='ocrx_word' id='word_1_74' title='bbox 744 1515 822 1596; x_wconf 92' lang='lat' dir='ltr'>(non</span> <span class='ocrx_word' id='word_1_75' title='bbox 836 1515 935 1598; x_wconf 89' lang='lat' dir='ltr'>longa</span> <span class='ocrx_word' id='word_1_76' title='bbox 952 1528 1004 1582; x_wconf 87' lang='lat' dir='ltr'>est</span> <span class='ocrx_word' id='word_1_77' title='bbox 1018 1515 1141 1599; x_wconf 83' lang='lat' dir='ltr'>fabula)</span> <span class='ocrx_word' id='word_1_78' title='bbox 1157 1517 1259 1593; x_wconf 87' lang='lat' dir='ltr'>dives,</span> 
     </span>
     <span class='ocr_line' id='line_1_13' title="bbox 369 1613 1116 1697; baseline 0.008 -19"><span class='ocrx_word' id='word_1_79' title='bbox 369 1613 418 1678; x_wconf 91' lang='lat' dir='ltr'>Ut</span> <span class='ocrx_word' id='word_1_80' title='bbox 430 1613 598 1678; x_wconf 83' lang='lat' dir='ltr'>metiretur</span> <span class='ocrx_word' id='word_1_81' title='bbox 612 1638 770 1693; x_wconf 89' lang='lat' dir='ltr'>nummos,</span> <span class='ocrx_word' id='word_1_82' title='bbox 787 1617 834 1680; x_wconf 89' lang='lat' dir='ltr'>ita</span> <span class='ocrx_word' id='word_1_83' title='bbox 848 1617 1013 1697; x_wconf 89' lang='lat' dir='ltr'>sordidus,</span> <span class='ocrx_word' id='word_1_84' title='bbox 1030 1629 1067 1683; x_wconf 92' lang='lat' dir='ltr'>ut</span> <span class='ocrx_word' id='word_1_85' title='bbox 1079 1641 1116 1684; x_wconf 89' lang='lat' dir='ltr'>se</span> 
     </span>
     <span class='ocr_line' id='line_1_14' title="bbox 367 1715 1177 1803; baseline 0.007 -25"><span class='ocrx_word' id='word_1_86' title='bbox 367 1715 446 1780; x_wconf 91' lang='lat' dir='ltr'>Non</span> <span class='ocrx_word' id='word_1_87' title='bbox 461 1737 603 1798; x_wconf 89' lang='lat' dir='ltr'>unquam</span> <span class='ocrx_word' id='word_1_88' title='bbox 618 1737 712 1781; x_wconf 82' lang='lat' dir='ltr'>servo</span> <span class='ocrx_word' id='word_1_89' title='bbox 725 1717 841 1782; x_wconf 90' lang='lat' dir='ltr'>melius</span> <span class='ocrx_word' id='word_1_90' title='bbox 854 1719 999 1797; x_wconf 76' lang='lat' dir='ltr'>vestiret,</span> <span class='ocrx_word' id='word_1_91' title='bbox 1015 1721 1177 1803; x_wconf 88' lang='lat' dir='ltr'>adusque</span> 
     </span>
     <span class='ocr_line' id='line_1_15' title="bbox 368 1816 1096 1902; baseline 0.005 -22"><span class='ocrx_word' id='word_1_92' title='bbox 368 1816 563 1900; x_wconf 84' lang='lat' dir='ltr'>Supremam</span> <span class='ocrx_word' id='word_1_93' title='bbox 577 1827 717 1901; x_wconf 88' lang='lat' dir='ltr'>tempus,</span> <span class='ocrx_word' id='word_1_94' title='bbox 732 1840 773 1883; x_wconf 90' lang='lat' dir='ltr'>ne</span> <span class='ocrx_word' id='word_1_95' title='bbox 789 1841 825 1883; x_wconf 87' lang='lat' dir='ltr'>se</span> <span class='ocrx_word' id='word_1_96' title='bbox 839 1820 977 1902; x_wconf 86' lang='lat' dir='ltr'>penuria</span> <span class='ocrx_word' id='word_1_97' title='bbox 992 1822 1096 1886; x_wconf 88' lang='lat' dir='ltr'>victus</span> 
     </span>
     <span class='ocr_line' id='line_1_16' title="bbox 367 1915 1228 2003; baseline 0.003 -22"><span class='ocrx_word' id='word_1_98' title='bbox 367 1917 590 2003; x_wconf 90' lang='lat' dir='ltr'>Opprimeret,</span> <span class='ocrx_word' id='word_1_99' title='bbox 605 1921 780 1984; x_wconf 86' lang='lat' dir='ltr'>metuebat.</span> <span class='ocrx_word' id='word_1_100' title='bbox 826 1915 875 1984; x_wconf 79' lang='lat' dir='ltr'>At</span> <span class='ocrx_word' id='word_1_101' title='bbox 887 1920 975 1987; x_wconf 91' lang='lat' dir='ltr'>hunc</span> <span class='ocrx_word' id='word_1_102' title='bbox 989 1920 1107 1986; x_wconf 90' lang='lat' dir='ltr'>liberta</span> <span class='ocrx_word' id='word_1_103' title='bbox 1121 1923 1228 1986; x_wconf 89' lang='lat' dir='ltr'>securi</span> 
     </span>
     <span class='ocr_line' id='line_1_17' title="bbox 284 2018 1125 2104; baseline 0.004 -20"><span class='ocrx_word' id='word_1_104' title='bbox 284 2021 345 2084; x_wconf 87' lang='grc'>100</span> <span class='ocrx_word' id='word_1_105' title='bbox 367 2019 490 2085; x_wconf 89' lang='lat' dir='ltr'>Divisit</span> <span class='ocrx_word' id='word_1_106' title='bbox 503 2020 645 2084; x_wconf 91' lang='lat' dir='ltr'>medium</span> <span class='ocrx_word' id='word_1_107' title='bbox 660 2018 836 2084; x_wconf 84' lang='lat' dir='ltr'>fortissima</span> <span class='ocrx_word' id='word_1_108' title='bbox 849 2021 1125 2104; x_wconf 78' lang='lat' dir='ltr'>Tyndaridarum.</span> 
     </span>
     <span class='ocr_line' id='line_1_18' title="bbox 366 2120 1262 2206; baseline 0.002 -20"><span class='ocrx_word' id='word_1_109' title='bbox 366 2123 459 2196; x_wconf 86' lang='lat' dir='ltr'>Quid</span> <span class='ocrx_word' id='word_1_110' title='bbox 474 2120 518 2186; x_wconf 83' lang='lat' dir='ltr'>mi</span> <span class='ocrx_word' id='word_1_111' title='bbox 532 2122 631 2206; x_wconf 89' lang='lat' dir='ltr'>igitur</span> <span class='ocrx_word' id='word_1_112' title='bbox 646 2123 776 2200; x_wconf 85' lang='lat' dir='ltr'>suades,</span> <span class='ocrx_word' id='word_1_113' title='bbox 793 2133 830 2186; x_wconf 89' lang='lat' dir='ltr'>ut</span> <span class='ocrx_word' id='word_1_114' title='bbox 845 2124 949 2188; x_wconf 89' lang='lat' dir='ltr'>vivam</span> <span class='ocrx_word' id='word_1_115' title='bbox 964 2123 1118 2200; x_wconf 75' lang='lat' dir='ltr'>Maeuiae,</span> <span class='ocrx_word' id='word_1_116' title='bbox 1132 2133 1190 2187; x_wconf 88' lang='lat' dir='ltr'>aut</span> <span class='ocrx_word' id='word_1_117' title='bbox 1204 2123 1262 2200; x_wconf 89' lang='lat' dir='ltr'>sic,</span> 
     </span>
     <span class='ocr_line' id='line_1_19' title="bbox 357 2224 1162 2309; baseline -0.002 -20"><span class='ocrx_word' id='word_1_118' title='bbox 357 2224 415 2289; x_wconf 66' lang='lat' dir='ltr'>vUt</span> <span class='ocrx_word' id='word_1_119' title='bbox 429 2225 679 2290; x_wconf 75' lang='lat' dir='ltr'>Nomentanus?</span> <span class='ocrx_word' id='word_1_120' title='bbox 724 2225 841 2308; x_wconf 84' lang='lat' dir='ltr'>Pergis</span> <span class='ocrx_word' id='word_1_121' title='bbox 856 2225 1036 2309; x_wconf 89' lang='lat' dir='ltr'>pugnantia</span> <span class='ocrx_word' id='word_1_122' title='bbox 1052 2246 1162 2289; x_wconf 90' lang='lat' dir='ltr'>secum</span> 
     </span>
     <span class='ocr_line' id='line_1_20' title="bbox 365 2325 1260 2412; baseline 0.002 -24"><span class='ocrx_word' id='word_1_123' title='bbox 365 2325 542 2391; x_wconf 86' lang='lat' dir='ltr'>Frontibus</span> <span class='ocrx_word' id='word_1_124' title='bbox 558 2326 703 2391; x_wconf 86' lang='lat' dir='ltr'>adversis</span> <span class='ocrx_word' id='word_1_125' title='bbox 718 2330 934 2410; x_wconf 78' lang='lat' dir='ltr'>componeret</span> <span class='ocrx_word' id='word_1_126' title='bbox 959 2349 1024 2390; x_wconf 93' lang='lat' dir='ltr'>non</span> <span class='ocrx_word' id='word_1_127' title='bbox 1039 2348 1112 2412; x_wconf 89' lang='lat' dir='ltr'>ego,</span> <span class='ocrx_word' id='word_1_128' title='bbox 1128 2347 1260 2390; x_wconf 88' lang='lat' dir='ltr'>avarum</span> 
     </span>
    </p>
   </div>
   <div class='ocr_carea' id='block_1_3' title="bbox 270 2455 1432 4449">
    <p class='ocr_par' dir='ltr' id='par_1_3' title="bbox 274 2455 1432 2718">
     <span class='ocr_line' id='line_1_21' title="bbox 311 2455 1432 2523; baseline 0.001 -15"><span class='ocrx_word' id='word_1_129' title='bbox 311 2461 352 2510; x_wconf 83' lang='grc'>83.</span> <span class='ocrx_word' id='word_1_130' title='bbox 371 2459 401 2506; x_wconf 83' lang='lat' dir='ltr'>Te</span> <span class='ocrx_word' id='word_1_131' title='bbox 411 2458 676 2514; x_wconf 58' lang='lat' dir='ltr'>mastaurensium</span> <span class='ocrx_word' id='word_1_132' title='bbox 686 2461 768 2510; x_wconf 87' lang='lat' dir='ltr'>morbo</span> <span class='ocrx_word' id='word_1_133' title='bbox 779 2457 838 2508; x_wconf 89' lang='lat' dir='ltr'>libe·</span> <span class='ocrx_word' id='word_1_134' title='bbox 870 2459 1003 2519; x_wconf 71' lang='lat' dir='ltr'>omnibus,</span> <span class='ocrx_word' id='word_1_135' title='bbox 1025 2455 1113 2509; x_wconf 68' lang='lat' dir='ltr'>duride</span> <span class='ocrx_word' id='word_1_136' title='bbox 1133 2459 1214 2516; x_wconf 83' lang='lat' dir='ltr'>verba,</span> <span class='ocrx_word' id='word_1_137' title='bbox 1239 2475 1285 2506; x_wconf 83' lang='lat' dir='ltr'>non</span> <span class='ocrx_word' id='word_1_138' title='bbox 1308 2459 1376 2523; x_wconf 79' lang='lat' dir='ltr'>longa</span> <span class='ocrx_word' id='word_1_139' title='bbox 1399 2471 1432 2509; x_wconf 79' lang='lat' dir='ltr'>est</span> 
     </span>
     <span class='ocr_line' id='line_1_22' title="bbox 279 2521 1431 2589; baseline 0 -17"><span class='ocrx_word' id='word_1_140' title='bbox 279 2531 323 2572; x_wconf 87' lang='lat' dir='ltr'>ret.</span> <span class='ocrx_word' id='word_1_141' title='bbox 356 2523 430 2570; x_wconf 77' lang='lat' dir='ltr'>Pueri</span> <span class='ocrx_word' id='word_1_142' title='bbox 447 2533 514 2586; x_wconf 78' lang='lat' dir='ltr'>atque</span> <span class='ocrx_word' id='word_1_143' title='bbox 530 2525 628 2586; x_wconf 72' lang='lat' dir='ltr'>puelle:</span> <span class='ocrx_word' id='word_1_144' title='bbox 649 2524 694 2573; x_wconf 83' lang='lat' dir='ltr'>ins.</span> <span class='ocrx_word' id='word_1_145' title='bbox 710 2526 761 2573; x_wconf 84' lang='lat' dir='ltr'>Sat.</span> <span class='ocrx_word' id='word_1_146' title='bbox 772 2524 799 2580; x_wconf 93' lang='lat' dir='ltr'>ii,</span> <span class='ocrx_word' id='word_1_147' title='bbox 812 2525 837 2582; x_wconf 83' lang='lat'>3,</span> <span class='ocrx_word' id='word_1_148' title='bbox 862 2523 953 2587; x_wconf 76' lang='lat' dir='ltr'>fabata</span> <span class='ocrx_word' id='word_1_149' title='bbox 973 2523 1103 2588; x_wconf 77' lang='lat' dir='ltr'>(nanafio)</span> <span class='ocrx_word' id='word_1_150' title='bbox 1120 2522 1200 2589; x_wconf 83' lang='lat' dir='ltr'>inepte</span> <span class='ocrx_word' id='word_1_151' title='bbox 1216 2521 1358 2572; x_wconf 85' lang='lat' dir='ltr'>senteutiam</span> <span class='ocrx_word' id='word_1_152' title='bbox 1376 2524 1431 2572; x_wconf 85' lang='lat' dir='ltr'>tini·</span> 
     </span>
     <span class='ocr_line' id='line_1_23' title="bbox 280 2585 1432 2664; baseline 0.003 -29"><span class='ocrx_word' id='word_1_153' title='bbox 280 2589 336 2645; x_wconf 81' lang='grc'><strong>130,</strong></span> <span class='ocrx_word' id='word_1_154' title='bbox 352 2585 462 2636; x_wconf 68' lang='lat' dir='ltr'>lassaron</span> <span class='ocrx_word' id='word_1_155' title='bbox 477 2598 499 2636; x_wconf 83' lang='lat' dir='ltr'>ts</span> <span class='ocrx_word' id='word_1_156' title='bbox 515 2604 589 2635; x_wconf 80' lang='lat' dir='ltr'>omncs</span> <span class='ocrx_word' id='word_1_157' title='bbox 607 2591 675 2650; x_wconf 83' lang='lat' dir='ltr'>pueri</span> <span class='ocrx_word' id='word_1_158' title='bbox 694 2591 839 2653; x_wconf 76' lang='lat' dir='ltr'>clamatque</span> <span class='ocrx_word' id='word_1_159' title='bbox 870 2595 930 2650; x_wconf 77' lang='lat' dir='ltr'>uut3</span> <span class='ocrx_word' id='word_1_160' title='bbox 947 2587 1058 2664; x_wconf 79' lang='lat' dir='ltr'>denique,</span> <span class='ocrx_word' id='word_1_161' title='bbox 1077 2589 1098 2638; x_wconf 88' lang='lat' dir='ltr'>si</span> <span class='ocrx_word' id='word_1_162' title='bbox 1115 2587 1230 2637; x_wconf 84' lang='lat' dir='ltr'>Horatius</span> <span class='ocrx_word' id='word_1_163' title='bbox 1247 2585 1294 2634; x_wconf 78' lang='lat' dir='ltr'>tam</span> <span class='ocrx_word' id='word_1_164' title='bbox 1313 2586 1432 2638; x_wconf 82' lang='lat' dir='ltr'>omisisset</span> 
     </span>
     <span class='ocr_line' id='line_1_24' title="bbox 274 2650 1432 2718; baseline 0 -17"><span class='ocrx_word' id='word_1_165' title='bbox 274 2654 366 2714; x_wconf 77' lang='lat' dir='ltr'>puella.</span> <span class='ocrx_word' id='word_1_166' title='bbox 869 2652 901 2702; x_wconf 84' lang='lat' dir='ltr'>ad</span> <span class='ocrx_word' id='word_1_167' title='bbox 921 2656 992 2711; x_wconf 76' lang='lat' dir='ltr'>diors,</span> <span class='ocrx_word' id='word_1_168' title='bbox 1012 2654 1077 2702; x_wconf 80' lang='lat' dir='ltr'>idem</span> <span class='ocrx_word' id='word_1_169' title='bbox 1098 2653 1202 2718; x_wconf 84' lang='lat' dir='ltr'>prolecto</span> <span class='ocrx_word' id='word_1_170' title='bbox 1223 2656 1257 2701; x_wconf 85' lang='lat' dir='ltr'>ita</span> <span class='ocrx_word' id='word_1_171' title='bbox 1276 2650 1306 2699; x_wconf 87' lang='lat' dir='ltr'>ad</span> <span class='ocrx_word' id='word_1_172' title='bbox 1323 2655 1432 2701; x_wconf 78' lang='lat' dir='ltr'>sordidus</span> 
     </span>
    </p>

    <p class='ocr_par' dir='ltr' id='par_1_4' title="bbox 277 2714 1429 2846">
     <span class='ocr_line' id='line_1_25' title="bbox 310 2714 1429 2790; baseline 0 -26"><span class='ocrx_word' id='word_1_173' title='bbox 310 2718 352 2765; x_wconf 81' lang='grc'>89.</span> <span class='ocrx_word' id='word_1_174' title='bbox 370 2715 408 2763; x_wconf 78' lang='lat' dir='ltr'>An</span> <span class='ocrx_word' id='word_1_175' title='bbox 418 2719 465 2763; x_wconf 80' lang='lat' dir='ltr'>stc:</span> <span class='ocrx_word' id='word_1_176' title='bbox 482 2714 560 2778; x_wconf 82' lang='lat' dir='ltr'>recepi</span> <span class='ocrx_word' id='word_1_177' title='bbox 574 2714 711 2773; x_wconf 84' lang='lat' dir='ltr'>lectionem,</span> <span class='ocrx_word' id='word_1_178' title='bbox 721 2733 794 2790; x_wconf 83' lang='lat' dir='ltr'>quarn</span> <span class='ocrx_word' id='word_1_179' title='bbox 806 2716 837 2766; x_wconf 89' lang='lat' dir='ltr'>ad</span> <span class='ocrx_word' id='word_1_180' title='bbox 868 2718 1000 2767; x_wconf 70' lang='lat' dir='ltr'>omissum·</span> <span class='ocrx_word' id='word_1_181' title='bbox 1018 2717 1110 2766; x_wconf 70' lang='lat' dir='ltr'>tutam.</span> <span class='ocrx_word' id='word_1_182' title='bbox 1146 2718 1202 2766; x_wconf 76' lang='lat' dir='ltr'>Tam</span> <span class='ocrx_word' id='word_1_183' title='bbox 1220 2719 1348 2770; x_wconf 75' lang='lat' dir='ltr'>dives—at,</span> <span class='ocrx_word' id='word_1_184' title='bbox 1361 2725 1390 2765; x_wconf 92' lang='lat' dir='ltr'>ut</span> <span class='ocrx_word' id='word_1_185' title='bbox 1404 2733 1429 2765; x_wconf 81' lang='lat' dir='ltr'>v.</span> 
     </span>
     <span class='ocr_line' id='line_1_26' title="bbox 277 2778 1116 2846; baseline 0.002 -19"><span class='ocrx_word' id='word_1_186' title='bbox 277 2778 348 2829; x_wconf 86' lang='lat' dir='ltr'>fidem</span> <span class='ocrx_word' id='word_1_187' title='bbox 376 2780 545 2829; x_wconf 85' lang='lat' dir='ltr'>nonnullorum</span> <span class='ocrx_word' id='word_1_188' title='bbox 577 2779 656 2829; x_wconf 86' lang='lat' dir='ltr'>Codd.</span> <span class='ocrx_word' id='word_1_189' title='bbox 683 2779 748 2831; x_wconf 81' lang='lat' dir='ltr'>dedit</span> <span class='ocrx_word' id='word_1_190' title='bbox 778 2783 836 2832; x_wconf 73' lang='lat' dir='ltr'>Fen.</span> <span class='ocrx_word' id='word_1_191' title='bbox 868 2782 910 2837; x_wconf 78' lang='lat'>22,</span> <span class='ocrx_word' id='word_1_192' title='bbox 923 2781 1116 2846; x_wconf 69' lang='lat' dir='ltr'>tamsociliaut.</span> 
     </span>
    </p>

    <p class='ocr_par' dir='ltr' id='par_1_5' title="bbox 275 2841 1430 3040">
     <span class='ocr_line' id='line_1_27' title="bbox 279 2841 1430 2909; baseline 0.002 -16"><span class='ocrx_word' id='word_1_193' title='bbox 279 2844 360 2907; x_wconf 81' lang='lat' dir='ltr'>Vulgo</span> <span class='ocrx_word' id='word_1_194' title='bbox 378 2845 503 2908; x_wconf 83' lang='lat' dir='ltr'>legebatur</span> <span class='ocrx_word' id='word_1_195' title='bbox 519 2846 554 2892; x_wconf 82' lang='lat' dir='ltr'>Ac</span> <span class='ocrx_word' id='word_1_196' title='bbox 568 2846 597 2900; x_wconf 75' lang='grc' dir='ltr'>εἰ,</span> <span class='ocrx_word' id='word_1_197' title='bbox 614 2845 653 2893; x_wconf 85' lang='lat' dir='ltr'>vel</span> <span class='ocrx_word' id='word_1_198' title='bbox 669 2847 707 2893; x_wconf 83' lang='lat' dir='ltr'>An</span> <span class='ocrx_word' id='word_1_199' title='bbox 726 2848 754 2895; x_wconf 81' lang='lat' dir='ltr'>ri.</span> <span class='ocrx_word' id='word_1_200' title='bbox 787 2848 835 2904; x_wconf 82' lang='lat' dir='ltr'>Sic,</span> <span class='ocrx_word' id='word_1_201' title='bbox 900 2846 942 2894; x_wconf 85' lang='lat'>99.</span> <span class='ocrx_word' id='word_1_202' title='bbox 957 2846 1062 2903; x_wconf 71' lang='lat' dir='ltr'>Liber-ta,</span> <span class='ocrx_word' id='word_1_203' title='bbox 1073 2860 1145 2909; x_wconf 85' lang='lat' dir='ltr'>quam</span> <span class='ocrx_word' id='word_1_204' title='bbox 1157 2841 1237 2893; x_wconf 82' lang='lat' dir='ltr'>uxoria</span> <span class='ocrx_word' id='word_1_205' title='bbox 1251 2843 1305 2893; x_wconf 88' lang='lat' dir='ltr'>loco</span> <span class='ocrx_word' id='word_1_206' title='bbox 1316 2843 1430 2895; x_wconf 84' lang='lat' dir='ltr'>habuisse</span> 
     </span>
     <span class='ocr_line' id='line_1_28' title="bbox 275 2907 1116 2975; baseline 0.002 -18"><span class='ocrx_word' id='word_1_207' title='bbox 275 2908 357 2958; x_wconf 88' lang='lat' dir='ltr'>omnia</span> <span class='ocrx_word' id='word_1_208' title='bbox 379 2918 477 2973; x_wconf 85' lang='lat' dir='ltr'>argento</span> <span class='ocrx_word' id='word_1_209' title='bbox 498 2908 669 2975; x_wconf 85' lang='lat' dir='ltr'>postponendo.</span> <span class='ocrx_word' id='word_1_210' title='bbox 703 2910 777 2959; x_wconf 82' lang='lat' dir='ltr'>Nullo</span> <span class='ocrx_word' id='word_1_211' title='bbox 799 2912 835 2958; x_wconf 76' lang='lat' dir='ltr'>lo·</span> <span class='ocrx_word' id='word_1_212' title='bbox 867 2907 960 2958; x_wconf 83' lang='lat' dir='ltr'>videtur</span> <span class='ocrx_word' id='word_1_213' title='bbox 972 2909 1116 2959; x_wconf 84' lang='lat' dir='ltr'>Ummidius.</span> 
     </span>
     <span class='ocr_line' id='line_1_29' title="bbox 276 2971 1430 3040; baseline -0.002 -19"><span class='ocrx_word' id='word_1_214' title='bbox 276 2974 440 3040; x_wconf 79' lang='lat' dir='ltr'>borc,spoute.</span> <span class='ocrx_word' id='word_1_215' title='bbox 901 2975 958 3023; x_wconf 89' lang='grc'><strong>100.</strong></span> <span class='ocrx_word' id='word_1_216' title='bbox 977 2974 1112 3023; x_wconf 73' lang='lat' dir='ltr'>For-tissima</span> <span class='ocrx_word' id='word_1_217' title='bbox 1133 2972 1332 3037; x_wconf 76' lang='lat' dir='ltr'>Tyndaridarum,</span> <span class='ocrx_word' id='word_1_218' title='bbox 1355 2971 1430 3020; x_wconf 82' lang='lat' dir='ltr'>altera</span> 
     </span>
    </p>

    <p class='ocr_par' dir='ltr' id='par_1_6' title="bbox 273 3034 1428 3295">
     <span class='ocr_line' id='line_1_30' title="bbox 308 3034 1427 3113; baseline -0.004 -26"><span class='ocrx_word' id='word_1_219' title='bbox 308 3040 350 3087; x_wconf 88' lang='grc'>90.</span> <span class='ocrx_word' id='word_1_220' title='bbox 367 3040 455 3104; x_wconf 76' lang='lat' dir='ltr'>inseiis</span> <span class='ocrx_word' id='word_1_221' title='bbox 471 3053 561 3098; x_wconf 81' lang='lat' dir='ltr'>operam</span> <span class='ocrx_word' id='word_1_222' title='bbox 574 3041 668 3101; x_wconf 69' lang='lat' dir='ltr'>perdam</span> <span class='ocrx_word' id='word_1_223' title='bbox 688 3039 793 3104; x_wconf 84' lang='lat' dir='ltr'>profecto</span> <span class='ocrx_word' id='word_1_224' title='bbox 810 3037 836 3087; x_wconf 89' lang='lat' dir='ltr'>id</span> <span class='ocrx_word' id='word_1_225' title='bbox 868 3036 1051 3101; x_wconf 64' lang='lat' dir='ltr'>clytemnestra</span> <span class='ocrx_word' id='word_1_226' title='bbox 1061 3036 1139 3113; x_wconf 81' lang='lat' dir='ltr'>(quod</span> <span class='ocrx_word' id='word_1_227' title='bbox 1153 3034 1264 3085; x_wconf 90' lang='lat' dir='ltr'>maritum</span> <span class='ocrx_word' id='word_1_228' title='bbox 1278 3052 1349 3083; x_wconf 90' lang='lat' dir='ltr'>suum</span> <span class='ocrx_word' id='word_1_229' title='bbox 1361 3037 1427 3095; x_wconf 75' lang='lat' dir='ltr'>Aga·</span> 
     </span>
     <span class='ocr_line' id='line_1_31' title="bbox 275 3099 1428 3168; baseline -0.003 -17"><span class='ocrx_word' id='word_1_230' title='bbox 275 3116 416 3168; x_wconf 78' lang='lat' dir='ltr'>aquevano</span> <span class='ocrx_word' id='word_1_231' title='bbox 431 3111 455 3152; x_wconf 92' lang='lat' dir='ltr'>et</span> <span class='ocrx_word' id='word_1_232' title='bbox 469 3102 565 3151; x_wconf 77' lang='lat' dir='ltr'>infelice</span> <span class='ocrx_word' id='word_1_233' title='bbox 581 3104 661 3151; x_wconf 80' lang='lat' dir='ltr'>studio</span> <span class='ocrx_word' id='word_1_234' title='bbox 677 3113 749 3152; x_wconf 77' lang='lat' dir='ltr'>tentes</span> <span class='ocrx_word' id='word_1_235' title='bbox 764 3102 835 3151; x_wconf 85' lang='lat' dir='ltr'>velia·</span> <span class='ocrx_word' id='word_1_236' title='bbox 868 3116 1019 3151; x_wconf 84' lang='lat' dir='ltr'>memnonem</span> <span class='ocrx_word' id='word_1_237' title='bbox 1041 3102 1152 3165; x_wconf 79' lang='lat' dir='ltr'>occidit),</span> <span class='ocrx_word' id='word_1_238' title='bbox 1173 3099 1302 3149; x_wconf 75' lang='lat' dir='ltr'>fortissima</span> <span class='ocrx_word' id='word_1_239' title='bbox 1320 3099 1428 3148; x_wconf 85' lang='lat' dir='ltr'>omnium</span> 
     </span>
     <span class='ocr_line' id='line_1_32' title="bbox 274 3164 1428 3231; baseline -0.002 -16"><span class='ocrx_word' id='word_1_240' title='bbox 274 3184 332 3231; x_wconf 89' lang='lat' dir='ltr'>que,</span> <span class='ocrx_word' id='word_1_241' title='bbox 350 3184 378 3218; x_wconf 89' lang='lat' dir='ltr'>ac</span> <span class='ocrx_word' id='word_1_242' title='bbox 395 3166 495 3231; x_wconf 82' lang='lat' dir='ltr'>siquis,</span> <span class='ocrx_word' id='word_1_243' title='bbox 513 3174 570 3216; x_wconf 89' lang='lat' dir='ltr'>cett.</span> <span class='ocrx_word' id='word_1_244' title='bbox 597 3168 720 3217; x_wconf 81' lang='lat' dir='ltr'>Parentem</span> <span class='ocrx_word' id='word_1_245' title='bbox 729 3167 833 3231; x_wconf 56' lang='lat' dir='ltr'>fricatu</span> <span class='ocrx_word' id='word_1_246' title='bbox 867 3164 993 3214; x_wconf 85' lang='lat' dir='ltr'>liberorum</span> <span class='ocrx_word' id='word_1_247' title='bbox 1001 3165 1120 3231; x_wconf 78' lang='lat' dir='ltr'>Tyndari:</span> <span class='ocrx_word' id='word_1_248' title='bbox 1136 3166 1333 3229; x_wconf 72' lang='lat' dir='ltr'>Tyndaridarum,</span> <span class='ocrx_word' id='word_1_249' title='bbox 1342 3179 1428 3227; x_wconf 82' lang='lat' dir='ltr'>genera</span> 
     </span>
     <span class='ocr_line' id='line_1_33' title="bbox 273 3227 1425 3295; baseline -0.005 -15"><span class='ocrx_word' id='word_1_250' title='bbox 273 3234 331 3295; x_wconf 81' lang='lat' dir='ltr'>aqui</span> <span class='ocrx_word' id='word_1_251' title='bbox 342 3232 416 3289; x_wconf 87' lang='lat' dir='ltr'>enim,</span> <span class='ocrx_word' id='word_1_252' title='bbox 428 3247 476 3279; x_wconf 85' lang='lat' dir='ltr'>non</span> <span class='ocrx_word' id='word_1_253' title='bbox 488 3228 558 3285; x_wconf 86' lang='lat' dir='ltr'>asini,</span> <span class='ocrx_word' id='word_1_254' title='bbox 568 3240 652 3295; x_wconf 84' lang='lat' dir='ltr'>parent</span> <span class='ocrx_word' id='word_1_255' title='bbox 662 3231 750 3280; x_wconf 77' lang='lat' dir='ltr'>tranis.</span> <span class='ocrx_word' id='word_1_256' title='bbox 867 3228 964 3292; x_wconf 87' lang='lat' dir='ltr'>quidem</span> <span class='ocrx_word' id='word_1_257' title='bbox 978 3229 1121 3289; x_wconf 82' lang='lat' dir='ltr'>masculino,</span> <span class='ocrx_word' id='word_1_258' title='bbox 1132 3238 1160 3278; x_wconf 90' lang='lat' dir='ltr'>ut</span> <span class='ocrx_word' id='word_1_259' title='bbox 1169 3230 1278 3277; x_wconf 85' lang='lat' dir='ltr'>observat</span> <span class='ocrx_word' id='word_1_260' title='bbox 1293 3227 1425 3283; x_wconf 77' lang='lat' dir='ltr'>Bentleius,</span> 
     </span>
    </p>

    <p class='ocr_par' dir='ltr' id='par_1_7' title="bbox 275 3290 1426 3425">
     <span class='ocr_line' id='line_1_34' title="bbox 306 3290 1426 3359; baseline -0.002 -16"><span class='ocrx_word' id='word_1_261' title='bbox 306 3298 348 3343; x_wconf 80' lang='lat'>92.</span> <span class='ocrx_word' id='word_1_262' title='bbox 361 3298 492 3351; x_wconf 73' lang='lat' dir='ltr'>Quarertdi.</span> <span class='ocrx_word' id='word_1_263' title='bbox 500 3294 682 3357; x_wconf 79' lang='lat' dir='ltr'>querendarum</span> <span class='ocrx_word' id='word_1_264' title='bbox 690 3294 834 3343; x_wconf 84' lang='lat' dir='ltr'>divitiarum.</span> <span class='ocrx_word' id='word_1_265' title='bbox 867 3294 909 3343; x_wconf 84' lang='lat' dir='ltr'>sed</span> <span class='ocrx_word' id='word_1_266' title='bbox 932 3294 1058 3359; x_wconf 85' lang='lat' dir='ltr'>utriusque</span> <span class='ocrx_word' id='word_1_267' title='bbox 1080 3309 1151 3343; x_wconf 81' lang='lat' dir='ltr'>serus</span> <span class='ocrx_word' id='word_1_268' title='bbox 1178 3293 1272 3349; x_wconf 86' lang='lat' dir='ltr'>liberos,</span> <span class='ocrx_word' id='word_1_269' title='bbox 1294 3301 1342 3340; x_wconf 87' lang='lat' dir='ltr'>tam</span> <span class='ocrx_word' id='word_1_270' title='bbox 1365 3290 1426 3341; x_wconf 78' lang='lat' dir='ltr'>filias</span> 
     </span>
     <span class='ocr_line' id='line_1_35' title="bbox 275 3356 1425 3425; baseline -0.001 -20"><span class='ocrx_word' id='word_1_271' title='bbox 275 3357 384 3407; x_wconf 79' lang='lat' dir='ltr'>Laborem</span> <span class='ocrx_word' id='word_1_272' title='bbox 396 3359 422 3406; x_wconf 89' lang='lat' dir='ltr'>iu</span> <span class='ocrx_word' id='word_1_273' title='bbox 432 3356 575 3420; x_wconf 80' lang='lat' dir='ltr'>colligendis</span> <span class='ocrx_word' id='word_1_274' title='bbox 584 3357 673 3407; x_wconf 86' lang='lat' dir='ltr'>divitiis</span> <span class='ocrx_word' id='word_1_275' title='bbox 684 3358 795 3423; x_wconf 86' lang='lat' dir='ltr'>positum.</span> <span class='ocrx_word' id='word_1_276' title='bbox 865 3372 938 3422; x_wconf 88' lang='lat' dir='ltr'>quam</span> <span class='ocrx_word' id='word_1_277' title='bbox 946 3358 1016 3414; x_wconf 85' lang='lat' dir='ltr'>lilios,</span> <span class='ocrx_word' id='word_1_278' title='bbox 1022 3359 1209 3425; x_wconf 85' lang='lat' dir='ltr'>complectente:</span> <span class='ocrx_word' id='word_1_279' title='bbox 1227 3358 1306 3405; x_wconf 71' lang='lat' dir='ltr'>divisit</span> <span class='ocrx_word' id='word_1_280' title='bbox 1318 3358 1425 3414; x_wconf 73' lang='lat' dir='ltr'>median,</span> 
     </span>
    </p>

    <p class='ocr_par' dir='ltr' id='par_1_8' title="bbox 306 3422 1150 3487">
     <span class='ocr_line' id='line_1_36' title="bbox 306 3422 1150 3487; baseline 0.002 -18"><span class='ocrx_word' id='word_1_281' title='bbox 306 3424 348 3470; x_wconf 78' lang='grc'>94.</span> <span class='ocrx_word' id='word_1_282' title='bbox 366 3424 446 3479; x_wconf 81' lang='lat' dir='ltr'>Porto,</span> <span class='ocrx_word' id='word_1_283' title='bbox 458 3437 494 3469; x_wconf 90' lang='lat' dir='ltr'>sc.</span> <span class='ocrx_word' id='word_1_284' title='bbox 505 3436 543 3469; x_wconf 85' lang='lat' dir='ltr'>eo.</span> <span class='ocrx_word' id='word_1_285' title='bbox 865 3437 907 3487; x_wconf 88' lang='lat' dir='ltr'>pro</span> <span class='ocrx_word' id='word_1_286' title='bbox 919 3422 1021 3486; x_wconf 86' lang='lat' dir='ltr'>vulgari,</span> <span class='ocrx_word' id='word_1_287' title='bbox 1030 3426 1150 3485; x_wconf 78' lang='lat' dir='ltr'>percurrit.</span> 
     </span>
    </p>

    <p class='ocr_par' dir='ltr' id='par_1_9' title="bbox 270 3482 1427 4449">
     <span class='ocr_line' id='line_1_37' title="bbox 305 3482 1425 3549; baseline -0.003 -15"><span class='ocrx_word' id='word_1_288' title='bbox 305 3487 347 3534; x_wconf 84' lang='grc'>95.</span> <span class='ocrx_word' id='word_1_289' title='bbox 366 3485 468 3549; x_wconf 84' lang='lat' dir='ltr'>Rejecta</span> <span class='ocrx_word' id='word_1_290' title='bbox 478 3482 573 3547; x_wconf 84' lang='lat' dir='ltr'>vulgari</span> <span class='ocrx_word' id='word_1_291' title='bbox 587 3482 690 3534; x_wconf 82' lang='lat' dir='ltr'>lectione</span> <span class='ocrx_word' id='word_1_292' title='bbox 704 3486 834 3536; x_wconf 75' lang='lat' dir='ltr'>Ummidius</span> <span class='ocrx_word' id='word_1_293' title='bbox 901 3488 956 3534; x_wconf 90' lang='lat'>101.</span> <span class='ocrx_word' id='word_1_294' title='bbox 979 3486 1011 3535; x_wconf 85' lang='lat' dir='ltr'>Ut</span> <span class='ocrx_word' id='word_1_295' title='bbox 1022 3491 1097 3535; x_wconf 70' lang='lat' dir='ltr'>noum</span> <span class='ocrx_word' id='word_1_296' title='bbox 1108 3487 1215 3541; x_wconf 58' lang='lat' dir='ltr'>Matius,</span> <span class='ocrx_word' id='word_1_297' title='bbox 1224 3494 1267 3532; x_wconf 81' lang='grc' dir='ltr'>αιιι</span> <span class='ocrx_word' id='word_1_298' title='bbox 1278 3488 1319 3540; x_wconf 84' lang='lat' dir='ltr'>n&#39;c,</span> <span class='ocrx_word' id='word_1_299' title='bbox 1332 3482 1364 3531; x_wconf 89' lang='lat' dir='ltr'>Ut</span> <span class='ocrx_word' id='word_1_300' title='bbox 1377 3482 1425 3531; x_wconf 78' lang='lat' dir='ltr'>No·</span> 
     </span>
     <span class='ocr_line' id='line_1_38' title="bbox 272 3546 1425 3615; baseline -0.002 -18"><span class='ocrx_word' id='word_1_301' title='bbox 272 3552 375 3612; x_wconf 77' lang='lat' dir='ltr'>quidam,</span> <span class='ocrx_word' id='word_1_302' title='bbox 388 3549 442 3599; x_wconf 90' lang='lat' dir='ltr'>dedi</span> <span class='ocrx_word' id='word_1_303' title='bbox 457 3562 509 3597; x_wconf 87' lang='lat' dir='ltr'>eam</span> <span class='ocrx_word' id='word_1_304' title='bbox 527 3562 636 3612; x_wconf 72' lang='lat' dir='ltr'>quamn</span> <span class='ocrx_word' id='word_1_305' title='bbox 653 3548 763 3598; x_wconf 86' lang='lat' dir='ltr'>Bentleio</span> <span class='ocrx_word' id='word_1_306' title='bbox 779 3566 833 3615; x_wconf 90' lang='lat' dir='ltr'>pro·</span> <span class='ocrx_word' id='word_1_307' title='bbox 865 3553 1002 3599; x_wconf 76' lang='lat' dir='ltr'>montanas?</span> <span class='ocrx_word' id='word_1_308' title='bbox 1019 3550 1137 3599; x_wconf 80' lang='lat' dir='ltr'>suadesne</span> <span class='ocrx_word' id='word_1_309' title='bbox 1156 3548 1224 3606; x_wconf 89' lang='lat' dir='ltr'>mihi,</span> <span class='ocrx_word' id='word_1_310' title='bbox 1243 3559 1269 3597; x_wconf 89' lang='lat' dir='ltr'>ut</span> <span class='ocrx_word' id='word_1_311' title='bbox 1284 3563 1336 3613; x_wconf 84' lang='lat' dir='ltr'>ego,</span> <span class='ocrx_word' id='word_1_312' title='bbox 1354 3546 1425 3596; x_wconf 87' lang='lat' dir='ltr'>sicuti</span> 
     </span>
     <span class='ocr_line' id='line_1_39' title="bbox 274 3610 1427 3679; baseline -0.001 -19"><span class='ocrx_word' id='word_1_313' title='bbox 274 3613 383 3677; x_wconf 85' lang='lat' dir='ltr'>positam,</span> <span class='ocrx_word' id='word_1_314' title='bbox 391 3614 442 3678; x_wconf 88' lang='lat' dir='ltr'>jam</span> <span class='ocrx_word' id='word_1_315' title='bbox 457 3614 506 3661; x_wconf 81' lang='lat' dir='ltr'>Fea</span> <span class='ocrx_word' id='word_1_316' title='bbox 522 3612 547 3661; x_wconf 91' lang='lat' dir='ltr'>iu</span> <span class='ocrx_word' id='word_1_317' title='bbox 564 3620 652 3660; x_wconf 77' lang='lat' dir='ltr'>tartum</span> <span class='ocrx_word' id='word_1_318' title='bbox 670 3614 773 3679; x_wconf 87' lang='lat' dir='ltr'>recepit;</span> <span class='ocrx_word' id='word_1_319' title='bbox 789 3615 832 3663; x_wconf 79' lang='lat' dir='ltr'>sed</span> <span class='ocrx_word' id='word_1_320' title='bbox 864 3615 972 3663; x_wconf 81' lang='lat' dir='ltr'>Meuius</span> <span class='ocrx_word' id='word_1_321' title='bbox 993 3623 1036 3663; x_wconf 85' lang='lat' dir='ltr'>aut</span> <span class='ocrx_word' id='word_1_322' title='bbox 1057 3616 1224 3663; x_wconf 80' lang='lat' dir='ltr'>Nomentanus</span> <span class='ocrx_word' id='word_1_323' title='bbox 1239 3612 1334 3660; x_wconf 76' lang='lat' dir='ltr'>vivam!</span> <span class='ocrx_word' id='word_1_324' title='bbox 1368 3610 1427 3661; x_wconf 85' lang='lat' dir='ltr'>Vita</span> 
     </span>
     <span class='ocr_line' id='line_1_40' title="bbox 273 3674 1425 3742; baseline -0.003 -17"><span class='ocrx_word' id='word_1_325' title='bbox 273 3677 341 3741; x_wconf 84' lang='lat' dir='ltr'>posui</span> <span class='ocrx_word' id='word_1_326' title='bbox 361 3686 415 3742; x_wconf 86' lang='lat' dir='ltr'>post</span> <span class='ocrx_word' id='word_1_327' title='bbox 432 3680 481 3741; x_wconf 80' lang='lat' dir='ltr'>qui,</span> <span class='ocrx_word' id='word_1_328' title='bbox 498 3676 563 3741; x_wconf 87' lang='lat' dir='ltr'>quod</span> <span class='ocrx_word' id='word_1_329' title='bbox 581 3676 727 3727; x_wconf 80' lang='lat' dir='ltr'>referendum</span> <span class='ocrx_word' id='word_1_330' title='bbox 747 3686 784 3729; x_wconf 88' lang='lat' dir='ltr'>est</span> <span class='ocrx_word' id='word_1_331' title='bbox 801 3679 831 3729; x_wconf 90' lang='lat' dir='ltr'>ad</span> <span class='ocrx_word' id='word_1_332' title='bbox 864 3677 986 3727; x_wconf 85' lang='lat' dir='ltr'>luxuriosa</span> <span class='ocrx_word' id='word_1_333' title='bbox 1001 3678 1109 3727; x_wconf 87' lang='lat' dir='ltr'>homiues</span> <span class='ocrx_word' id='word_1_334' title='bbox 1119 3678 1159 3727; x_wconf 85' lang='lat' dir='ltr'>isti</span> <span class='ocrx_word' id='word_1_335' title='bbox 1168 3678 1232 3727; x_wconf 87' lang='lat' dir='ltr'>bona</span> <span class='ocrx_word' id='word_1_336' title='bbox 1240 3692 1287 3725; x_wconf 84' lang='lat' dir='ltr'>sua</span> <span class='ocrx_word' id='word_1_337' title='bbox 1297 3674 1425 3739; x_wconf 79' lang='lat' dir='ltr'>abligurie-</span> 
     </span>
     <span class='ocr_line' id='line_1_41' title="bbox 272 3738 1425 3807; baseline -0.003 -17"><span class='ocrx_word' id='word_1_338' title='bbox 272 3744 395 3799; x_wconf 77' lang='lat' dir='ltr'>metusbm,</span> <span class='ocrx_word' id='word_1_339' title='bbox 417 3741 593 3790; x_wconf 82' lang='lat' dir='ltr'>distinctionem</span> <span class='ocrx_word' id='word_1_340' title='bbox 619 3740 753 3801; x_wconf 65' lang='lat' dir='ltr'>minorem</span> <span class='ocrx_word' id='word_1_341' title='bbox 781 3747 831 3806; x_wconf 79' lang='lat' dir='ltr'>qai,</span> <span class='ocrx_word' id='word_1_342' title='bbox 863 3751 932 3802; x_wconf 79' lang='lat' dir='ltr'>rant3</span> <span class='ocrx_word' id='word_1_343' title='bbox 949 3742 1044 3791; x_wconf 79' lang='lat' dir='ltr'>luerunt</span> <span class='ocrx_word' id='word_1_344' title='bbox 1058 3743 1130 3807; x_wconf 85' lang='lat' dir='ltr'>igitur</span> <span class='ocrx_word' id='word_1_345' title='bbox 1145 3750 1250 3807; x_wconf 80' lang='lat' dir='ltr'>nepotes,</span> <span class='ocrx_word' id='word_1_346' title='bbox 1263 3754 1375 3803; x_wconf 83' lang='lat' dir='ltr'>nequam,</span> <span class='ocrx_word' id='word_1_347' title='bbox 1386 3738 1425 3787; x_wconf 83' lang='lat' dir='ltr'>vel</span> 
     </span>
     <span class='ocr_line' id='line_1_42' title="bbox 272 3805 1425 3879; baseline -0.004 -24"><span class='ocrx_word' id='word_1_348' title='bbox 272 3806 382 3869; x_wconf 87' lang='lat' dir='ltr'>quamvis</span> <span class='ocrx_word' id='word_1_349' title='bbox 399 3817 446 3855; x_wconf 82' lang='lat' dir='ltr'>tum</span> <span class='ocrx_word' id='word_1_350' title='bbox 460 3808 530 3863; x_wconf 76' lang='lat' dir='ltr'>diors,</span> <span class='ocrx_word' id='word_1_351' title='bbox 543 3814 571 3854; x_wconf 91' lang='lat' dir='ltr'>ut</span> <span class='ocrx_word' id='word_1_352' title='bbox 583 3822 692 3855; x_wconf 83' lang='lat' dir='ltr'>nummos</span> <span class='ocrx_word' id='word_1_353' title='bbox 704 3808 833 3865; x_wconf 83' lang='lat' dir='ltr'>metiretur,</span> <span class='ocrx_word' id='word_1_354' title='bbox 864 3815 892 3854; x_wconf 86' lang='lat' dir='ltr'>ut</span> <span class='ocrx_word' id='word_1_355' title='bbox 910 3807 1023 3855; x_wconf 84' lang='lat' dir='ltr'>Horatius</span> <span class='ocrx_word' id='word_1_356' title='bbox 1039 3822 1081 3855; x_wconf 87' lang='lat' dir='ltr'>eos</span> <span class='ocrx_word' id='word_1_357' title='bbox 1096 3824 1120 3855; x_wconf 88' lang='lat' dir='ltr'>v.</span> <span class='ocrx_word' id='word_1_358' title='bbox 1134 3808 1189 3863; x_wconf 86' lang='lat'>104,</span> <span class='ocrx_word' id='word_1_359' title='bbox 1205 3823 1221 3853; x_wconf 89' lang='lat' dir='ltr'>a</span> <span class='ocrx_word' id='word_1_360' title='bbox 1234 3805 1318 3879; x_wconf 86' lang='lat' dir='ltr'>pellat,</span> <span class='ocrx_word' id='word_1_361' title='bbox 1336 3820 1425 3865; x_wconf 76' lang='lat' dir='ltr'>tuppae,</span> 
     </span>
     <span class='ocr_line' id='line_1_43' title="bbox 272 3867 1424 3933; baseline -0.004 -14"><span class='ocrx_word' id='word_1_362' title='bbox 272 3878 321 3919; x_wconf 87' lang='lat' dir='ltr'>tam</span> <span class='ocrx_word' id='word_1_363' title='bbox 338 3886 430 3927; x_wconf 86' lang='lat' dir='ltr'>avarus,</span> <span class='ocrx_word' id='word_1_364' title='bbox 443 3878 471 3918; x_wconf 92' lang='lat' dir='ltr'>ut</span> <span class='ocrx_word' id='word_1_365' title='bbox 485 3886 607 3933; x_wconf 87' lang='lat' dir='ltr'>uunquam</span> <span class='ocrx_word' id='word_1_366' title='bbox 623 3871 709 3919; x_wconf 79' lang='lat' dir='ltr'>melius</span> <span class='ocrx_word' id='word_1_367' title='bbox 727 3886 752 3919; x_wconf 90' lang='lat' dir='ltr'>se</span> <span class='ocrx_word' id='word_1_368' title='bbox 767 3887 834 3921; x_wconf 78' lang='lat' dir='ltr'>servo</span> <span class='ocrx_word' id='word_1_369' title='bbox 864 3872 994 3919; x_wconf 78' lang='lat' dir='ltr'>nebalmaes.</span> <span class='ocrx_word' id='word_1_370' title='bbox 1027 3873 1076 3919; x_wconf 91' lang='lat' dir='ltr'>Pro</span> <span class='ocrx_word' id='word_1_371' title='bbox 1093 3872 1192 3921; x_wconf 69' lang='lat' dir='ltr'>Meuius</span> <span class='ocrx_word' id='word_1_372' title='bbox 1243 3870 1350 3931; x_wconf 83' lang='lat' dir='ltr'>tlegunt</span> <span class='ocrx_word' id='word_1_373' title='bbox 1369 3867 1424 3915; x_wconf 68' lang='lat' dir='ltr'>Nc·</span> 
     </span>
     <span class='ocr_line' id='line_1_44' title="bbox 272 3931 1425 4001; baseline -0.003 -20"><span class='ocrx_word' id='word_1_374' title='bbox 272 3935 368 3984; x_wconf 82' lang='lat' dir='ltr'>vestiret</span> <span class='ocrx_word' id='word_1_375' title='bbox 375 3955 383 3997; x_wconf 90' lang='lat'>;</span> <span class='ocrx_word' id='word_1_376' title='bbox 400 3944 489 3991; x_wconf 90' lang='lat' dir='ltr'>tamen,</span> <span class='ocrx_word' id='word_1_377' title='bbox 506 3950 537 3983; x_wconf 90' lang='lat' dir='ltr'>ue</span> <span class='ocrx_word' id='word_1_378' title='bbox 548 3934 626 3984; x_wconf 86' lang='lat' dir='ltr'>victus</span> <span class='ocrx_word' id='word_1_379' title='bbox 643 3934 741 3999; x_wconf 91' lang='lat' dir='ltr'>penuria</span> <span class='ocrx_word' id='word_1_380' title='bbox 754 3936 833 4001; x_wconf 88' lang='lat' dir='ltr'>oppri·</span> <span class='ocrx_word' id='word_1_381' title='bbox 865 3938 932 3993; x_wconf 76' lang='lat' dir='ltr'>vim,-</span> <span class='ocrx_word' id='word_1_382' title='bbox 949 3936 991 3984; x_wconf 89' lang='lat' dir='ltr'>sed</span> <span class='ocrx_word' id='word_1_383' title='bbox 1003 3936 1058 3999; x_wconf 87' lang='lat' dir='ltr'>quis</span> <span class='ocrx_word' id='word_1_384' title='bbox 1068 3934 1095 3983; x_wconf 89' lang='lat' dir='ltr'>iu</span> <span class='ocrx_word' id='word_1_385' title='bbox 1105 3952 1159 3984; x_wconf 87' lang='lat' dir='ltr'>vero</span> <span class='ocrx_word' id='word_1_386' title='bbox 1173 3932 1291 3999; x_wconf 85' lang='lat' dir='ltr'>ejusmodi</span> <span class='ocrx_word' id='word_1_387' title='bbox 1302 3931 1425 3979; x_wconf 87' lang='lat' dir='ltr'>hominum</span> 
     </span>
     <span class='ocr_line' id='line_1_45' title="bbox 272 3995 1425 4065; baseline -0.003 -19"><span class='ocrx_word' id='word_1_388' title='bbox 272 4000 531 4057; x_wconf 83' lang='lat' dir='ltr'>meretur,admortem</span> <span class='ocrx_word' id='word_1_389' title='bbox 543 4014 621 4063; x_wconf 87' lang='lat' dir='ltr'>usque</span> <span class='ocrx_word' id='word_1_390' title='bbox 632 4000 761 4049; x_wconf 86' lang='lat' dir='ltr'>metuebat.</span> <span class='ocrx_word' id='word_1_391' title='bbox 786 4000 834 4049; x_wconf 82' lang='lat' dir='ltr'>Sed</span> <span class='ocrx_word' id='word_1_392' title='bbox 866 3998 962 4048; x_wconf 84' lang='lat' dir='ltr'>nomine</span> <span class='ocrx_word' id='word_1_393' title='bbox 971 3999 1140 4065; x_wconf 85' lang='lat' dir='ltr'>perscmtando</span> <span class='ocrx_word' id='word_1_394' title='bbox 1152 4013 1246 4063; x_wconf 85' lang='lat' dir='ltr'>operam</span> <span class='ocrx_word' id='word_1_395' title='bbox 1257 3996 1355 4062; x_wconf 82' lang='lat' dir='ltr'>perdatl</span> <span class='ocrx_word' id='word_1_396' title='bbox 1386 3995 1425 4043; x_wconf 91' lang='lat' dir='ltr'>De</span> 
     </span>
     <span class='ocr_line' id='line_1_46' title="bbox 272 4060 1425 4127; baseline -0.004 -16"><span class='ocrx_word' id='word_1_397' title='bbox 272 4064 425 4113; x_wconf 88' lang='lat' dir='ltr'>Heindorlius</span> <span class='ocrx_word' id='word_1_398' title='bbox 436 4064 574 4113; x_wconf 72' lang='lat' dir='ltr'>samaritae</span> <span class='ocrx_word' id='word_1_399' title='bbox 583 4062 688 4113; x_wconf 80' lang='lat' dir='ltr'>defendit</span> <span class='ocrx_word' id='word_1_400' title='bbox 696 4063 831 4121; x_wconf 88' lang='lat' dir='ltr'>lectionem,</span> <span class='ocrx_word' id='word_1_401' title='bbox 865 4064 950 4124; x_wconf 63' lang='lat' dir='ltr'>Manio</span> <span class='ocrx_word' id='word_1_402' title='bbox 964 4065 997 4113; x_wconf 86' lang='lat' dir='ltr'>cl.</span> <span class='ocrx_word' id='word_1_403' title='bbox 1009 4066 1061 4112; x_wconf 90' lang='lat' dir='ltr'>Sat.</span> <span class='ocrx_word' id='word_1_404' title='bbox 1073 4064 1091 4119; x_wconf 89' lang='lat' dir='ltr'>i,</span> <span class='ocrx_word' id='word_1_405' title='bbox 1106 4064 1131 4121; x_wconf 84' lang='grc'>3,</span> <span class='ocrx_word' id='word_1_406' title='bbox 1143 4066 1175 4122; x_wconf 82' lang='grc'>4;</span> <span class='ocrx_word' id='word_1_407' title='bbox 1196 4062 1274 4127; x_wconf 81' lang='lat' dir='ltr'>Epist.</span> <span class='ocrx_word' id='word_1_408' title='bbox 1290 4060 1308 4119; x_wconf 89' lang='lat' dir='ltr'>i,</span> <span class='ocrx_word' id='word_1_409' title='bbox 1321 4062 1360 4113; x_wconf 87' lang='lat'>15.</span> <span class='ocrx_word' id='word_1_410' title='bbox 1377 4060 1425 4118; x_wconf 81' lang='lat'>26;</span> 
     </span>
     <span class='ocr_line' id='line_1_47' title="bbox 275 4124 1424 4193; baseline -0.004 -18"><span class='ocrx_word' id='word_1_411' title='bbox 275 4128 404 4179; x_wconf 73' lang='lat' dir='ltr'>Ummidius</span> <span class='ocrx_word' id='word_1_412' title='bbox 430 4130 533 4191; x_wconf 79' lang='lat' dir='ltr'>quidam,</span> <span class='ocrx_word' id='word_1_413' title='bbox 560 4128 715 4177; x_wconf 86' lang='lat' dir='ltr'>distinctione</span> <span class='ocrx_word' id='word_1_414' title='bbox 742 4129 832 4193; x_wconf 80' lang='lat' dir='ltr'>majore</span> <span class='ocrx_word' id='word_1_415' title='bbox 864 4128 894 4176; x_wconf 86' lang='lat' dir='ltr'>de</span> <span class='ocrx_word' id='word_1_416' title='bbox 903 4127 1047 4176; x_wconf 71' lang='lat' dir='ltr'>ilementum</span> <span class='ocrx_word' id='word_1_417' title='bbox 1057 4130 1110 4176; x_wconf 85' lang='lat' dir='ltr'>Sat.</span> <span class='ocrx_word' id='word_1_418' title='bbox 1118 4127 1136 4187; x_wconf 87' lang='lat' dir='ltr'>i,</span> <span class='ocrx_word' id='word_1_419' title='bbox 1148 4128 1227 4186; x_wconf 83' lang='lat' dir='ltr'>s,rl;</span> <span class='ocrx_word' id='word_1_420' title='bbox 1245 4128 1296 4175; x_wconf 89' lang='lat' dir='ltr'>Sat.</span> <span class='ocrx_word' id='word_1_421' title='bbox 1307 4124 1424 4183; x_wconf 79' lang='lat' dir='ltr'>ii,r,22;</span> 
     </span>
     <span class='ocr_line' id='line_1_48' title="bbox 271 4192 1061 4259; baseline -0.003 -18"><span class='ocrx_word' id='word_1_422' title='bbox 271 4192 417 4259; x_wconf 80' lang='lat' dir='ltr'>postscbula</span> <span class='ocrx_word' id='word_1_423' title='bbox 428 4192 513 4257; x_wconf 88' lang='lat' dir='ltr'>posita.</span> <span class='ocrx_word' id='word_1_424' title='bbox 547 4192 582 4241; x_wconf 81' lang='lat' dir='ltr'>At</span> <span class='ocrx_word' id='word_1_425' title='bbox 608 4192 694 4241; x_wconf 76' lang='lat' dir='ltr'>timum</span> <span class='ocrx_word' id='word_1_426' title='bbox 708 4194 830 4250; x_wconf 86' lang='lat' dir='ltr'>Horatius,</span> <span class='ocrx_word' id='word_1_427' title='bbox 864 4193 915 4241; x_wconf 87' lang='lat' dir='ltr'>Sat.</span> <span class='ocrx_word' id='word_1_428' title='bbox 928 4192 954 4248; x_wconf 89' lang='lat' dir='ltr'>ii,</span> <span class='ocrx_word' id='word_1_429' title='bbox 967 4194 1061 4250; x_wconf 79' lang='lat'>3‚224.</span> 
     </span>
     <span class='ocr_line' id='line_1_49' title="bbox 270 4211 1425 4331; baseline -0.005 -26"><span class='ocrx_word' id='word_1_430' title='bbox 270 4257 313 4319; x_wconf 92' lang='lat' dir='ltr'>qui</span> <span class='ocrx_word' id='word_1_431' title='bbox 329 4274 360 4307; x_wconf 86' lang='lat' dir='ltr'>ne</span> <span class='ocrx_word' id='word_1_432' title='bbox 375 4258 405 4306; x_wconf 88' lang='lat' dir='ltr'>ad</span> <span class='ocrx_word' id='word_1_433' title='bbox 419 4256 535 4321; x_wconf 77' lang='lat' dir='ltr'>ignobilia</span> <span class='ocrx_word' id='word_1_434' title='bbox 546 4211 641 4331; x_wconf 83' lang='lat' dir='ltr'>quidem</span> <span class='ocrx_word' id='word_1_435' title='bbox 653 4257 776 4306; x_wconf 87' lang='lat' dir='ltr'>hominum</span> <span class='ocrx_word' id='word_1_436' title='bbox 787 4273 830 4305; x_wconf 89' lang='lat' dir='ltr'>no·</span> <span class='ocrx_word' id='word_1_437' title='bbox 899 4258 954 4303; x_wconf 79' lang='lat'>102.</span> <span class='ocrx_word' id='word_1_438' title='bbox 974 4258 1055 4319; x_wconf 82' lang='lat' dir='ltr'>Pergis</span> <span class='ocrx_word' id='word_1_439' title='bbox 1066 4258 1198 4321; x_wconf 80' lang='lat' dir='ltr'>pugnantia</span> <span class='ocrx_word' id='word_1_440' title='bbox 1212 4272 1287 4303; x_wconf 81' lang='lat' dir='ltr'>secum</span> <span class='ocrx_word' id='word_1_441' title='bbox 1299 4253 1425 4301; x_wconf 76' lang='lat' dir='ltr'>Frontibus</span> 
     </span>
     <span class='ocr_line' id='line_1_50' title="bbox 270 4320 1423 4387; baseline -0.003 -20"><span class='ocrx_word' id='word_1_442' title='bbox 270 4322 336 4371; x_wconf 87' lang='lat' dir='ltr'>mina</span> <span class='ocrx_word' id='word_1_443' title='bbox 346 4337 452 4387; x_wconf 89' lang='lat' dir='ltr'>unquam</span> <span class='ocrx_word' id='word_1_444' title='bbox 464 4330 575 4387; x_wconf 84' lang='lat' dir='ltr'>apposuit</span> <span class='ocrx_word' id='word_1_445' title='bbox 585 4324 686 4384; x_wconf 80' lang='lat' dir='ltr'>quidam,</span> <span class='ocrx_word' id='word_1_446' title='bbox 697 4322 772 4370; x_wconf 87' lang='lat' dir='ltr'>multo</span> <span class='ocrx_word' id='word_1_447' title='bbox 784 4321 829 4370; x_wconf 87' lang='lat' dir='ltr'>mi·</span> <span class='ocrx_word' id='word_1_448' title='bbox 862 4322 963 4369; x_wconf 69' lang='lat' dir='ltr'>adrensis</span> <span class='ocrx_word' id='word_1_449' title='bbox 978 4322 1125 4381; x_wconf 74' lang='lat' dir='ltr'>componere?</span> <span class='ocrx_word' id='word_1_450' title='bbox 1136 4320 1214 4385; x_wconf 86' lang='lat' dir='ltr'>pergis</span> <span class='ocrx_word' id='word_1_451' title='bbox 1225 4332 1366 4383; x_wconf 87' lang='lat' dir='ltr'>componere</span> <span class='ocrx_word' id='word_1_452' title='bbox 1377 4330 1423 4371; x_wconf 81' lang='lat' dir='ltr'>res,</span> 
     </span>
     <span class='ocr_line' id='line_1_51' title="bbox 270 4382 1425 4449; baseline -0.003 -18"><span class='ocrx_word' id='word_1_453' title='bbox 270 4400 315 4433; x_wconf 79' lang='lat' dir='ltr'>nur</span> <span class='ocrx_word' id='word_1_454' title='bbox 331 4389 425 4449; x_wconf 79' lang='lat' dir='ltr'>quidam</span> <span class='ocrx_word' id='word_1_455' title='bbox 442 4385 593 4449; x_wconf 89' lang='lat' dir='ltr'>appositurus</span> <span class='ocrx_word' id='word_1_456' title='bbox 603 4384 687 4433; x_wconf 79' lang='lat' dir='ltr'>suisset</span> <span class='ocrx_word' id='word_1_457' title='bbox 697 4387 727 4435; x_wconf 89' lang='lat' dir='ltr'>ad</span> <span class='ocrx_word' id='word_1_458' title='bbox 743 4402 830 4435; x_wconf 85' lang='lat' dir='ltr'>nomen</span> <span class='ocrx_word' id='word_1_459' title='bbox 862 4400 963 4449; x_wconf 90' lang='lat' dir='ltr'>quarum</span> <span class='ocrx_word' id='word_1_460' title='bbox 977 4386 1051 4432; x_wconf 87' lang='lat' dir='ltr'>altera</span> <span class='ocrx_word' id='word_1_461' title='bbox 1066 4383 1134 4433; x_wconf 88' lang='lat' dir='ltr'>alteri</span> <span class='ocrx_word' id='word_1_462' title='bbox 1148 4382 1267 4432; x_wconf 87' lang='lat' dir='ltr'>contraria</span> <span class='ocrx_word' id='word_1_463' title='bbox 1279 4392 1331 4441; x_wconf 85' lang='lat' dir='ltr'>cst;</span> <span class='ocrx_word' id='word_1_464' title='bbox 1347 4382 1425 4428; x_wconf 68' lang='lat' dir='ltr'>amru</span> 
     </span>
    </p>
   </div>
   <div class='ocr_carea' id='block_1_4' title="bbox 270 4446 1505 4517">
    <p class='ocr_par' dir='ltr' id='par_1_10' title="bbox 270 4446 1505 4517">
     <span class='ocr_line' id='line_1_52' title="bbox 270 4446 1505 4517; baseline 0.002 -22"><span class='ocrx_word' id='word_1_465' title='bbox 270 4448 381 4507; x_wconf 82' lang='lat' dir='ltr'>hominia,</span> <span class='ocrx_word' id='word_1_466' title='bbox 403 4451 455 4517; x_wconf 92' lang='lat' dir='ltr'>qui,</span> <span class='ocrx_word' id='word_1_467' title='bbox 478 4465 534 4497; x_wconf 91' lang='lat' dir='ltr'>cum</span> <span class='ocrx_word' id='word_1_468' title='bbox 557 4458 605 4497; x_wconf 89' lang='lat' dir='ltr'>tam</span> <span class='ocrx_word' id='word_1_469' title='bbox 626 4449 691 4499; x_wconf 82' lang='lat' dir='ltr'>dives</span> <span class='ocrx_word' id='word_1_470' title='bbox 714 4460 783 4508; x_wconf 83' lang='lat' dir='ltr'>esset,</span> <span class='ocrx_word' id='word_1_471' title='bbox 803 4459 830 4499; x_wconf 92' lang='lat' dir='ltr'>ut</span> <span class='ocrx_word' id='word_1_472' title='bbox 862 4449 926 4498; x_wconf 89' lang='lat' dir='ltr'>euim</span> <span class='ocrx_word' id='word_1_473' title='bbox 937 4448 1041 4515; x_wconf 87' lang='lat' dir='ltr'>oppositi</span> <span class='ocrx_word' id='word_1_474' title='bbox 1050 4457 1108 4497; x_wconf 80' lang='lat' dir='ltr'>sunt</span> <span class='ocrx_word' id='word_1_475' title='bbox 1117 4451 1219 4512; x_wconf 73' lang='lat' dir='ltr'>prodigi.</span> <span class='ocrx_word' id='word_1_476' title='bbox 1246 4446 1424 4495; x_wconf 65' lang='lat' dir='ltr'>frondmud-</span> <span class='ocrx_word' id='word_1_477' title='bbox 1499 4488 1505 4497; x_wconf 90' lang='lat'>.</span> 
     </span>
    </p>
   </div>
   <div class='ocr_carea' id='block_1_5' title="bbox 270 4510 1424 4577">
    <p class='ocr_par' dir='ltr' id='par_1_11' title="bbox 270 4510 1424 4577">
     <span class='ocr_line' id='line_1_53' title="bbox 270 4510 1424 4577; baseline -0.004 -17"><span class='ocrx_word' id='word_1_478' title='bbox 270 4526 379 4563; x_wconf 86' lang='lat' dir='ltr'>nummos</span> <span class='ocrx_word' id='word_1_479' title='bbox 391 4514 544 4569; x_wconf 84' lang='lat' dir='ltr'>metireretur,</span> <span class='ocrx_word' id='word_1_480' title='bbox 556 4514 607 4562; x_wconf 85' lang='lat' dir='ltr'>sine</span> <span class='ocrx_word' id='word_1_481' title='bbox 619 4512 690 4562; x_wconf 90' lang='lat' dir='ltr'>dubio</span> <span class='ocrx_word' id='word_1_482' title='bbox 702 4524 772 4564; x_wconf 84' lang='lat' dir='ltr'>notus</span> <span class='ocrx_word' id='word_1_483' title='bbox 783 4516 830 4563; x_wconf 84' lang='lat' dir='ltr'>fuit</span> <span class='ocrx_word' id='word_1_484' title='bbox 862 4517 939 4569; x_wconf 67' lang='lat' dir='ltr'>certia,</span> <span class='ocrx_word' id='word_1_485' title='bbox 953 4522 1120 4577; x_wconf 85' lang='lat' dir='ltr'>comparantur</span> <span class='ocrx_word' id='word_1_486' title='bbox 1137 4514 1202 4561; x_wconf 82' lang='lat' dir='ltr'>avari</span> <span class='ocrx_word' id='word_1_487' title='bbox 1220 4520 1244 4560; x_wconf 90' lang='lat' dir='ltr'>et</span> <span class='ocrx_word' id='word_1_488' title='bbox 1258 4510 1350 4575; x_wconf 86' lang='lat' dir='ltr'>prodigi</span> <span class='ocrx_word' id='word_1_489' title='bbox 1367 4524 1424 4557; x_wconf 90' lang='lat' dir='ltr'>cum</span> 
     </span>
    </p>
   </div>
   <div class='ocr_carea' id='block_1_6' title="bbox 0 0 1580 5200">
    <p class='ocr_par' dir='ltr' id='par_1_12' title="bbox 0 0 1580 5200">
     <span class='ocr_line' id='line_1_54' title="bbox 0 0 1580 5200; baseline 0 5"><span class='ocrx_word' id='word_1_490' title='bbox 0 0 1580 5200; x_wconf 95' lang='lat' dir='ltr'> </span> 
     </span>
    </p>
   </div>
  </div>
 </body>
</html>
