3150 5200
571 355 734 420 LIBER
757 355 819 430 IV,
844 355 874 417 7.
1233 353 1295 414 221

235 506 319 578 Quis
335 505 406 581 scit,
423 526 464 567 an
479 504 633 589 adjiciant
648 505 815 569 hodiernoe
829 505 971 568 crastina
986 526 1118 568 summm

276 606 443 689 Tempora
459 604 507 669 Di
522 607 656 690 superi?

235 706 362 772 Cuncta
376 729 490 770 manus
505 707 616 770 avidas
632 706 758 791 fugient
772 706 924 784 haeredis,
944 707 1047 770 emico

166 809 213 873 20
277 809 364 881 Quae
379 807 510 872 dederis
528 809 644 872 ariimo.

234 911 345 983 Quum
362 909 459 973 semel
474 909 643 986 occideris,
660 921 694 973 et
708 909 749 973 de
765 919 798 972 te
814 908 986 992 splendida
1002 907 1114 971 Minos

276 1010 405 1075 Fecerit
419 1011 571 1088 arbitria;

233 1113 323 1189 Non,
339 1113 519 1197 Torquate,
534 1135 649 1196 genus,
664 1133 729 1175 non
745 1122 777 1175 te
793 1110 958 1189 facundia,
973 1133 1040 1175 non
1055 1120 1086 1172 te

276 1214 444 1279 Restituet
459 1215 574 1298 pietas.

165 1315 211 1378 25
233 1315 371 1380 Infernis
387 1316 592 1398 nequeenim
607 1315 750 1378 tenebris
766 1313 878 1378 Diana
892 1314 1046 1397 pudicum

275 1417 412 1480 Liberat
427 1415 665 1501 Hippolytum:

231 1518 305 1584 Nec
321 1517 458 1584 Lethaea
472 1518 558 1582 valet
572 1518 725 1584 Theseus
740 1518 935 1601 abrumpere
951 1540 1028 1582 caro

276 1621 417 1686 Vincula
432 1620 593 1686 Pirithoo.

143 1755 294 1804 Obversatur
306 1765 386 1805 antem
398 1757 498 1807 Horatio
510 1758 573 1806 haud
585 1758 656 1807 dubie
668 1765 704 1806 est
736 1755 792 1806 dido
798 1756 909 1821 judicum
920 1773 1034 1807 censeam
1045 1765 1070 1806 et
1078 1756 1192 1805 tribunali
1203 1773 1247 1805 suo
1254 1756 1297 1821 jur

143 1819 272 1868 Lucretius
281 1820 315 1878 iii,
327 1823 399 1877 1030,
410 1822 548 1871 Imminutio
556 1824 704 1870 omthetinm
736 1820 766 1870 de
784 1830 808 1870 te
827 1822 927 1870 dixerit:
952 1826 1051 1871 arbitrio
1061 1821 1153 1885 faeere,
1172 1837 1222 1886 pro,
1241 1837 1296 1870 sen·

142 1884 213 1930 honus
233 1883 309 1932 Anrn’
331 1887 435 1949 reliquit,
457 1887 504 1940 Qui
527 1889 607 1935 metior
625 1887 704 1934 multis
736 1886 836 1934 tentiam
847 1886 974 1950 injudicio
985 1884 1160 1952 pronunciare;
1176 1887 1297 1946 splendida

142 1965 211 2010 quom
229 1958 256 1994 tu
263 1949 329 2014 suit,
347 1952 454 2011 improbe,
473 1953 554 1998 retur:
580 1950 637 1998 Inde
659 1951 702 1997 atti
735 1949 796 1998 refer
806 1949 837 1998 ad
847 1961 970 1999 externum
986 1965 998 1997 a
1015 1949 1144 2003 iendomm,
1155 1964 1204 2012 quo
1215 1949 1297 1998 Minoa

142 2013 213 2058 multi
222 2028 295 2076 reget,
307 2029 427 2076 rerumque
440 2023 540 2076 potenter
554 2015 703 2070 Occiderant,
735 2012 761 2060 in
778 2014 895 2062 tribunali
910 2030 955 2062 auo
973 1967 1059 2063 regens
1072 2012 1193 2078 judicium
1210 2012 1297 2063 habere

141 2079 233 2139 magnis
243 2080 398 2140 quigenribur
413 2081 588 2140 imperitarunt.
622 2079 705 2125 Pulvis
736 2078 848 2140 fingitur;
866 2077 902 2126 uti
913 2078 977 2142 apud
986 2079 1034 2126 Pro
1064 2086 1094 2125 rt.
1104 2077 1187 2132 iv,ll,
1201 2077 1231 2125 19
1242 2093 1297 2142 aqq.

141 2149 163 2186 et
171 2143 253 2188 ambro
264 2140 514 2190 rummrnotisaimum
523 2150 558 2191 est
566 2141 626 2190 illud
635 2143 703 2190 Ana·
736 2141 768 2190 ci.
785 2142 854 2206 Virg.
875 2144 935 2190 AEn.
952 2143 986 2196 vi,
1005 2093 1070 2198 toi,
1092 2142 1191 2189 Homer.
1208 2141 1296 2205 Odyaa.

141 2204 245 2253 creontis
260 2205 306 2268 (iv,
319 2206 359 2268 9,)
374 2206 448 2271 ὀλίγη
467 2205 534 2264 κόνις
550 2206 703 2269 κεισόμεσθα.
738 2206 770 2262 ri,
782 2207 840 2255 568.
868 2205 963 2256 Gener:
975 2205 1031 2254 hinc
1043 2206 1103 2253 Hor.
1114 2220 1168 2268 sup.
1179 2204 1205 2260 ii,
1220 2206 1245 2261 ³,
1255 2207 1296 2260 21,

142 2265 214 2316 ovid.
226 2269 290 2317 Met.
302 2269 352 2326 viii,
362 2271 418 2326 496,
434 2271 475 2318 Vot
486 2273 545 2318 etun
555 2273 652 2334 erigona
661 2285 702 2332 gr·
738 2269 837 2319 Diveme
852 2273 925 2332 prisco
945 2281 1014 2318 notar
1034 2272 1063 2316 ob
1082 2269 1175 2324 Inacho,
1197 2269 1240 2316 Nil
1258 2273 1296 2317 in·

140 2331 236 2406 mapa
237 2335 348 2396 jacebitis
355 2337 452 2382 ambra:
461 2335 530 2445 plura
538 2335 563 2381 in
573 2334 635 2382 hanc
647 2350 700 2382 sen·
736 2343 818 2382 terret:
835 2333 868 2382 ci.
876 2333 902 2389 ii,
912 2336 951 2390 tr,
963 2335 1001 2388 11.
1011 2341 1036 2382 et
1046 2333 1072 2388 ii,
1088 2335 1127 2387 te,
1139 2334 1181 2379 at.
1216 2332 1296 2397 Repe·

141 2403 240 2444 tentiam
252 2397 301 2444 vid.
313 2397 378 2463 apud
390 2398 464 2446 Mitac
485 2433 491 2445 .
735 2399 802 2445 tebet
817 2413 902 2462 nempe
911 2399 1049 2462 Torquatus
1064 2397 1178 2461 originem
1196 2412 1264 2444 auam
1282 2413 1298 2445 a

175 2461 281 2510 17-20.
299 2462 408 2510 Crastino
418 2462 536 2524 Tempora,
546 2461 609 2510 diem
618 2461 701 2511 craati-
734 2462 830 2511 Manlio
841 2463 972 2526 Torquato,
983 2462 1034 2510 viro
1043 2461 1069 2509 in
1080 2459 1177 2509 hirtoria
1185 2461 1298 2510 Romana

140 2539 198 2572 num
208 2543 215 2582 ;
226 2527 338 2574 hortm
346 2543 445 2584 somme,
453 2524 553 2582 dierum,
563 2541 623 2590 quos
633 2526 701 2575 hodie
734 2525 935 2574 celebratimimo:
953 2526 1002 2574 vid.
1014 2527 1069 2574 Lir.
1081 2525 1123 2582 vii,
1138 2527 1176 2571 10.
1210 2525 1297 2582 Pietas,

140 2589 274 2703 exepirqqs,
282 2606 395 2703 qumero:
409 2591 460 2703 virg
468 2593 636 2704 mmmprtpreqis
648 2607 701 2656 sup.
735 2589 798 2666 N⁰'.²’
811 2591 989 2719 mpori
995 2591 1029 2703 iii,
1041 2591 1112 2702 ¹⁴2⁵
1121 2589 1229 2701 ‘dicitis
1249 2600 1296 2667 tre-

140 2670 158 2707 r,
196 2689 202 2710 ,
255 2690 262 2710 ,
306 2670 372 2703 naor.
390 2672 429 2711 xv,
501 2671 526 2718 q.
593 2671 625 2715 ση
686 2675 702 2706 v
734 2670 805 2710 reno,
933 2673 979 2704 eon
1021 2672 1061 2712 rer,
1095 2671 1188 2716 mrce,p
1213 2670 1296 2703 asro·

139 2716 206 2781 μέλει
227 2737 278 2783 μοι,
295 2722 329 2769 Τὸ
353 2717 372 2767 δ’
394 2671 536 2783 αὖριονητίς
556 2672 702 2769 oihrrmiloi.
734 2720 898 2767 lacrimabilem
928 2720 1031 2767 Plutona
1063 2722 1147 2767 tauris.
1192 2718 1297 2767 tremis

139 2781 242 2831 Mitach.
261 2783 286 2831 in
302 2783 366 2831 hanc
384 2782 525 2832 sententiam
546 2782 628 2831 laudat
644 2784 702 2831 Pal·
734 2787 875 2845 nequeenim
886 2786 984 2832 terebris
995 2784 1194 2845 Dionopndirom
1229 2786 1233 2795 “
1272 2793 1298 2831 at

140 2844 189 2893 lad.
200 2846 266 2903 xxix,
278 2848 304 2905 1;
320 2847 511 2896 Antoniorum.
521 2848 551 2894 T.
560 2847 595 2902 iii,
604 2864 628 2911 p.
641 2849 684 2895 121
695 2866 702 2907 ;
737 2846 899 2911 Hippolytum,
917 2863 973 2895 nam
992 2864 1022 2896 ne
1036 2848 1089 2921 ipae
1107 2846 1188 2895 Diana
1199 2846 1296 2910 quidem

139 2910 262 2960 Theocrit.
274 2911 383 2970 rri,24;
401 2910 545 2961 callimach.
558 2912 606 2976 Ep.
622 2928 661 2967 xv,
680 2914 702 2961 1.
736 2910 850 2975 pudicum
871 2911 904 2958 111
953 2912 1029 2977 lytum
1050 2928 1077 2959 m
1094 2911 1168 2959 vitam
1186 2926 1296 2959 revocare

141 2974 703 3040 Cancromonoraor'rlarsngimthaeredir,amieo
734 2976 820 3038 potuit.
857 2927 953 3023 Deiii0
990 2976 1049 3040 lyto,
1062 2974 1150 3022 Thesei
1162 2974 1296 3023 Athenien·

141 3038 198 3091 Qua
208 3042 393 3087 dederis-animo.
427 3038 506 3087 Hodie
517 3038 591 3102 igitur
600 3038 651 3087 vita
661 3048 703 3088 tua
734 3038 795 3087 aium
813 3038 877 3102 regia
892 3038 950 3097 filio,
971 3048 1183 3087 rurtraanoverca
1194 3037 1297 3086 Phaedra

140 3101 225 3157 fruere,
244 3102 333 3152 haeredi
351 3103 416 3151 enim
433 3103 504 3151 tolles
523 3118 552 3151 ea
567 3106 656 3159 omnia,
676 3103 702 3153 in
735 3103 766 3151 ad
777 3102 897 3151 incertum
908 3118 1011 3151 amorem
1024 3101 1295 3168 pellecto,vid.11ygin.

139 3167 228 3240 quibuq
240 3166 398 3278 percipiendis
407 3167 460 3241 ipae
471 3165 603 3239 animoltuo
613 3182 701 3215 rnorem
735 3166 797 3215 Fab.
824 3166 892 3241 xlvii,
920 3175 945 3215 et
970 3168 1004 3216 ibi
1028 3168 1163 3230 interprett.
1189 3165 1296 3213 Devotua

139 3231 701 3358 mathematis.mittitote·
734 3233 891 3343 iiiiii&
923 3228 1297 3358 'iihhi'i‘ii’riiihi'ssih

138 3360 197 3405 dara
223 3358 294 3422 ψυχῇ
303 3377 326 3407 τι
341 3357 434 3414 δοῦναι,
449 3356 607 3469 χαρίζεσθαῼ
625 3358 650 3406 in
668 3359 702 3406 rei
733 3357 819 3415 suerat,
831 3375 886 3407 cum
902 3359 932 3406 ad
947 3358 1004 3407 litae
1018 3358 1090 3407 mario
1100 3372 1196 3405 currum
1207 3365 1295 3422 ageret,

139 3420 200 3483 cuju
231 3437 270 3469 am
284 3422 360 3471 t'metn
376 3422 421 3471 sibi
437 3421 569 3485 indulgere,
599 3421 701 3471 eatinare
732 3422 803 3486 equis
818 3422 897 3471 subito
911 3423 997 3471 marini
1011 3421 1110 3470 monstri
1124 3422 1222 3469 incursu
1238 3437 1296 3470 con·

139 3484 187 3532 ribi
198 3484 290 3549 aliquid
301 3484 495 3552 percipiendum';
511 3488 592 3541 amieo,
606 3486 700 3545 Graece,
732 3486 844 3535 sternatis
862 3495 969 3560 raptatus
983 3502 1011 3535 ao
1028 3485 1224 3551 discerptoseaae
1235 3485 1295 3534 dici·

139 3548 213 3613 ὀίλῳ,
230 3551 394 3662 provulgari,
418 3559 468 3598 tuo.
510 3551 541 3598 In
559 3550 700 3599 sententiam
733 3557 779 3599 tur.
820 3552 932 3615 Seqhnur
950 3559 1029 3599 autem
1047 3550 1163 3599 Horatius
1181 3550 1297 3598 retortio-

139 3613 213 3661 totina
239 3614 276 3663 oei
294 3614 352 3663 facit
371 3614 478 3679 inprimia
497 3614 652 3678 Epigramma
662 3615 704 3662 In·
738 3630 788 3663 rem
801 3615 959 3663 narrationem
969 3630 1059 3671 eorum,
1076 3614 1119 3677 qui
1137 3612 1243 3663 Dianam
1258 3613 1295 3662 di-

137 3678 196 3725 certi
205 3678 281 3735 lxxxi,
292 3678 318 3726 in
328 3679 430 3727 Anthol.
443 3679 523 3726 Grec.
531 3678 562 3724 T.
570 3677 603 3736 iv,
612 3694 637 3742 p.
650 3679 705 3735 134,
738 3677 794 3726 lecti
814 3678 859 3727 aibi
877 3678 944 3743 pueri
962 3688 1061 3727 mortem
1079 3678 1170 3727 luxisse
1190 3678 1295 3743 quidem,

139 3741 206 3806 qnod
222 3750 298 3791 totum
318 3742 343 3790 in
359 3742 460 3790 tironum
474 3740 573 3805 gratiam
586 3757 705 3807 apponere
737 3742 779 3791 red
799 3742 950 3807 neutiquam,
970 3742 1034 3805 quod
1055 3742 1211 3791 recentiorum
1230 3757 1296 3790 com·

136 3805 224 3868 juvat:
243 3808 305 3856 11ἶνε
317 3807 358 3855 καὶ
368 3807 511 3870 εὐφραίνου.
523 3804 548 3855 τί
559 3806 607 3871 γὰρ
618 3805 705 3869 αὔριον
737 3816 845 3855 mentum
855 3815 900 3863 est,
911 3822 940 3855 er
952 3806 1034 3855 inieris
1048 3822 1103 3855 eum
1114 3806 1246 3863 reduxisse,
1258 3806 1297 3853 vei

137 3870 438 3935 hrirhpihhomoirhric
449 3869 569 3935 γινώσκει.
576 3871 611 3935 μή
623 3869 702 3934 τρέχε,
735 3872 766 3917 ab
790 3871 932 3935 AEacnlapio
957 3871 1123 3919 resuscitatum
1150 3871 1197 3917 auh
1219 3868 1297 3918 Virbii

136 3936 172 3997 μή
189 3936 275 3984 rozio.
290 3934 324 3993 ὣς
340 3934 456 3989 δύνασαι,
467 3932 576 3998 χάρισαι,
591 3934 702 3996 μετάδος,
735 3934 831 3982 nomine
847 3934 872 3982 in
891 3949 986 3982 nemore
1001 3933 1100 3982 Aricino
1119 3932 1297 3981 abscondidirae

137 3997 170 4061 φά
189 4016 209 4055 ε,
227 4000 307 4059 Θνητὰ
324 4000 433 4063 λογίζου.
451 3998 479 4046 τὸ
496 4000 542 4063 ζῆν
553 4000 595 4047 τοῦ
610 4000 687 4062 ppt*
735 3996 840 4045 tradunt.
873 3997 1002 4045 Pudienm:
1025 3997 1082 4045 hinc
1104 3995 1168 4060 apud
1189 3998 1236 4043 Pro
1267 4003 1297 4043 rt.

136 4018 208 4112 atrito
225 4062 289 4121 ὅλως
309 4062 408 4127 ἀπέχει.
425 4064 476 4120 πᾶς
494 4063 508 4112 ὁ
524 4061 581 4125 βίος
599 4017 703 4118 rethor:
734 4060 766 4117 iv,
784 4064 809 4117 5,
826 4064 851 4117 5,
865 4060 895 4109 de
912 4061 967 4109 lena
981 4060 1072 4135 aliqua,
1090 4060 1164 4106 Docto
1180 4061 1216 4106 oet
1259 4062 1295 4121 tp-

137 4125 207 4191 ῥοπὴ
219 4128 307 4183 μόνον.
318 4128 353 4177 ἂν
364 4126 505 4193 προλάβῃς,
518 4128 570 4175 σοῦ·
580 4127 614 4176 ἂν
625 4125 648 4175 δὲ
659 4126 702 4176 θά-
734 4126 839 4187 polytom
862 4125 943 4172 Veneri
964 4125 1055 4171 mollire
1078 4131 1206 4186 negantem.
1245 4123 1295 4171 Nee

136 4209 193 4255 ης,
205 4189 286 4253 ἐτέρου
297 4189 466 4245 πάντα,σδδ’
477 4189 546 4241 οὐδὲν
557 4192 628 4255 ἔχεις.
735 4188 898 4236 Lethaoootet
914 4188 1018 4243 Timr,
1034 4195 1090 4235 cett.
1124 4188 1177 4234 Nec
1188 4186 1297 4235 Therona

168 4256 276 4303 21-28.
294 4256 371 4309 Qirnm
382 4256 449 4303 remei
460 4257 577 4311 occideris,
588 4262 644 4304 cett.
667 4256 702 4303 Te
735 4253 840 4300 amicum
855 4268 926 4300 auum
943 4250 1078 4300 Pirithoum
1090 4249 1229 4308 avinculis,
1242 4251 1295 4314 qui·

135 4320 212 4367 semel
231 4326 352 4367 mortuum
370 4319 429 4367 nihil
446 4318 552 4376 omnino,
572 4334 602 4368 ne
623 4318 704 4367 divina
735 4317 779 4364 bus
791 4332 807 4364 a
818 4316 922 4364 Plutone
932 4315 996 4364 saxis
1011 4315 1125 4378 alligatus
1142 4316 1167 4363 in
1179 4316 1243 4363 Orco
1255 4332 1295 4363 co-

136 4382 234 4447 quidem
246 4382 353 4431 numinis
365 4382 491 4446 cujusdam
505 4384 618 4447 potentia,
630 4384 655 4432 in
668 4382 701 4430 vi·
735 4380 836 4436 hibetur,
855 4380 955 4429 liberare
972 4380 1045 4429 valet.
1084 4380 1124 4427 De
1141 4378 1248 4427 Pirithoo
1264 4379 1296 4428 cf.

136 4456 184 4495 tam
204 4462 315 4496 revocare
335 4455 420 4511 potest.
455 4446 485 4495 Et
500 4452 527 4495 dr
544 4457 564 4495 te
581 4450 702 4509 splendida
735 4462 790 4511 sup.
801 4445 831 4493 ad
842 4443 878 4500 iii,
889 4448 914 4499 t,
923 4447 964 4493 80.
988 4446 1069 4509 Vulgo
1080 4443 1177 4509 quidem
1188 4444 1296 4492 Theseus

137 4512 214 4559 Minor
227 4512 317 4561 Ferert't
328 4512 438 4571 arbitria,
451 4520 475 4562 et
485 4511 570 4561 Minoa
582 4510 606 4561 in
619 4512 702 4577 splen·
736 4525 783 4559 una
802 4526 858 4560 cum
876 4509 992 4566 Pirithoo,
1003 4525 1108 4574 quocum
1126 4508 1158 4557 ad
1174 4508 1296 4574 Proserpi·
