3150 5200
493 869 1211 965 CARMINUM

679 1138 796 1192 LIBER
813 1138 1026 1193 SECUNDUS.

721 1632 927 1697 CARMEN
953 1632 980 1697 1.

576 1828 634 1875 AD
659 1827 844 1876 ASINIUM
866 1826 1127 1876 POLLIONEM.

494 1948 641 2031 Morum
657 1992 699 2032 ex
714 1968 851 2033 Metello
867 1969 999 2033 consule
1015 1970 1160 2044 civicum,

496 2075 644 2160 Bellique
660 2097 786 2151 causas,
804 2085 837 2138 et
852 2076 940 2152 vitia,
956 2086 989 2140 et
1003 2077 1128 2152 modos,

461 2245 613 2294 CARMEN
631 2245 653 2293 I.
870 2250 947 2300 actus,
962 2252 987 2291 et
1004 2249 1095 2306 quante
1111 2249 1202 2301 suares
1220 2241 1246 2288 in
1265 2240 1351 2290 Africa
1368 2242 1435 2293 edita

310 2311 340 2357 In
362 2308 445 2364 nullis,
466 2317 582 2373 qnantum
598 2307 709 2372 equidem
729 2306 837 2355 animad-
870 2306 915 2354 sit!
935 2306 997 2364 Quis
1010 2322 1110 2371 campus
1123 2304 1186 2354 enim
1199 2306 1365 2353 Romanorum
1374 2308 1435 2356 civi-

276 2373 343 2430 verti,
354 2372 449 2421 Horatii
457 2372 603 2421 carminibus
611 2372 687 2445 magis
698 2370 839 2419 hallucinati
871 2387 912 2418 um
1005 2371 1044 2420 ine
1062 2386 1111 2417 non
1158 2369 1234 2417 llutus
1247 2373 1300 2419 estl
1318 2371 1349 2418 ln
1378 2387 1436 2420 uam

277 2446 335 2485 sunt
344 2438 491 2499 interpretes,
504 2450 576 2498 quem
590 2434 615 2482 in
626 2434 787 2499 dijudicandis
799 2434 837 2491 iis,
871 2443 956 2483 terram
976 2451 1030 2483 ome
1044 2434 1074 2482 de
1087 2433 1127 2482 bel
1138 2449 1205 2482 orum
1215 2432 1323 2481 civilium
1374 2436 1435 2483 nmi-

277 2498 319 2548 ubi
340 2500 469 2549 excelsiore
491 2498 574 2573 spiritu
595 2507 672 2563 poeta.
682 2499 796 2563 exsurgit,
814 2509 839 2548 et
871 2498 1134 2564 tetenoupenetruvitl,
1146 2500 1224 2555 Quem
1232 2497 1436 2573 gurgitemquem

275 2564 349 2636 lyrica
360 2572 418 2622 arte,
428 2563 481 2614 h.e.
491 2562 599 2613 liberiore
606 2562 840 2614 vinculosententias
872 2562 1056 2676 fluvium’ffigm
1066 2578 1130 2611 mere
1143 2577 1191 2610 non
1206 2562 1390 2612 commaculavit
1398 2564 1436 2612 ci·

276 2637 337 2676 mter
358 2644 384 2677 se
405 2627 538 2691 conjunxit.
572 2629 659 2692 Itaque
678 2643 748 2692 super
766 2629 840 2693 hujus
872 2631 971 2677 viumc
1009 2630 1052 2676 esi
1078 2627 1126 2676 Sed
1143 2643 1191 2691 quo
1208 2642 1246 2675 me
1263 2627 1339 2692 abripi
1358 2630 1437 2693 potior

276 2708 372 2766 quoque
388 2691 507 2747 carminis,
518 2691 661 2740 sublimitate
679 2707 723 2740 sue
732 2691 839 2741 eminen-
872 2709 925 2757 ego,
935 2693 977 2756 qni
989 2708 1037 2740 non
1048 2691 1170 2755 gravioris,
1181 2690 1224 2741 sed
1234 2690 1329 2739 levioris
1339 2700 1435 2742 tantum

277 2765 315 2812 trs,
335 2755 434 2805 consilio
456 2755 521 2804 mirer
557 2756 638 2805 rolatae
657 2763 714 2804 sunt
730 2756 838 2821 argutiae,
871 2756 1003 2821 argumenti
1017 2755 1123 2805 carmina
1137 2771 1222 2804 eenere
1237 2756 1348 2818 possum!
1384 2757 1435 2806 Ce-

276 2837 337 2885 ques
353 2828 457 2886 repetere
470 2828 495 2868 et
511 2773 616 2870 retiillere
631 2836 686 2870 cum
704 2821 839 2878 molestum,
871 2828 948 2869 terum
959 2837 1014 2869 cum
1028 2821 1146 2869 bellomm
1162 2818 1269 2867 civilium
1283 2819 1396 2878 historie,
1408 2820 1437 2870 in

276 2893 326 2932 tum
343 2885 374 2934 ab
391 2884 498 2933 instituto
515 2891 593 2934 nostro
609 2884 714 2932 alienum
729 2893 773 2934 est.
808 2885 839 2934 C.
872 2885 921 2933 xvii
937 2885 1005 2933 libris
1022 2900 1038 2932 e
1055 2883 1166 2934 Pollione
1181 2882 1358 2957 expositus,olii
1372 2900 1437 2947 quo·

277 2949 379 2997 Asinius
390 2948 478 3006 Pollio,
489 2947 525 2995 vir
540 2949 681 3004 consularis,
694 2965 764 3013 quem
780 2949 840 2997 belli
872 2965 919 3012 que
935 2947 1061 3014 scriptores
1075 2949 1112 3011 (e.
1124 2965 1149 3011 g.
1159 2948 1238 2996 Tacit.
1252 2946 1320 2995 Anu.
1333 2948 1366 3002 iv,
1385 2950 1437 3008 34;

275 3012 388 3078 pacisque
404 3011 494 3062 ertibus
511 3013 606 3078 pariter,
623 3029 651 3062 ee
667 3013 786 3062 literarum
802 3013 839 3061 in·
873 3014 971 3061 Sueten.
990 3014 1055 3063 Cres.
1072 3014 1113 3066 30,
1131 3011 1438 3072 etdsCl.Gramm.10;

275 3078 395 3143 geniique,
425 3092 472 3141 quo
500 3078 640 3141 preclarum
670 3077 840 3140 tragoediarum
874 3078 980 3141 Appian.
998 3076 1029 3125 de
1047 3077 1077 3124 B.
1092 3079 1123 3126 C.
1138 3092 1162 3140 p.
1174 3076 1305 3138 479),tom
1320 3075 1436 3124 honorili-

274 3141 411 3208 scriptorem
423 3157 449 3190 se
459 3141 577 3206 prestitit,
589 3141 665 3204 glorie
674 3139 736 3189 inter
748 3142 838 3189 Roma·
872 3157 925 3190 oum
941 3141 1086 3190 mentionem
1102 3138 1243 3204 injecerint3
1277 3140 1365 3189 rosseto
1380 3156 1437 3189 enm

275 3222 319 3255 nos
330 3205 473 3256 excelluisse
488 3205 546 3254 satis
557 3213 658 3260 constet,
676 3220 730 3252 cum
748 3204 795 3252 'em
810 3221 839 3253 eo
872 3221 919 3254 non
932 3213 1024 3254 aetntem
1037 3205 1121 3253 tulisse
1135 3202 1238 3252 menime
1266 3203 1379 3252 olendum
1388 3213 1437 3254 est.

274 3271 415 3319 contulisset
429 3269 510 3317 studia
525 3283 577 3324 sua,
589 3277 616 3316 ut
631 3268 688 3316 belli
698 3267 746 3315 civi
756 3269 776 3316 is
786 3268 836 3317 his·
869 3269 988 3317 Pollionis
998 3277 1079 3317 nutem
1093 3267 1216 3316 leudesio
1233 3267 1299 3314 rimis
1313 3268 1437 3334 complec-

274 3335 358 3382 toritun
366 3329 836 3389 scriberet;Horatiuseuminlroconr-
869 3341 952 3381 tuntur
968 3341 1053 3398 quarto
1068 3341 1093 3382 et
1111 3340 1196 3380 octava
1252 3331 1308 3395 lega
1326 3331 1436 3396 Virgilii,

274 3399 338 3446 mine
354 3396 385 3445 ad
405 3395 466 3443 illud
483 3409 543 3459 opus
557 3402 652 3444 strenue
668 3395 837 3460 perficiendum
869 3399 911 3461 qui
921 3397 958 3445 illi
976 3413 1044 3460 reque
1060 3399 1132 3461 atque
1143 3395 1243 3444 Horatio
1254 3397 1380 3445 emieuset
1389 3412 1435 3462 pa-

274 3475 324 3509 non
345 3459 398 3508 sine
419 3474 507 3522 magno
530 3458 583 3523 ejus
610 3458 681 3508 laude
702 3459 838 3508 adhortatur
867 3470 951 3510 monus
960 3461 1047 3510 extitit.

274 3531 346 3588 etque
367 3522 464 3572 excitat.
509 3523 685 3572 Sententiarum
707 3539 783 3573 nexus
804 3532 841 3573 est
907 3527 979 3573 1-e.
990 3525 1317 3573 Motumerdletelloeonrule
1325 3526 1436 3572 civicum.

275 3587 323 3636 lere
340 3587 394 3635 hic:
420 3587 538 3635 bellorum
553 3587 660 3635 civilium
672 3587 796 3651 originem,
809 3589 840 3637 nb
874 3589 953 3638 Pollio
962 3604 1056 3653 nempe,
1068 3604 1124 3636 cum
1141 3603 1156 3635 e
1171 3588 1283 3636 societate
1298 3587 1349 3644 illa,
1361 3602 1436 3650 quem

274 3667 304 3701 eo
314 3651 371 3699 inde
382 3659 484 3715 tempore
499 3665 547 3713 quo
558 3651 675 3700 Metellus
689 3653 773 3701 consul
784 3653 839 3708 luit,
874 3655 908 3703 U.
921 3654 952 3702 C.
964 3669 1068 3708 ncxciv,
1076 3655 1108 3710 Q.
1121 3651 1219 3701 Caecilio
1227 3652 1329 3700 Metello
1338 3652 1435 3706 Celere,

275 3713 435 3780 repetitum,
454 3721 480 3763 et
497 3715 620 3771 rationem,
641 3733 690 3780 qua
711 3715 754 3764 illa
774 3710 850 3780 gestu
874 3717 951 3765 Lucio
968 3716 1070 3765 Afranio
1090 3717 1159 3766 Coss.
1179 3725 1226 3764 tres
1242 3716 1287 3764 visi
1304 3714 1436 3780 principes,

275 3788 341 3835 sunt,
359 3794 466 3828 enarrare
484 3793 514 3842 eg
542 3794 609 3828 essus
626 3795 660 3838 es,
674 3780 762 3830 Pollio.
795 3782 841 3828 Est
873 3783 964 3837 Cesar,
975 3780 1111 3854 Pompeius,
1121 3789 1146 3829 et
1157 3781 1266 3835 Crassus,
1279 3788 1361 3828 contro
1371 3795 1435 3827 rern-

275 3843 413 3900 tenetenti,
425 3850 510 3892 uttam
529 3843 563 3899 iu,
576 3841 651 3893 donee
665 3843 773 3892 ultimam
789 3860 839 3893 mn·
889 3845 992 3893 ublicam
1007 3845 1119 3900 inierunt,
1130 3843 1230 3908 primam
1244 3844 1359 3892 bollenum
1374 3842 1437 3890 ciri-

276 3923 333 3958 num
352 3915 462 3975 suscepto
478 3907 543 3972 operi
566 3907 714 3972 imposueris,
734 3908 840 3956 animum
872 3862 930 3957 lium
958 3908 1072 3983 originem
1100 3915 1215 3972 repeteret
1221 3925 1230 3968 ;
1256 3907 1313 3957 inde
1339 3922 1437 3971 quoque

275 3970 593 4038 paulisperatrngoediarum
602 3971 779 4020 scribendarum
787 3981 839 4021 stu·
872 3989 954 4022 eorum
980 3971 1102 4021 historiam
1127 3971 1236 4021 detexere
1262 3987 1362 4021 exorsus
1388 3980 1438 4018 est.

275 4037 315 4085 dio
325 4045 426 4087 evertas.
459 4039 538 4095 Quem
555 4036 615 4084 vivis
630 4035 841 4085 coloribusomnie
873 4037 951 4086 Motus
972 4040 1067 4093 civicus,
1089 4035 1184 4092 seditio,
1207 4053 1262 4102 quae
1288 4035 1350 4085 inter
1369 4033 1437 4082 eires

275 4100 301 4150 in
313 4100 356 4150 ille
368 4102 484 4151 bellorum
499 4099 606 4149 civilium
624 4099 781 4165 descriptione
797 4116 839 4149 ex·
871 4109 987 4156 movetur,
996 4100 1048 4164 jem
1059 4116 1101 4166 pro
1112 4100 1179 4148 initio
1190 4101 1250 4149 belli
1261 4100 1346 4149 civilis.
1378 4099 1436 4146 Bel·
1508 4109 1514 4120 '

292 4165 446 4215 ressaerunt!
465 4166 480 4214 J
483 4181 522 4213 am
531 4179 597 4212 nunc
608 4163 666 4228 ipsis
675 4164 771 4275 pupnis,
780 4179 841 4238 quas
873 4166 934 4227 lique
949 4181 1037 4222 muros,
1049 4174 1120 4228 poeta
1135 4164 1186 4228 ipse
1202 4180 1244 4214 eus
1260 4182 1282 4213 v.
1295 4167 1311 4211 4
1326 4162 1437 4274 sulpp'icit,

275 4183 435 4297 descripturus
446 4245 481 4286 es,
490 4228 603 4277 interesse
615 4227 673 4276 mihi
682 4227 705 4276 vi
722 4229 775 4278 eor!
787 4243 839 4292 Jern
870 4245 953 4291 graver
963 4227 1054 4276 seilicet
1061 4231 1196 4290 principum
1205 4232 1328 4277 amicitior.
1381 4229 1438 4284 itio,

275 4310 340 4342 nuno
374 4295 513 4343 adumbrate
544 4291 722 4340 fortissimorum
749 4292 839 4341 ducum
872 4291 1160 4356 temere,ePompeianis
1171 4292 1287 4357 inprimis,
1296 4299 1367 4356 cepto
1375 4306 1437 4340 eon·

275 4358 353 4421 imago
369 4359 449 4408 animo
465 4372 517 4405 meo
533 4355 683 4405 obversatur!
704 4357 756 4419 jam
775 4372 838 4406 nunc
871 4355 934 4404 eilia.
967 4355 1047 4404 Medos
1066 4355 1125 4404 refer
1145 4355 1175 4403 ed
1193 4372 1288 4405 ornnem
1309 4356 1437 4413 tutionem,

275 4430 354 4471 mente
373 4420 487 4489 percipio,
505 4419 624 4485 quomodo
642 4427 708 4467 totus
725 4428 839 4468 terrarum
872 4435 921 4484 que
931 4419 1020 4468 bellum
1032 4435 1073 4484 pro
1083 4419 1201 4484 cujusque
1212 4420 1285 4486 portis
1298 4418 1401 4468 consilio
1411 4429 1441 4469 et

274 4485 543 4550 orbispraeteretrncem
553 4485 659 4534 animum
671 4483 838 4534 Catonissub-
871 4484 961 4533 viribus
977 4492 1069 4548 gestum
1085 4492 1129 4532 est.
1163 4484 1301 4549 Luciumque
1314 4485 1440 4539 serm,
