3150 5200
723 370 1021 446 CARMINUM

597 527 675 593 Non
692 540 766 593 aute
782 530 918 594 devictis
934 532 1061 598 Saboeae

639 628 801 714 Regibus,
817 630 1030 718 horribilique
1046 634 1151 699 Medo

497 730 518 792 5
550 730 666 797 Nectis
682 734 836 796 catenas?
881 734 967 807 Quae
982 736 1044 800 tibi
1057 737 1218 821 virginum

551 833 679 917 Sponso
694 845 810 899 necato
824 836 966 899 barbara
980 838 1121 902 serviet?

593 935 683 1000 Puer
696 937 769 1019 quis
785 958 828 1000 ex
842 936 917 1000 aula
930 938 1054 1023 capillis

634 1038 691 1101 Ad
706 1036 859 1121 cyathum
872 1049 1034 1104 statuetur
1049 1042 1168 1118 unctis,

548 1136 677 1202 Doctus
694 1140 829 1222 sagittas
845 1140 981 1205 tendere
998 1141 1127 1207 Sericas

489 1237 530 1315 10
551 1236 643 1303 Arcu
658 1241 817 1323 paterno?
862 1240 947 1311 Quis
962 1253 1060 1326 neget
1074 1244 1185 1307 arduis
1230 1292 1233 1296 «

592 1339 718 1404 Pronos
734 1339 836 1403 relabi
851 1362 949 1424 posse
962 1342 1048 1406 rivos

632 1439 817 1517 Montibus,
832 1450 866 1504 et
880 1440 1028 1506 Tiberim
1042 1446 1171 1522 reverti,

548 1541 631 1605 Cum
647 1552 683 1605 tu
699 1552 841 1606 coemtos
856 1543 1002 1627 undique
1016 1545 1142 1610 nobiles

546 1638 665 1709 Libros
682 1641 819 1719 Pauaeti,
837 1643 1036 1709 Socraticam
1052 1657 1085 1710 et
1100 1646 1231 1711 domum

483 1745 523 1807 15
588 1742 721 1808 Mutare
735 1744 844 1808 loricis
859 1743 976 1824 Iberis,

629 1844 798 1910 Pollicitus
812 1844 956 1925 meliora,
970 1848 1100 1913 tendis?

301 2058 306 2069 ¹
320 1994 390 2042 1-5.
400 1993 487 2067 'Bantia
506 2014 568 2047 autre
581 2000 682 2072 Arabum
697 2000 784 2071 invides
795 1996 845 2070 lin·
878 1997 972 2062 sponsis
982 2001 1134 2073 barbararum
1145 1997 1267 2062 virginum
1275 1998 1377 2058 ,iniecta
1389 2016 1440 2052 ser·

281 2062 563 2175 ttrlttttffltltt
576 2061 717 2175 151111
729 2061 845 2188 alut
876 2065 1197 2189 ligi'ltlllssubidl‘li
1210 2065 1442 2182 &lilim

283 2182 368 2233 darum
385 2187 512 2252 cupiditas.
547 2191 692 2249 Nemeum
707 2190 740 2247 vi,
753 2196 789 2245 ιιι,
802 2188 844 2253 qui
876 2188 934 2237 bum
946 2191 984 2240 vel
995 2192 1138 2241 Parthorum
1154 2190 1216 2253 regis
1230 2190 1366 2254 cujusdam,
1379 2194 1404 2242 b.
1415 2209 1442 2244 e.

281 2257 347 2304 ante,
363 2260 391 2298 ιιι
406 2252 570 2319 philosophus,
589 2270 604 2302 a
620 2254 757 2303 divitiarum
776 2268 843 2317 qua·
876 2268 935 2317 puer
945 2255 1032 2329 regius.
1065 2256 1219 2317 Adcyattam
1229 2264 1355 2311 statuetur,
1365 2268 1443 2306 sont

283 2312 409 2362 rendarum
420 2316 500 2366 studio
512 2318 670 2367 alienissimus
682 2318 768 2366 fueras.
797 2317 845 2365 Bs-
876 2316 960 2365 vinum
969 2318 1081 2368 infundat
1094 2325 1118 2367 et
1130 2317 1254 2374 ministret,
1267 2315 1292 2366 h.
1304 2334 1326 2366 e.
1338 2320 1441 2384 pocilla-

281 2384 325 2423 atae
334 2394 395 2440 gum
408 2389 465 2427 aunt
476 2381 565 2444 quibus
580 2391 707 2431 censentur
718 2380 843 2437 beatiores,
875 2380 933 2429 toris
948 2398 1045 2432 munere
1060 2382 1183 2445 iungatur.
1216 2382 1295 2429 Statai
1304 2398 1356 2447 pro,
1368 2392 1441 2433 stare.

667 2443 844 2557 utu
877 2445 1439 2558 a·attitulemusm

281 2576 339 2616 aunt
348 2540 478 2618 beatlomm
487 2526 592 2638 pdieiepe
603 2526 640 2622 elli
650 2526 724 2622 ilar-iim
735 2525 844 2621 olitillam
875 2529 1012 2622 nivaria
1025 2528 1087 2624 Tmrmos.
1123 2526 1220 2636 Cncpliltis
1233 2526 1325 2628 dacgtisz
1339 2530 1441 2626 nam

278 2647 349 2692 paras
370 2633 423 2681 Noa
444 2645 497 2684 ante
519 2640 613 2686 mulctis
631 2639 712 2686 Sabae
733 2639 843 2700 Regibus,
875 2639 1039 2687 conviviorum
1050 2639 1440 2703 magnificentiametsplendorem

280 2695 349 2758 quasi
363 2712 457 2746 summa
471 2700 529 2748 belli
544 2701 620 2767 posita
635 2702 667 2750 sit
681 2703 706 2748 in
721 2701 766 2749 boc
781 2717 844 2750 novo
876 2703 1010 2766 pertinebat
1025 2719 1122 2768 quoque
1137 2703 1305 2767 pincernarum
1320 2711 1369 2750 tam
1390 2703 1439 2752 for-

279 2775 310 2807 ex
328 2759 470 2826 philosopho
488 2765 551 2813 lacto
571 2765 655 2822 milite,
675 2765 717 2829 qui
735 2765 801 2813 solus
820 2774 845 2812 et
876 2766 983 2824 mositss,
1007 2783 1080 2832 quam
1105 2777 1218 2815 externus
1242 2781 1324 2814 eorum
1347 2767 1439 2826 cultus,

280 2837 343 2872 nnus
361 2839 409 2874 non
424 2836 479 2877 ante
495 2829 600 2878 devictos
612 2831 704 2878 Sabae
718 2844 786 2892 reges
800 2829 842 2876 de·
877 2828 938 2878 inter
951 2831 1001 2879 alia
1017 2833 1043 2879 in
1058 2830 1164 2879 crinibus
1179 2830 1300 2892 eleganter
1313 2832 1439 2881 comendis

278 2887 374 2937 vincere
409 2891 481 2938 ossit:
516 2908 573 2941 uam
588 2894 668 2942 salse!
703 2894 783 2942 Sabae
795 2895 842 2941 lie·
874 2901 900 2940 et
910 2895 1047 2958 unguendis
1058 2896 1157 2960 positus.
1184 2895 1439 2956 Doetmsagittasten-

276 2954 353 3026 gibus.
372 2907 481 3028 ¹daiberte,
496 2909 593 3006 lrabim
613 2957 700 3007 Felicis
717 2973 780 3022 pars,
798 2973 841 3022 pro
874 2959 927 3006 dere
938 2959 1026 3007 Setiam
1036 2961 1100 3007 Arca
1108 2961 1218 3019 paterno?
1234 2958 1438 3009 Noncuminter-

277 3023 333 3064 totu
357 3033 410 3082 ejus
430 3021 534 3080 finibus;
553 3022 657 3070 habebat
676 3030 756 3070 autem
778 3037 839 3069 una·
873 3022 981 3085 pratibus
1000 3023 1051 3070 haec
1073 3022 1191 3087 adjecisse
1209 3030 1303 3086 poetam
1322 3031 1389 3096 puto,
1410 3032 1440 3072 nt

278 3096 382 3146 quaeque
393 3084 489 3134 Arabia
505 3085 592 3135 Felicis
609 3102 664 3151 pars
682 3103 753 3134 suum
770 3101 839 3149 regu-
872 3101 973 3149 puerum
990 3088 1021 3134 ab
1036 3086 1156 3149 ingenuis,
1168 3085 1257 3148 quibua
1270 3085 1312 3133 illc
1327 3087 1438 3135 imbutus

277 3143 337 3194 lum.
372 3147 426 3195 Non
449 3161 502 3198 ante
524 3153 631 3199 devictis:
652 3150 758 3198 nondum
774 3149 840 3198 enim
872 3150 952 3206 tuerit,
965 3150 1056 3198 artibus
1067 3149 1258 3207 commendaret,
1277 3148 1358 3197 aedat
1369 3150 1439 3199 Iccio

276 3224 354 3274 usque
370 3212 401 3259 ad
412 3214 527 3261 Arabiam
543 3215 657 3270 Felicem,
671 3229 744 3288 quam
761 3214 839 3279 philo·
872 3227 936 3270 aum,
949 3222 976 3261 ιιι
987 3214 1128 3276 sagittarum
1140 3213 1306 3286 jaciendarum
1319 3213 1437 3278 peritissi-

277 3275 838 3405 tutamtntlttttfffirttt
871 3276 1438 3414 titifft‘ttttlltmssttrdtt

275 3401 359 3463 bilique
372 3403 453 3450 Medo:
465 3407 594 3452 exercitum
604 3405 668 3452 enim
676 3405 755 3460 illum,
766 3419 839 3468 quem
871 3405 989 3454 torribilis
1001 3405 1134 3454 dicebatur.
1167 3404 1214 3452 His
1228 3406 1340 3452 omnibus
1354 3413 1437 3453 antem

276 3473 402 3513 secuturus
418 3473 469 3514 erat
484 3468 573 3524 Iccius,
587 3468 616 3516 ad
635 3468 737 3517 Parthos
753 3468 839 3516 Indos·
871 3483 995 3532 magnum,
1008 3469 1073 3533 quod
1092 3469 1174 3517 Iccius
1192 3484 1257 3516 nunc
1274 3471 1369 3525 subeat,
1384 3468 1436 3517 dis-

275 3543 322 3591 que
337 3528 408 3576 simul
424 3529 577 3580 debellandos
594 3532 739 3580 destinatum
753 3533 836 3590 luisse,
870 3532 961 3582 crimen
983 3533 1061 3590 innui,
1085 3541 1169 3598 sponte
1189 3539 1297 3606 apparet.
1334 3532 1438 3581 Tenum

274 3607 304 3638 ex
322 3592 382 3641 locis
398 3609 451 3658 sup.
467 3595 485 3651 i,
500 3597 538 3651 la,
554 3597 594 3652 56,
612 3603 636 3644 et
651 3595 695 3644 inf.
712 3596 729 3652 i,
747 3597 787 3654 35,
805 3597 835 3643 31
869 3600 967 3660 sagittar
979 3599 1053 3652 Arca,
1065 3598 1139 3663 paulo
1150 3596 1266 3645 audacrus
1276 3611 1327 3659 pro,
1336 3596 1437 3659 sagittas

273 3655 356 3720 colligi
397 3664 450 3706 test.
480 3659 838 3716 Haribili,hostivelmaxime
870 3673 899 3707 ex
920 3675 978 3709 arcu
998 3669 1065 3710 tento
1082 3661 1179 3725 jacere,
1201 3660 1248 3708 nisi
1269 3660 1324 3723 quis
1344 3661 1438 3708 tendere

274 3717 355 3769 fortitu
374 3721 413 3769 ine
424 3737 469 3770 sua
481 3721 599 3771 Romanis
609 3722 723 3772 timendo.
759 3723 838 3772 Nectit
869 3722 1009 3788 simpliciter
1031 3739 1083 3790 pro,
1107 3724 1215 3788 dirigere,
1239 3723 1330 3771 dictum
1358 3731 1437 3787 putet.

273 3787 379 3832 caterina?
396 3785 490 3835 scilicet
500 3794 528 3834 ιιι
539 3786 568 3834 iis
579 3787 772 3860 constringantur
781 3801 839 3852 cap·
873 3786 989 3838 Similiter
1007 3791 1078 3837 telam
1096 3790 1188 3836 tendere
1205 3786 1268 3835 dixit
1284 3787 1354 3849 Virg.
1373 3788 1435 3839 AEn.

272 3847 315 3895 tivi
326 3855 381 3897 ante
391 3849 555 3899 lcciivictoris
565 3867 661 3900 currum
669 3851 838 3916 triumphalem
871 3867 896 3908 v,
908 3853 965 3910 508,
979 3853 1034 3900 Post
1050 3868 1102 3899 acer
1114 3852 1247 3900 Mnestheus
1262 3853 1364 3898 adducto
1379 3867 1434 3900 aaa·

274 3911 390 3962 ducendi.
870 3917 932 3963 uitii
949 3933 1016 3973 arcu,
1033 3918 1091 3963 Alta
1108 3917 1342 3978 peremptoriarum
1360 3917 1436 3964 ωιιὶω

305 3979 395 4026 5-10.
413 3977 469 4032 Qua
480 3980 523 4026 tibi
533 3981 660 4052 virginum,
669 3987 726 4028 cett.
735 3994 833 4027 sensus:
870 3981 984 4042 telamque
1009 3981 1115 4029 teremit.
1153 3979 1250 4035 δεήσαι,
1274 3979 1305 4027 ab
1328 3979 1437 4028 Orientis

271 4056 345 4105 quam
355 4042 497 4115 magnificus
505 4041 549 4091 tibi
556 4044 640 4092 victori
649 4043 747 4092 accedet
754 4044 837 4100 honor,
870 4044 969 4117 populo,
982 4043 1088 4101 Scribas,
1098 4041 1229 4156 pzculandi
1245 4050 1297 4090 arta
1312 4043 1435 4091 nobiliu-

271 4106 369 4170 quando
389 4120 454 4170 regia
474 4106 549 4171 virgo,
569 4109 642 4172 cujus
661 4123 776 4172 sponsum
796 4123 838 4156 ne·
870 4121 935 4168 m1s;
957 4115 995 4156 est
1011 4107 1084 4171 igitur
1110 4111 1115 4124 '
1140 4109 1197 4162 icas,
1214 4106 1262 4153 nisi
1280 4108 1339 4155 forte
1357 4106 1435 4170 ipsam

271 4171 340 4227 casti,
350 4170 394 4219 tibi
406 4185 481 4226 serva,
491 4180 515 4219 et
526 4186 585 4237 puer
592 4173 681 4236 regius,
691 4174 752 4220 bene
763 4171 789 4219 in
799 4187 838 4219 aa·
871 4178 974 4233 genam,
986 4173 1065 4229 Seres,
1076 4173 1108 4219 ab
1126 4170 1193 4219 Iccio
1210 4168 1351 4226 domandos,
1364 4178 1436 4235 poeta

270 4233 383 4298 gittarum
409 4233 576 4299 jaciendamm
603 4245 654 4285 arte
682 4236 837 4292 exercitatus,
871 4236 1008 4299 respexerit,
1019 4235 1141 4300 epitheton
1150 4249 1247 4289 ornans,
1259 4241 1287 4281 ιιι
1296 4233 1370 4298 paulo
1381 4243 1437 4298 post

270 4297 386 4361 pincerna
408 4299 473 4348 erit!
517 4301 573 4354 Qua
594 4302 713 4362 virginum
735 4303 835 4347 barbara
866 4315 891 4347 v.
905 4301 944 4355 15,
954 4300 1040 4347 lorica
1049 4299 1134 4356 lbere,
1150 4308 1176 4347 et
1184 4298 1218 4354 iv,
1226 4299 1251 4354 9,
1261 4298 1301 4354 17,
1314 4298 1436 4361 Cydonia

270 4377 313 4472 pro
324 4361 426 4425 vulgari,
439 4379 494 4438 que
510 4363 578 4426 virgo
594 4363 704 4420 barbara,
718 4362 765 4420 vel,
777 4378 834 4427 que
866 4379 953 4421 arcam
971 4363 988 4420 i,
1003 4365 1041 4420 15,
1056 4363 1095 4419 17,
1109 4363 1208 4411 &otim
1223 4364 1326 4410 calamus
1334 4379 1344 4420 ,·
1357 4361 1376 4417 i,
1387 4363 1431 4418 27,

287 4427 424 4474 arbararum
436 4427 556 4490 virginum
569 4443 576 4485 ;
593 4441 635 4491 per
650 4429 764 4490 virginem
781 4430 835 4475 bar·
867 4429 892 4482 ὅ,
907 4427 990 4476 Madau
999 4430 1121 4484 acinacen
1138 4425 1156 4484 i,
1167 4427 1207 4481 16,
1219 4427 1244 4481 9,
1254 4424 1355 4474 Noricam
1362 4429 1430 4482 aaut,

270 4490 348 4536 baram
365 4489 474 4602 intelligo
490 4493 587 4553 regum,
598 4505 654 4554 qua
670 4489 715 4538 int'.
725 4489 760 4548 iii,
772 4492 798 4544 2,
809 4493 833 4548 8,
866 4500 892 4540 et
900 4490 1020 4554 ejusmodi
1029 4490 1122 4602 penem
1131 4489 1188 4538 alia.
1206 4490 1317 4546 raam,
1329 4496 1433 4555 epatre,

269 4551 311 4600 ubi
330 4553 419 4618 pariter
458 4553 659 4603 eRomanorum
688 4554 833 4612 fortitudine,
867 4555 1020 4618 quieousus
1041 4561 1237 4620 nerataccepto.
