3150 5200
302 331 367 396 536
554 323 824 392 EPISTOLA
853 321 927 388 AD
957 321 1201 388 PISONES.

335 481 357 544 5
389 480 580 565 Spectatum
594 479 729 542 admissi
741 478 843 542 risum
857 475 1007 552 teneatis,
1023 475 1139 539 amicit

387 581 532 658 Credite,
549 581 698 657 Pisones,
713 581 768 644 isti
783 576 903 642 tabuloe
917 575 988 641 fore
1000 575 1120 641 librum

387 682 599 758 Pessimilem,
615 683 720 766 cujus,
735 679 824 745 velut
838 678 918 762 oegri
933 677 1067 755 somnia,
1083 699 1175 742 vanae

386 783 568 866 Fingentur
582 783 719 867 species,
734 793 772 846 ut
786 802 847 845 nec
863 802 932 864 pes,
947 802 1009 844 nec
1023 790 1123 864 caput
1137 779 1195 843 uni

387 882 562 948 Reddatur
576 882 700 954 formae.
744 881 931 947 Pictoribus
945 892 1044 964 atque
1058 881 1167 965 poetis

325 984 367 1048 10
388 984 560 1057 Quidlssiet
575 983 718 1048 audendi
734 1005 861 1067 semper
875 981 938 1046 fuit
952 1003 1046 1066 aequa
1059 991 1216 1066 potestas.

388 1084 526 1162 Scimus,
542 1095 576 1149 et
591 1085 675 1149 hanc
688 1085 815 1149 veniam
828 1084 1033 1168 petimusque
1048 1084 1229 1166 damusque
1243 1081 1403 1146 vicissim.

431 1185 499 1250 Sed
514 1208 590 1262 non,
606 1196 643 1250 ut
658 1185 796 1270 placidis
811 1194 927 1251 coeant
943 1185 1092 1265 immitia3
1116 1207 1192 1262 non,
1206 1195 1245 1248 ut

388 1285 565 1370 Serpentes
580 1287 694 1350 avibus
709 1287 931 1370 geminentur,
940 1287 1078 1369 tigribus
1093 1287 1180 1370 agni.

300 1491 414 1540 solemus.
442 1488 513 1548 Quod
521 1488 541 1537 si
550 1497 698 1554 reputassent
706 1504 788 1538 secum
799 1505 858 1539 non·
889 1492 960 1538 saissa
978 1499 1064 1538 κιαι-ο.
1106 1488 1148 1545 Ut,
1167 1488 1201 1537 its
1220 1485 1319 1551 quidem
1343 1494 1384 1542 ut,
1401 1494 1455 1535 cett.

301 1554 363 1604 nulli
382 1555 530 1618 interpretes,
554 1568 602 1600 non
623 1568 718 1618 operam
739 1553 765 1601 in
785 1553 859 1618 nujus
891 1555 985 1608 Atriam,
1004 1552 1105 1608 nedum,
1123 1561 1226 1617 turpem,
1237 1559 1266 1599 ut
1280 1552 1360 1614 plau
1380 1561 1457 1611 turpes

300 1616 412 1667 carminis
429 1615 552 1666 sententiis
570 1618 742 1690 preceptisque
759 1616 791 1665 ad
807 1632 859 1665 cer·
892 1616 956 1682 apud
969 1616 1037 1680 virg.
1049 1617 1225 1674 Geo.ir,395.
1256 1615 1454 1675 narniam·

301 1690 354 1730 turn
374 1681 480 1730 ordinem
500 1680 623 1728 artificiose
640 1689 665 1729 et
683 1695 764 1729 severa
780 1695 859 1754 granu
891 1698 951 1729 erm:
969 1680 1038 1744 virg.
1052 1683 1111 1731 AEn.
1123 1681 1203 1736 x,2ll
1215 1678 1246 1727 de
1256 1678 1369 1735 Tritone,
1383 1677 1455 1724 Frons

299 1745 439 1794 maticorum
450 1743 583 1793 subtilitate
593 1743 655 1793 inter
665 1759 690 1792 se
703 1743 860 1794 conciliandis
891 1746 1001 1792 hominem
1010 1745 1115 1811 prefert,
1126 1746 1153 1792 in
1161 1746 1249 1806 pristin
1258 1744 1346 1790 desistit
1357 1744 1435 1790 olous

300 1807 466 1874 perdidissent.
509 1807 614 1864 Titulus,
636 1807 678 1872 qui
703 1809 775 1872 vulgo
801 1807 858 1856 huic
923 1811 949 1856 5.
965 1808 1096 1869 Spectatum
1105 1811 1353 1863 armentum,
1362 1820 1456 1869 queso,

300 1873 400 1921 carmini
411 1871 548 1937 prefigitur,
559 1873 603 1921 Ars
612 1872 713 1927 Portica,
725 1881 762 1920 est
772 1871 859 1922 Grann-
892 1871 963 1920 amici
979 1871 1102 1934 (Pisones,
1118 1872 1150 1921 ed
1166 1887 1226 1936 quos
1241 1869 1330 1933 scripta
1348 1879 1389 1918 est
1406 1869 1455 1918 liet

300 1936 441 1985 maticonun
452 1935 583 1984 inventurn.
697 1935 739 1984 tim
751 1935 804 1984 sine
813 1935 860 1984 du·
892 1935 1000 2001 epistola,
1010 1936 1140 2002 appellat),
1151 1935 1173 1983 si
1188 1935 1264 2000 pi’ctor
1278 1933 1379 1997 copiam
1389 1932 1456 1981 vobis

299 2001 340 2049 bio
352 2000 414 2048 hanc
426 2000 535 2064 Epistola
548 1998 623 2048 edidit
663 1999 766 2059 oratius,
783 2008 861 2065 potest
891 1998 1392 2062 lecissete'usmodinionstrotemspecietn
1400 2012 1456 2045 eon·

300 2062 471 2175 {giturillasvel
484 2063 861 2178 adllibmmlmctqudpmplontpd
891 2017 1032 2174 pempltntii,
1055 2064 1253 2176 nuiiitinqum'
1276 2075 1293 2109 a
1311 2061 1366 2110 risu
1388 2060 1454 2109 robis

310 2143 376 2175 anun
393 2142 523 2183 reern,ve
551 2143 595 2175 sim
623 2143 654 2176 ici
678 2144 689 2175 r
743 2141 764 2176 ιι
901 2142 938 2175 em
970 2143 1020 2177 rare

301 2191 404 2240 Pisones
413 2191 501 2240 vocari.
597 2143 613 2192 P
727 2144 743 2193 p
924 2143 998 2240 6⁹39.
1016 2143 1117 2248 cmo,
1131 2193 1298 2247 Pisoracaoett.
1330 2190 1393 2238 Jarn
1402 2190 1452 2236 Ho-

334 2255 416 2303 Prece
434 2264 467 2310 ta,
480 2253 564 2302 tuturis
624 2254 655 2302 tis
668 2263 692 2304 et
704 2253 860 2321 scriptoribus
891 2254 974 2312 ratius,
989 2256 1049 2319 qnid
1065 2255 1111 2303 sibi
1129 2253 1230 2304 voluerit
1244 2268 1302 2302 cunr
1318 2253 1417 2308 tabula,
1430 2253 1454 2299 in

301 2318 326 2366 in
344 2319 389 2366 hac
425 2319 511 2384 pistole
527 2319 558 2366 ab
602 2318 813 2384 oratioproposita,
827 2320 860 2367 V.
891 2333 942 2382 que
955 2328 1085 2368 monstrosa
1096 2319 1171 2368 sonna
1187 2333 1201 2365 a
1215 2317 1306 2381 pictore
1317 2317 1405 2380 aliquo
1414 2331 1453 2365 er-

301 2382 342 2431 Cl.
357 2382 528 2438 Wetrelius,in
546 2381 644 2445 gretiam
661 2398 743 2432 sonim
759 2382 802 2446 qui
816 2381 861 2430 illa
891 2381 967 2430 hibita
978 2382 1037 2440 sit,i
1090 2382 1204 2448 explicat.
1236 2381 1453 2456 Τιιιὶιιιιιιειιιιιιι-Ι

301 2460 349 2493 uno
359 2447 444 2495 obtutu
455 2461 596 2508 cognoscere
606 2453 631 2494 et
640 2447 740 2494 lustrare
750 2445 859 2510 cupiant,
891 2446 959 2502 tiam,
977 2446 1019 2510 qni
1056 2447 1191 2496 'duodone
1207 2444 1297 2509 majore
1314 2453 1371 2508 post
1387 2447 1453 2492 miei
1535 2458 1536 2471 ¹

299 2507 384 2619 paucis
410 2509 488 2558 verbis
513 2523 623 2573 expressa
647 2509 721 2557 hu'us
747 2509 859 2560 carminis
890 2509 995 2568 sublate,
1016 2514 1085 2559 amici
1106 2519 1131 2560 et
1153 2512 1245 2559 Pisones
1263 2508 1383 2581 jungunt.
1422 2509 1452 2556 L.
1535 2540 1536 2543 η

310 2571 371 2620 ronti
380 2571 540 2637 preponenda
548 2572 649 2621 curavit.
717 2573 799 2623 uidem
809 2574 859 2639 ipse
891 2573 961 2639 cup.
972 2575 1084 2624 Pisonem
1095 2589 1125 2624 ex
1137 2581 1207 2638 gente
1217 2572 1369 2621 nobilissima
1377 2583 1452 2621 osten

299 2634 329 2683 de
346 2636 469 2702 preceptis
480 2652 535 2699 quie
546 2635 612 2684 dedit
627 2636 740 2685 Horatius
751 2653 795 2685 suo
806 2638 860 2687 loco
890 2638 972 2697 luisse,
978 2640 1029 2705 jem
1038 2640 1064 2687 in
1070 2640 1172 2701 Argum.
1178 2638 1269 2686 monui.
1281 2638 1383 2711 fimi*
1389 2636 1452 2683 seili-

301 2714 422 2810 agiffll.
439 2761 545 2811 Primum
553 2764 716 2829 Praeceptum:
730 2766 781 2823 liei,
791 2782 859 2827 quam
890 2701 1453 2835 mdcxgmiiigffidepiiiffllfflss

300 2828 408 2875 describit
429 2836 503 2887 poeto,
524 2844 596 2875 omnes
616 2845 643 2875 ne
663 2830 760 2892 singule
781 2838 860 2890 portes
888 2832 963 2891 pilius
977 2834 1073 2895 maguis
1082 2838 1206 2880 vocantur.
1239 2830 1296 2878 Jam
1378 2843 1450 2891 scrip

298 2893 794 2953 respondereetacommodataeesssdebmt.
891 2900 940 2942 tarn
957 2895 1019 2944 hanc
1031 2894 1163 2960 Epistulam
1177 2893 1292 2942 Lcat.
1327 2892 1365 2940 iso
1378 2893 1412 2941 U.
1421 2892 1453 2939 C.

334 2956 356 3001 l.
375 2954 571 3016 Humanoeopiti,
580 2963 636 3003 cett.
669 2954 857 3020 Poeta,quiali-
892 2974 1050 3007 nocxxxvnr
1066 2956 1254 3007 commum
1291 2955 1453 3003 rusoIibone

299 3018 358 3081 quid
369 3018 437 3080 lingit
446 3018 605 3093 cujuspartes
621 3018 785 3068 reifictmnon
799 3035 857 3068 con·
889 3024 974 3071 consul
997 3022 1058 3072 luit:
1084 3021 1134 3071 vid.
1157 3020 1266 3069 Freinsh.
1287 3019 1376 3083 Suppl.
1399 3018 1450 3067 Lis.

299 3082 407 3138 veniunt,
429 3083 514 3130 similis
532 3090 569 3130 est
587 3082 680 3148 pictori,
697 3082 740 3147 qui
759 3082 858 3132 sormam
889 3088 1038 3143 curviol.
1071 3086 1140 3134 Idem
1157 3092 1240 3150 postea
1254 3084 1309 3132 urbi
1323 3083 1450 3148 prefectus

299 3144 331 3193 ali
349 3160 405 3193 uam
426 3162 456 3195 ex
478 3144 600 3194 hominum
621 3156 647 3195 et
667 3148 784 3195 rariorum
806 3147 858 3197 ani·
889 3149 1073 3199 esta'l'ibsrio:
1090 3150 1139 3199 rid.
1150 3151 1250 3198 Sueton.
1260 3148 1318 3196 Tib.
1329 3148 1372 3201 tt,
1388 3146 1450 3195 vdt

298 3162 398 3257 insitum
423 3209 533 3258 membris
558 3209 658 3259 ridicule
684 3211 805 3276 componit
833 3220 859 3260 et
890 3214 985 3263 Patere.
994 3214 1020 3271 ii,
1029 3216 1072 3263 98.
1092 3210 1450 3275 Istitotatae,inquapietaest

299 3272 399 3334 effingit.
890 3287 1029 3334 montuosa,
1050 3292 1123 3342 quern
1142 3275 1201 3331 dixi,
1219 3274 1320 3341 speeies.
1353 3274 1450 3322 nstra·

332 3336 439 3383 Hismario
458 3338 544 3397 copiti:
562 3337 634 3401 quale
653 3345 727 3403 caput
744 3338 857 3387 Horatius
888 3346 988 3403 -eip'us
1009 3343 1140 3406 Fingentar
1158 3343 1248 3402 speeies,
1270 3349 1297 3387 ut
1318 3355 1361 3386 nse
1381 3355 1450 3400 pes—

297 3398 448 3474 intellexerlt
467 3414 508 3463 per
524 3403 640 3449 mulierem
652 3402 779 3467 sonuerim
796 3420 820 3451 ι.
841 3406 857 3451 t
890 3404 1013 3453 Reddatur
1016 3408 1110 3470 forme,
1121 3406 1146 3453 h.
1157 3420 1181 3454 e·
1191 3412 1322 3468 poturus!
1338 3417 1388 3467 qm
1403 3401 1447 3450 5⁰¹·

298 3461 444 3525 desuflans
888 3483 942 3526 me,
960 3468 1034 3518 veluti
1053 3469 1146 3518 somnia
1163 3468 1223 3517 lebri
1242 3467 1385 3522 laborantis,
1402 3475 1448 3513 tan

327 3528 400 3576 2-4.
419 3528 449 3575 Et
461 3531 537 3578 varios
549 3532 656 3578 inducere
671 3530 776 3591 plumas.-
792 3530 854 3588 hec,
887 3547 956 3581 vanas
971 3542 996 3582 et
1012 3533 1119 3582 ridiculis
1134 3533 1263 3595 fingentur,
1275 3538 1303 3577 ut
1314 3529 1358 3577 uni
1369 3531 1449 3578 tornis

295 3590 374 3639 deleta
396 3590 548 3642 distinctione
568 3602 621 3659 post
638 3594 737 3655 plumas,
757 3610 804 3643 non
824 3595 855 3643 ad
887 3611 931 3645 nec
951 3612 1002 3661 pes,
1023 3612 1067 3645 nec
1086 3605 1167 3662 capnt,
1189 3593 1253 3660 quod
1271 3594 1295 3642 ei
1313 3593 1447 3647 conveniat,

295 3652 461 3718 precedentis,
474 3656 515 3704 sed
534 3658 564 3705 ad
581 3656 706 3721 sequentia
723 3658 812 3718 resero3
828 3668 856 3707 ut
886 3660 1011 3709 tribuatur.
1035 3656 1448 3725 Profingentarinpluribuscodd.

295 3720 335 3774 sit,
347 3726 372 3767 st
382 3719 440 3766 varii
456 3720 542 3769 coloris
554 3736 645 3786 penum
657 3722 768 3770 membris
783 3722 854 3771 undi·
887 3725 953 3788 apud
971 3726 1044 3773 Foarn
1060 3733 1085 3773 et
1098 3725 1123 3772 in
1137 3724 1247 3772 omnibns
1262 3721 1371 3785 antiquis
1381 3720 1447 3771 editt.

295 3798 343 3846 que
358 3782 451 3831 collatis
465 3784 537 3849 appin
554 3801 602 3833 ere.
631 3784 743 3834 iuducere
760 3785 791 3835 de
805 3787 856 3851 pic·
888 3789 951 3837 male
964 3790 1050 3851 legitur
1056 3790 1188 3853 fingantur
1195 3806 1204 3845 3
1222 3801 1278 3834 nam
1286 3786 1392 3858 primurn
1395 3786 1447 3849 fis·

295 3801 687 3913 toribus,quipeniciilocolorem
717 3849 857 3898 ictus-ali·
885 3862 973 3925 geritur
989 3853 1116 3917 respondet
1130 3850 1270 3915 futurosors
1284 3851 1391 3909 inv.6;
1405 3849 1446 3897 de·

296 3910 336 3959 cui
354 3910 451 3959 illinunt
467 3912 506 3960 vel
526 3912 670 3960 immittunt:
712 3913 756 3961 lin.
772 3914 806 3962 ll.
822 3915 857 3962 N.
888 3915 1002 3980 sudejarn
1019 3916 1225 3965 rnonetHoretlus
1242 3913 1334 3961 tuturos
1351 3913 1445 3964 densum

294 3990 367 4029 xxxv,
380 3977 419 4032 16,
436 3977 531 4023 colorem
547 3979 655 4024 inducere
671 3980 775 4037 picture.
812 3978 855 4025 Va·
888 3988 978 4042 poetas,
994 3989 1019 4028 et
1034 3980 1133 4044 proinde
1147 3978 1244 4028 Pisonis
1259 3977 1336 4025 filium
1352 3991 1446 4042 qnoque

294 4041 351 4093 rios,
363 4038 529 4099 versicolores,
546 4038 579 4088 sic
597 4054 660 4105 sape
672 4043 750 4088 eostur
763 4042 856 4105 (molto
889 4050 948 4091 natu
972 4044 1094 4107 majorem,
1118 4042 1149 4091 ad
1173 4042 1256 4107 poesin
1280 4040 1446 4106 adspirsntens.

295 4102 364 4161 λος).
407 4102 513 4165 Undique
539 4106 628 4151 collatis
651 4106 761 4160 membris,
785 4104 810 4153 h.
833 4122 856 4155 e.
892 4106 933 4161 Ut,
945 4107 1008 4155 sicut
1018 4125 1041 4154 v.
1053 4108 1078 4162 3,
1093 4122 1143 4171 pro,
1155 4106 1190 4154 ita
1203 4105 1302 4170 quidem
1319 4114 1357 4153 ut.
1384 4106 1444 4152 Red-

294 4164 462 4213 membrisund
495 4166 854 4241 uaque,i.e.aquovisanimali,
888 4172 967 4226 datar,
979 4171 1057 4226 detur,
1065 4171 1131 4234 qnod
1141 4171 1244 4219 debebat
1253 4169 1314 4218 deri.
1347 4169 1445 4216 Pictori-

294 4227 449 4302 translatiset
464 4230 482 4277 ri
499 4230 570 4279 iculae
585 4230 672 4295 species
683 4241 854 4295 representau-
887 4234 928 4280 las
938 4245 1007 4297 atque
1016 4238 1096 4296 poetis,
1107 4244 1162 4284 cett
1182 4236 1217 4282 At
1228 4233 1303 4299 poetis
1313 4240 1386 4296 atque
1396 4232 1444 4297 pic-

293 4290 331 4339 dte
345 4291 471 4353 adhibitum
488 4293 522 4341 sic
555 4294 609 4341 lane
623 4295 852 4361 andlqmsup.0d.
884 4296 984 4354 toribus,
995 4307 1101 4363 opponat
1116 4298 1174 4347 mihi
1191 4298 1290 4361 aliquis,
1301 4312 1394 4361 semper
1404 4310 1444 4342 au·

295 4354 314 4428 i,
327 4356 365 4429 PG,
380 4357 418 4411 ll,
434 4356 453 4401 F
452 4366 519 4405 ertur
530 4310 675 4404 Hronietltens
690 4361 774 4408 addere
785 4364 852 4421 pria-
884 4360 969 4409 dacius
978 4362 1069 4426 aliquid
1080 4361 1186 4425 fingendi
1195 4362 1252 4409 data
1262 4369 1299 4410 est
1309 4359 1414 4409 lieentia.

293 4434 339 4477 erpi
352 4420 417 4466 [imo
434 4430 524 4468 coactus
537 4422 676 4482 porticulum
692 4424 793 4485 erudiisse
806 4425 852 4471 De·
919 4427 1024 4475 12-23.
1040 4426 1179 4475 Secundum
1190 4427 1356 4490 Praeceptum:
1377 4424 1442 4470 Poeta

293 4489 382 4539 sermm,
395 4492 416 4530 et
427 4486 504 4532 insoni
519 4486 588 4532 honis
603 4486 650 4535 Vim
661 4488 773 4535 stomacho
783 4504 853 4550 oppo-
886 4506 931 4537 non
951 4492 1014 4537 dedat
1033 4506 1108 4538 urum
1122 4491 1280 4553 repugnantia
1297 4492 1443 4551 mnjsagtm
