3150 5200
549 310 716 376 LIBER
739 311 767 388 1,
795 312 846 375 16.

518 665 756 731 EPISTOLA
778 665 875 732 XVl.

494 894 557 942 AD
599 894 902 949 QUINCTIUM.

210 1069 268 1134 Ns
282 1071 495 1154 perconteris
511 1070 632 1134 fundus
647 1054 750 1148 meris,
765 1073 887 1156 optime
902 1071 1048 1148 Quincti,

210 1169 303 1237 Areo
318 1183 431 1257 pascat
445 1172 571 1250 herum,
587 1195 629 1237 an
639 1174 752 1246 ,baccis
767 1174 936 1258 opulentet
951 1171 1054 1251 olive,

212 1273 376 1352 Pomisne‚
391 1297 434 1338 an
448 1277 562 1359 pratia,
579 1297 620 1339 an
636 1275 751 1339 amicta
766 1277 887 1340 vitibus
902 1276 1006 1340 ulmo:

211 1375 381 1441 Scribetur
394 1376 455 1441 tibi
469 1375 571 1441 forma
585 1376 774 1459 loquaciter,
791 1388 825 1441 et
840 1378 922 1440 situs
935 1378 1017 1461 agri.

158 1477 179 1540 5
213 1476 368 1541 Continui
381 1489 519 1554 montes,
532 1479 596 1542 nisi
609 1477 827 1542 dissocientur
840 1500 945 1562 opaca

213 1579 324 1657 Valle;
349 1579 408 1643 sed
421 1589 459 1643 ut
474 1579 605 1643 veniens
620 1578 772 1643 dextrum
782 1579 867 1644 latus
882 1579 1043 1663 adspiciat
1057 1578 1118 1656 sol,

214 1681 350 1745 Laevum
364 1681 527 1746 decedens
542 1703 640 1744 curru
655 1679 801 1765 fugiente
814 1692 960 1765 vaporet.

212 1782 419 1867 Temperiem
432 1782 557 1846 laudes.
603 1782 695 1856 Quid
707 1786 720 1846 i
745 1785 772 1846 si
787 1783 969 1847 rubicunda
983 1784 1124 1867 benigne

214 1885 324 1949 Coma
338 1907 454 1969 vepres
469 1896 503 1949 et
517 1907 623 1967 pruna
638 1883 770 1948 ferunt?
795 1887 823 1948 si
838 1906 978 1968 quercus
993 1894 1027 1948 et
1039 1884 1105 1948 ilex

151 1987 191 2049 10
213 1985 321 2050 Multa
336 1985 430 2070 fruge
444 2007 557 2069 pecus,
573 1985 674 2050 multa
689 1986 855 2050 dominum
865 1987 959 2069 juvat
972 1988 1109 2051 umbrat

213 2088 316 2153 Dicas
332 2087 511 2153 adductum
525 2089 661 2171 propius
677 2086 830 2153 frondere
844 2086 1035 2152 Tarentum.

215 2189 303 2253 Fons
317 2190 425 2264 etiam,
442 2189 511 2252 rivo
526 2189 604 2252 dare
620 2211 736 2254 nomen
751 2189 900 2266 idoneus,
916 2200 953 2253 ut
967 2211 1027 2253 nec

213 2290 376 2374 Frigidior
391 2289 555 2356 Thracam
570 2313 631 2356 nec
646 2292 757 2375 purior
773 2292 895 2355 ambiat
909 2291 1055 2368 Hebrus,

213 2391 346 2456 lnlirmo
362 2393 461 2476 capiti
476 2392 547 2455 fluit
563 2392 663 2469 utilis,
679 2391 767 2455 utilis
783 2392 864 2456 alvo,

214 2565 216 2570 '
279 2559 449 2609 EPISTOLA
467 2559 541 2609 XVI.
720 2557 802 2609 cidens
811 2559 898 2609 lerum
906 2560 1024 2609 montium
1034 2558 1279 2626 latustepidovapore

161 2622 284 2679 Horatius,
304 2631 428 2688 postquam
445 2624 471 2672 in
503 2623 602 2689 rinoipio
612 2621 688 2688 hujus
720 2624 825 2672 obducat
835 2634 859 2673 et
869 2625 999 2674 obumbret

128 2687 246 2754 Epistola
257 2688 287 2737 ad
305 2687 447 2746 Quinctium
458 2640 521 2737 viiie
532 2704 582 2736 sue
593 2687 688 2737 Sabinae
754 2690 778 2736 Β.
797 2688 943 2751 Temperiem,
963 2705 999 2737 sc.
1013 2688 1083 2744 aeris,
1101 2690 1191 2743 mlum,
1208 2698 1237 2738 ut
1253 2688 1279 2736 in

128 2752 203 2802 situm
225 2752 343 2801 coloribus
364 2750 489 2817 descripsit
516 2751 688 2816 pulcherrimis,
721 2767 791 2800 versu
801 2753 1043 2818 primopreoedentis
1060 2752 1281 2818 Epistolerdicitur.

129 2814 250 2881 quomodo
262 2816 292 2873 is,
304 2814 344 2881 qui
356 2830 409 2865 vere
419 2817 498 2865 bonus
508 2816 589 2865 haberi
602 2825 626 2865 et
637 2830 690 2872 vere
723 2817 804 2869 Quid?
814 2821 833 2865 si
843 2820 974 2865 nltimam
980 2820 1084 2891 benigne,
1095 2825 1152 2866 cett
1160 2833 1216 2891 ergo
1227 2819 1280 2865 Ho-

129 2882 215 2929 beatus
224 2896 276 2931 esse
290 2880 366 2945 cupit,
378 2879 465 2929 sentire
477 2888 502 2929 et
517 2895 585 2943 agera
595 2880 690 2937 debeat,
723 2880 797 2930 ratius
813 2880 838 2928 in
856 2880 915 2928 villa
930 2897 983 2938 sua,
994 2882 1037 2930 ubi
1051 2897 1133 2947 vepres
1147 2882 1280 2930 rubicunde

129 2960 195 2993 more
211 2960 255 2992 suo
271 2946 349 2994 docet
382 2944 422 2992 Ad
433 2944 536 2993 eundem
548 2944 691 3003 Quinctium
723 2945 1040 3011 comaetprunaierebant.
1052 2961 1130 2994 auree
1142 2944 1219 2994 etatis
1227 2962 1280 2995 res·

130 3009 163 3057 H'
194 3007 261 3057 inum
283 3008 371 3073 scripta
394 3017 431 3057 est
450 3009 497 3057 oda
518 3008 572 3057 libri
587 3006 687 3059 secundi
719 3008 779 3072 tigia
800 3008 831 3057 de
848 3009 984 3059 rehendisse
1002 3010 1112 3059 videtur:
1137 3010 1206 3073 virg.
1225 3010 1281 3059 Bel.

129 3089 165 3122 un
182 3073 266 3121 ecima.
720 3072 752 3130 iv,
765 3074 806 3130 29,
834 3088 935 3122 samaa
947 3082 1025 3131 etate,
1043 3074 1281 3137 Inmitisqaeraietr

165 3138 189 3193 1,
200 3140 225 3185 2.
242 3137 340 3187 Fundere
350 3138 505 3185 »nem-Arva
515 3146 601 3199 masat,
609 3144 689 3185 utrum
720 3140 827 3199 pendebit
835 3140 935 3186 tentibus
945 3155 1000 3187 uva.

129 3200 254 3313 villaraqea
265 3200 688 3265 frumentoinagriscallectodomi·
756 3202 796 3250 10.
823 3202 902 3250 Melta
910 3203 998 3268 farge,
1016 3201 1155 3267 glandibus.
1197 3204 1279 3260 Pecus,

131 3281 192 3313 num
227 3271 261 3313 at.
722 3280 786 3314 sues.

165 3330 191 3377 3.
203 3330 241 3376 Aa
261 3331 345 3376 amicto
364 3332 449 3377 sitibat
470 3331 541 3387 aimo,
562 3329 690 3393 elegantis·
756 3330 796 3379 ll.
809 3331 1023 3386 Dteasoddeetum,
1031 3338 1087 3380 cett
1096 3331 1182 3396 quodsi
1189 3341 1282 3397 spectes

131 3393 193 3442 sime
218 3406 261 3458 pro
281 3391 383 3455 vulgari.
400 3408 431 3441 an
449 3393 520 3452 rino;
542 3393 568 3441 in
588 3394 690 3442 arbustis
723 3394 798 3458 bajus
819 3394 921 3459 regionis
939 3395 1100 3451 amoenitates,
1120 3396 1202 3452 situm,
1220 3396 1283 3445 aeris

131 3456 197 3508 enim
213 3465 341 3507 nascuntur
356 3473 409 3507 ure
424 3456 450 3505 in
461 3456 558 3512 vitibus.
570 3460 689 3515 arborum,
722 3458 868 3523 temperiem,
881 3468 907 3507 et
920 3458 1073 3515 fertilitatem.
1086 3462 1216 3509 Tarentum
1234 3460 1282 3509 hnc

132 3520 252 3587 precipue
279 3520 406 3577 ulmorum,
439 3529 524 3570 munao
549 3522 690 3587 applicatis;
722 3522 864 3571 translatum
878 3525 989 3580 esse,vei
1005 3524 1141 3573 tealtsrum
1152 3524 1283 3574 Tarentum

132 3585 215 3634 ulmus
236 3584 310 3648 igitur
331 3588 441 3634 amicitur
466 3588 560 3643 aititsrs,
587 3595 611 3635 et
634 3585 690 3635 binc
722 3586 762 3634 hic
782 3586 862 3635 videre
882 3586 1011 3635 existimes.
1046 3587 1087 3635 Ad
1108 3588 1283 3640 amoenissimas

131 3649 238 3698 suaviter
260 3650 322 3698 vites
348 3652 419 3698 rrlmor
441 3649 584 3713 (Columell.
606 3666 631 3707 r,
652 3651 692 3711 6),
724 3649 803 3699 ltaliae
812 3651 919 3715 regiones
931 3651 1045 3700 Horatius
1058 3651 1117 3699 alibi
1128 3668 1224 3717 quoque
1235 3654 1282 3703 Ta·

131 3714 171 3762 vel
189 3716 283 3775 populor
304 3713 399 3778 (Epod.
419 3715 444 3769 2,
464 3714 509 3779 10)
526 3718 637 3763 meritare
656 3714 693 3762 di·
726 3713 842 3763 rentinam
854 3715 938 3763 refert:
956 3714 989 3762 ci.
1001 3715 1048 3763 Od.
1060 3716 1086 3771 ii,
1095 3718 1120 3773 6,
1132 3717 1162 3764 10
1180 3733 1232 3781 sqq.
1247 3717 1282 3775 iii,

133 3786 230 3829 cuntur.
726 3781 750 3835 ὖ,
762 3779 811 3837 66;
826 3779 918 3842 etquis
933 3778 958 3826 in
973 3779 1018 3827 bac
1030 3794 1125 3829 amoena
1135 3780 1232 3843 regione
1241 3782 1284 3830 bo·

166 3841 354 3903 stupraretur,
378 3849 406 3889 ut
426 3842 539 3906 loquaces
561 3849 585 3891 et
603 3842 696 3891 verbosi
728 3841 805 3891 mines
820 3843 933 3891 vivebant
953 3843 1058 3901 mollius,
1083 3845 1208 3892 Tarentum
1229 3860 1284 3909 sup.

132 3920 187 3955 esse
209 3906 313 3954 solemus
333 3904 359 3952 in
378 3904 534 3971 descriptione
555 3906 590 3956 rei
612 3906 692 3955 animo
724 3908 775 3955 Sat.
792 3907 819 3962 ii,
837 3910 862 3963 4,
877 3908 1021 3955 sevocatur
1034 3909 1109 3955 molle.
1151 3910 1284 3956 Adductum

133 3977 216 4018 nostro
226 3967 334 4034 inprimis
344 3984 414 4018 aare.
717 3970 841 4035 frmdert,
853 3970 987 4035 elegantius
999 3986 1048 4035 pm,
1060 3970 1190 4019 adductum
1200 3986 1262 4021 esse.

167 4036 193 4090 5,
204 4034 229 4081 6.
242 4034 294 4081 Nt'ri
303 4035 453 4083 dissocientur
463 4051 532 4097 opaea
544 4035 621 4081 Valle:
633 4050 692 4099 pre·
761 4036 865 4083 12-14.
884 4036 943 4083 Fons
956 4039 1034 4092 amm,
1046 4042 1103 4083 cett.
1137 4034 1202 4082 Fons
1212 4037 1285 4085 etiam

132 4106 242 4161 terquam
254 4096 318 4161 quod
329 4106 441 4162 perpetua
450 4114 531 4147 eorum
548 4098 619 4147 series
633 4098 695 4147 valle
728 4098 875 4155 Bandusiae,
886 4113 957 4163 quem
968 4098 1097 4147 celebrarit
1106 4099 1221 4147 Horatius
1232 4116 1286 4166 sup.

133 4176 220 4226 opaca,
239 4162 332 4217 Ustica,
353 4162 477 4226 interjecta
493 4162 619 4211 dirimitur.
652 4163 696 4211 Sed
729 4162 777 4211 Od.
797 4162 833 4221 iii,
855 4165 884 4211 13
908 4166 1018 4228 (irionem
1039 4166 1105 4221 dare,
1126 4164 1222 4221 Graece,
1244 4166 1286 4229 qui

133 4229 272 4282 servantem,
284 4232 341 4275 cett.
355 4225 696 4289 itatamen,utsol(veniens)
728 4225 792 4289 det),
814 4235 863 4275 tam
885 4228 980 4299 largiter
1002 4228 1087 4282 fluens,
1108 4236 1135 4274 ut
1156 4241 1220 4290 aqua
1242 4244 1288 4278 sua

133 4290 214 4339 oriens
226 4289 251 4337 in
262 4290 372 4339 dextrum
383 4306 463 4339 eorum
481 4291 544 4340 latus
561 4291 639 4340 radios
654 4291 696 4339 de·
729 4291 807 4339 nrum
823 4292 904 4349 iaciat,
914 4307 985 4356 etque
1003 4306 1090 4340 nomen
1107 4292 1221 4354 Digentia
1237 4292 1287 4351 det,

134 4354 226 4403 mittat.
729 4364 754 4404 et
770 4355 806 4403 ita
821 4365 980 4422 comparatus,
993 4364 1020 4405 ut
1035 4370 1079 4404 nee
1094 4356 1175 4420 purior
1184 4370 1229 4405 nec
1246 4357 1287 4405 iri·

169 4420 193 4467 7.
222 4418 316 4467 houm
337 4422 452 4477 decedens,
470 4430 526 4469 cett.
553 4419 625 4469 celeri
644 4436 699 4468 vero
730 4418 807 4484 gidior
825 4422 921 4470 Hebrus
937 4421 1065 4470 Thraciam
1083 4420 1181 4475 ambiat,
1195 4419 1288 4470 infirmo

132 4483 371 4535 cunuadoccasum
384 4500 464 4541 mens,
476 4484 500 4532 b.
511 4500 532 4533 e.
545 4484 580 4532 sol
592 4500 647 4532 vero
658 4500 698 4532 oc·
731 4484 805 4549 capiti
822 4494 847 4534 at
865 4486 918 4535 alvo
934 4485 1037 4535 salubris
1054 4484 1114 4532 fluit
1147 4484 1218 4532 Utilis
1237 4502 1288 4552 pro,
