3150 5200
558 345 721 411 LIBER
746 347 808 422 lV,
838 349 885 410 lt.

557 581 761 644 CARMEN
788 581 884 646 XIV.

512 777 578 823 AD
618 777 932 827 AUGUSTUM.

362 903 450 978 Qum
466 923 545 966 cura
560 900 706 975 Petrum,
723 922 836 982 quaeve
853 899 1041 976 Quiritium,

364 1003 474 1067 Plenis
489 1002 649 1066 honorum
663 1002 853 1064 muneribus
869 1012 953 1078 tuas,

405 1103 568 1186 Auguste,
586 1103 722 1166 virtutes
737 1103 770 1165 in
786 1125 890 1166 aevum

450 1204 516 1269 Per
532 1203 643 1268 titulos
658 1225 882 1286 memoresque
897 1203 1001 1268 fastus

322 1307 343 1366 5
364 1303 540 1368 AEternetl
564 1327 595 1381 o,
612 1327 677 1388 qna
693 1303 741 1368 sol
755 1303 950 1368 habitabiles

366 1405 512 1468 Illustrat
527 1427 612 1482 oras,
628 1405 765 1468 maxime
781 1405 981 1488 principum

405 1506 513 1579 Quem
527 1507 609 1590 legis
624 1516 777 1590 expertes
793 1506 921 1569 Latinae

453 1608 619 1672 Vindelici
634 1608 778 1671 didicere
794 1630 910 1690 nuper,

147 1755 496 1820 Mitscb.comperatllleleag.
507 1755 599 1812 xlix,2,
610 1757 709 1805 Antbol.
742 1773 814 1820 quem
830 1757 913 1806 Druso
930 1757 1063 1822 adjutorem
1080 1757 1213 1817 addideras,
1232 1761 1304 1810 'libe-

147 1819 328 1883 Gneo.T.i,p.
338 1821 379 1867 16.
397 1820 710 1874 incineret,bincMartiel.
742 1821 799 1868 rius.
828 1822 854 1869 Is
872 1821 936 1870 enirn
954 1822 1078 1877 inbostes‚
1090 1823 1157 1871 velut
1172 1823 1263 1872 Auster
1279 1827 1304 1874 in

148 1885 187 1942 iii,
210 1885 252 1939 9³,
276 1885 315 1940 19,
339 1883 492 1938 Vetustillem,
515 1893 640 1948 postquam
659 1900 712 1933 eam
744 1883 873 1932 indomitas
890 1884 975 1941 undas,
993 1901 1073 1942 ruens,
1088 1895 1112 1934 et
1130 1887 1307 1940 omnia.veluti

148 1957 179 1996 nt
195 1947 322 1996 mulierem
337 1955 405 1994 atate
419 1947 491 2012 plene
506 1946 638 1996 conlectam
655 1947 714 1996 satis
747 1947 843 2012 rapidus
863 1949 960 2005 fluvius,
983 1960 1141 2013 prosternens,
1165 1949 1259 2014 insigne
1280 1954 1306 2002 in

147 2011 230 2076 lepide
241 2010 377 2074 descripsit,
387 2013 509 2058 dementem
525 2014 639 2060 cineribus
656 2015 712 2066 suis,
746 2009 792 2059 boc
816 2012 881 2059 bello
909 2012 1055 2061 tortitudinis
1079 2013 1201 2086 specimen
1223 2014 1305 2066 edidit.

150 2075 193 2139 (h.
204 2090 227 2124 e.
244 2074 310 2123 loeda
319 2073 395 2122 effoeti
409 2074 513 2139 corporis
525 2075 624 2135 torma.)
636 2079 714 2123 einim
747 2075 795 2123 Sed
812 2075 864 2123 hac
882 2075 964 2122 omnia
981 2077 1029 2124 tuis
1042 2079 1126 2140 copiis,
1144 2085 1185 2124 tuo
1195 2080 1306 2136 consilio,

148 2141 248 2202 prurire
264 2138 343 2198 adbuc
362 2154 461 2200 quarere
479 2138 527 2185 ait:
549 2139 581 2185 cl.
596 2139 671 2188 Mart.
689 2156 713 2195 r,
747 2138 795 2186 tuis
817 2137 921 2203 denique
940 2139 1054 2204 auspiciis
1076 2141 1139 2188 iacta
1160 2143 1230 2189 suntl
1269 2146 1308 2192 Ex

151 2203 196 2259 90,
209 2204 235 2250 2.
747 2216 797 2264 quo
822 2211 870 2250 tem
902 2218 927 2250 re
954 2214 1033 2252 autem
1063 2203 1212 2252 Alexandria
1238 2217 1308 2272 capta

746 2265 812 2313 bella
822 2265 869 2314 ciri
879 2266 903 2313 ia
913 2281 955 2330 per
968 2275 992 2316 te
1006 2267 1074 2315 finita
1084 2276 1148 2324 sunt,
1160 2268 1229 2316 novis
1243 2286 1306 2319 sem-

312 2329 465 2378 CARMEN
483 2330 556 2378 xlv.
778 2345 789 2376 r
807 2344 847 2395 per
860 2329 998 2392 quindecim
1011 2347 1075 2380 nnnc
1092 2347 1168 2379 annos
1183 2333 1309 2398 imperium

187 2395 264 2443 Arcto
277 2393 322 2441 hoc
333 2409 428 2442 cannen
440 2409 496 2441 cum
508 2392 580 2456 hujus
594 2392 648 2440 libri
663 2407 714 2440 car-
749 2395 750 2398 ’
775 2409 888 2440 ornanum
913 2395 999 2442 anxiati
1025 2395 1144 2454 victoriis,
1171 2395 1219 2445 imo
1245 2406 1309 2447 totus

153 2459 220 2506 mine
230 2465 316 2522 quarto
330 2457 480 2521 cognationis
491 2456 588 2504 vinculo
599 2457 715 2520 conjunc·
748 2467 862 2504 terrarum
879 2457 944 2505 orbis
958 2458 1003 2506 tibi
1019 2459 1143 2523 subjectus
1156 2469 1202 2516 est,
1214 2469 1240 2509 at
1251 2462 1308 2511 victi

152 2531 207 2570 turn
220 2531 265 2570 est.
294 2522 431 2584 Utrumque
443 2520 506 2569 eninr
520 2520 550 2568 ed
565 2520 718 2568 celebrandas
748 2520 831 2586 populi
862 2529 929 2568 tuum
960 2523 1106 2571 admirantur
1136 2525 1267 2588 potentiam
1280 2527 1311 2572 !’'

153 2585 277 2643 victorias,
288 2601 350 2649 quas
363 2584 411 2633 duo
423 2585 528 2647 Augusti
544 2585 654 2649 privigni,
667 2585 717 2633 Ne·
751 2584 870 2650 Scriptum
888 2586 934 2634 boc
949 2602 1045 2635 carmen
1062 2602 1115 2637 esse
1131 2604 1160 2637 eo
1175 2604 1247 2645 anno,
1261 2608 1309 2655 qno

153 2666 235 2707 renes,
254 2652 351 2697 Dnrsus
367 2658 392 2699 et
408 2648 526 2705 Tiberius,
544 2665 559 2696 a
580 2650 676 2697 Rhatis
695 2658 719 2697 et
751 2648 858 2713 Augusti
877 2658 932 2715 post
950 2651 1022 2699 trium
1041 2668 1158 2699 annorum
1178 2654 1310 2703 absentiam

155 2713 293 2763 Vindelicis
311 2721 469 2779 reportamnt,
482 2712 585 2777 Augusti
600 2713 670 2777 jussu
687 2714 718 2760 ab
750 2728 838 2786 magno
859 2714 965 2762 omniurn
991 2714 1108 2764 desiderio
1129 2719 1312 2781 exspectabatur

157 2778 260 2826 Horatio
278 2777 436 2842 compositum
452 2786 497 2825 est.
531 2777 644 2840 Superius
663 2776 717 2841 qui·
750 2776 850 2833 reditus,
861 2778 954 2841 exejus
965 2777 1032 2828 initio
1043 2780 1124 2843 colligi
1135 2790 1220 2844 potest.

156 2842 213 2891 dem
235 2841 319 2896 Drusi,
340 2848 399 2889 natu
425 2840 530 2896 minoris,
553 2840 598 2889 boc
621 2840 719 2895 Tiberii,
786 2842 859 2889 l-9.
883 2842 938 2895 Qua
956 2860 1014 2890 cure
1034 2844 1141 2900 Petrum,
1159 2861 1234 2906 quere
1252 2847 1311 2900 Qui·

157 2914 219 2953 natu
227 2906 333 2969 majoris,
343 2904 426 2952 laudes
434 2904 607 2968 complectitur.
628 2904 717 2965 (Vide,
749 2905 997 2961 sitium,-·AEternet?
1025 2908 1075 2963 Qut
1089 2923 1196 2971 unquam
1209 2910 1312 2958 Senatus

158 2986 215 3034 quae
233 2968 264 3017 de
280 2968 345 3017 omni
364 2984 388 3015 re
406 2966 436 3014 ed
452 2976 581 3032 utrumque
599 2968 719 3016 Neronem
751 2969 908 3033 Populusqne
921 2970 1047 3017 Romanus
1057 2977 1136 3018 tentos
1147 2972 1247 3020 honores
1257 2974 1310 3021 ani-

157 3041 282 3097 apectante
302 3049 356 3097 sup.
380 3031 404 3078 iu
427 3046 519 3094 argum.
542 3032 571 3079 nd
595 3046 667 3079 carm.
687 3032 719 3088 iv,
751 3048 791 3079 mo
801 3033 926 3097 concipere
937 3043 962 3081 et
976 3033 1101 3081 decernere
1111 3034 1204 3098 poterit,
1216 3038 1314 3100 quantis

156 3096 259 3145 breviter
272 3094 450 3161 exposuimus.)
479 3096 510 3142 In
524 3104 625 3159 utroque
640 3104 720 3143 autem
753 3096 852 3145 virtutes
870 3106 928 3152 tute,
946 3097 1066 3160 Auguste,
1086 3105 1134 3144 tarn
1154 3114 1195 3162 per
1231 3100 1313 3148 ablica

158 3160 265 3209 carmine
286 3168 356 3225 poeta
377 3159 485 3207 consulto
506 3158 540 3206 ita
558 3168 672 3215 versatur,
693 3168 721 3207 ut
753 3170 916 3218 monumenta,
952 3175 1008 3207 unm
1027 3176 1069 3225 per
1086 3176 1169 3208 annua
1187 3116 1312 3221 sollemnia,

161 3224 238 3272 Drusi
247 3233 273 3271 et
283 3222 374 3272 Tiberii
386 3222 469 3271 laudes
480 3224 511 3270 ab
524 3222 628 3286 Augusti
643 3222 719 3271 laudi·
754 3224 880 3271 aternitati
900 3178 1022 3272 tmllendte
1041 3227 1114 3273 snutl
1147 3226 1227 3274 Ptenis
1244 3230 1313 3275 borre-

160 3289 219 3343 bus,
238 3295 353 3360 tanquam
373 3287 445 3335 unico
466 3286 562 3334 illarum
584 3285 657 3343 toute,
679 3285 719 3334 de·
753 3304 806 3335 rum
824 3291 965 3343 munenibus,
983 3288 1008 3335 b.
1023 3305 1045 3336 e.
1061 3288 1119 3337 satis
1135 3290 1221 3354 amplis
1237 3290 1312 3339 hono-

160 3350 232 3406 riret,
244 3360 269 3398 et
283 3366 317 3398 ste
329 3352 464 3413 Augustum
477 3349 602 3413 utriusque
610 3350 723 3398 carminis
754 3366 806 3398 rum
819 3352 978 3410 ornamentis,
994 3354 1077 3414 plenis,
1092 3352 1174 3416 justis,
1186 3354 1245 3402 nibil
1262 3370 1313 3403 am-

162 3422 313 3462 momentum
328 3414 456 3462 maximnm
473 3413 555 3461 faciet.
582 3414 659 3477 Supra
673 3413 721 3462 sci·
754 3415 832 3488 plius;
858 3417 968 3463 bonorum
993 3416 1057 3464 enirn
1081 3434 1177 3465 munere
1201 3418 1315 3469 dicuntur

163 3477 223 3525 licet
234 3476 308 3525 Drnsi
318 3477 400 3527 laudes
412 3478 496 3551 repetit
506 3478 536 3525 ab
548 3477 654 3539 Augusti
665 3493 722 3525 cura
751 3482 892 3542 Jamptenc,
922 3479 1014 3528 uteviri
1029 3481 1109 3544 magm
1124 3497 1162 3529 am
1179 3482 1313 3542 titudinem,

161 3556 218 3589 vere
230 3550 418 3605 paterna,qunm
433 3557 453 3588 rs
468 3540 494 3587 in
509 3540 551 3587 illo
564 3540 688 3589 educando
699 3551 725 3590 et
755 3558 829 3605 qnam
841 3496 968 3607 complecti
978 3552 1002 3592 et
1011 3545 1169 3594 celebrarede
1200 3548 1314 3612 replere

162 3605 218 3669 ejus
235 3605 315 3653 animo
331 3606 374 3653 rite
391 3603 521 3653 excolendo
538 3606 658 3668 posuerit;
681 3604 723 3652 Ti·
756 3622 809 3653 com
826 3606 947 3655 lactantur
963 3616 988 3655 et
1002 3608 1133 3657 celebrant.
1165 3611 1211 3658 Per
1226 3615 1315 3668 titulos,

163 3668 224 3716 berii
241 3684 295 3717 rere
312 3668 394 3717 laudes
406 3684 420 3716 a
430 3668 574 3731 benignioris
587 3670 655 3716 sortis
671 3669 723 3717 leli·
756 3623 863 3732 intedige
878 3679 970 3719 statuas
985 3687 1040 3720 cum
1057 3672 1263 3739 inscriptionibus:
1283 3677 1316 3726 οἱ.

163 3732 245 3788 citate,
257 3748 306 3795 qna
319 3732 341 3780 ei
357 3732 402 3779 sub
414 3731 518 3795 Augusti
535 3731 647 3795 auspiciis
658 3748 724 3792 egre-
757 3734 791 3791 ir,
804 3737 828 3790 8,
842 3734 872 3780 13
882 3750 937 3798 sqq.
968 3736 1057 3791 Fartus,
1070 3737 1168 3811 antique
1177 3753 1219 3803 pro
1228 3741 1315 3804 jbstes,

163 3797 206 3859 gia
224 3796 319 3844 virtutis
339 3795 434 3845 bellicas
456 3795 589 3843 rudimenta
610 3796 727 3863 deponere
759 3798 784 3845 h.
793 3813 815 3845 e.
827 3798 923 3847 tabulas
932 3799 1050 3862 publicas,
1062 3800 1087 3847 in
1098 3802 1194 3864 quibus,
1206 3811 1233 3849 ut
1243 3804 1316 3852 Ovid.

163 3858 301 3923 contigerit.
334 3858 508 3908 Sententiarum
530 3874 606 3907 nexus
625 3860 727 3909 estsere
762 3862 827 3909 Fast.
850 3862 867 3917 i,
891 3863 906 3909 8
928 3862 1042 3927 loquitur,
1061 3882 1152 3927 queque
1170 3868 1218 3912 dier
1237 3870 1318 3915 merito

166 3923 221 3972 bic:
246 3923 392 3987 “quomodo
409 3936 516 3987 unquam
533 3922 582 3970 lieri
599 3932 729 3988 potestte
759 3934 953 3981 metretuteest;
969 3926 994 3972 in
1002 3927 1077 3990 j'astis
1091 3928 1163 3990 igitur
1180 3930 1316 3977 nonsolum

165 3988 271 4036 Senatus
300 3988 456 4051 Populusqne
488 3986 613 4035 Romanus
644 3987 728 4050 dignos
761 4002 798 4035 res
813 3988 926 4053 preclare
937 3990 968 4036 ab
979 3992 1090 4051 Augusto
1101 3991 1316 4052 gestae,sedetiam

165 4051 225 4107 tuis,
243 4053 363 4115 Auguste,
382 4050 509 4098 virtutibus
529 4050 629 4099 bonores
647 4050 727 4099 decer·
761 4050 813 4098 dies
833 4051 896 4106 testi,
916 4053 942 4100 in
961 4052 1097 4099 memoriam
1116 4053 1170 4116 ejus
1188 4056 1319 4117 quotannis

167 4117 227 4162 nati
253 4114 405 4162 'l'uenimes
422 4130 463 4177 per
480 4122 555 4161 totum
567 4122 727 4163 terrarnmor-
762 4114 907 4171 celebrandi,
920 4114 995 4163 notari
1010 4115 1146 4175 debebant,
1164 4116 1219 4166 binc
1233 4118 1318 4167 dicun-

167 4178 345 4243 bemprinceps
363 4179 434 4239 longe
448 4178 580 4225 maximus!
611 4180 689 4226 'l'uam
705 4177 730 4225 iu
763 4186 801 4225 tur
818 4194 936 4225 memores:
959 4178 1218 4243 cl.sup·iii,17,l.
1248 4184 1320 4232 Ovid.

167 4242 234 4290 bello
283 4242 381 4291 tentiam
399 4256 475 4306 nuper
490 4240 580 4305 experti
596 4250 652 4289 sunt
671 4242 731 4290 Vin·
765 4242 832 4289 Fast.
848 4242 866 4288 l.
886 4241 902 4290 l.
919 4245 944 4297 9,
964 4241 995 4289 ad
1016 4243 1196 4302 Germanicum,
1217 4247 1323 4311 Augusti

167 4257 282 4354 delini?o
295 4306 358 4354 Nam
380 4305 482 4370 primum
503 4306 599 4353 Drusus
617 4306 731 4361 exercitu,
765 4321 807 4371 per
828 4305 979 4369 adoptionem
999 4316 1124 4371 nepotem:
1153 4309 1254 4357 lucentes
1273 4314 1324 4361 illic

187 4384 242 4417 uem
271 4369 293 4417 ei
321 4368 481 4425 commiseras,
510 4370 682 4417 Genaunorum
709 4379 734 4417 et
765 4380 787 4417 et
799 4371 865 4435 feste
881 4373 1002 4419 dommum
1019 4374 1095 4428 suillis,¹
1117 4372 1178 4433 Seps
1196 4376 1238 4422 titi
1258 4385 1325 4436 pater

194 4448 321 4480 reunorum
333 4433 436 4497 graviter
446 4433 510 4481 ultus
522 4442 558 4480 est
572 4432 733 4482 insolentiam.
767 4433 905 4498 (Tiberius)
924 4446 965 4491 est,
983 4453 1039 4498 sape
1058 4438 1166 4498 legendus
1183 4454 1240 4485 otuu
1256 4441 1324 4501 (An-

172 4498 233 4545 Mox
260 4497 353 4545 bellurn
381 4505 464 4545 contra
494 4496 596 4545 Rbaetos
622 4497 733 4554 coniecit,
767 4498 875 4563 gustus).
910 4501 939 4556 0,
956 4518 1001 4563 qua
1018 4502 1050 4548 sol
1067 4502 1202 4550 habitabiles
1219 4501 1327 4553 Illustrat
