3150 5200
276 369 341 434 486
653 351 1046 423 EPISTOLARUM

298 519 342 582 45
364 517 419 580 An
433 513 559 597 rapias3
583 512 673 594 atqui
687 531 798 574 rerum
812 517 912 592 caput
925 506 990 570 hoc
1004 513 1086 581 erat,
1102 514 1135 568 et
1151 504 1235 569 fons.

365 618 517 682 Indotata
532 613 611 677 mihi
627 633 719 677 soror
733 621 795 688 est,
812 607 1013 694 paupercula
1026 616 1140 683 mater,

364 720 411 784 Et
426 718 623 782 fundusnec
639 713 823 789 vendibilis,
835 733 895 774 nec
909 731 1046 794 pascere
1059 708 1184 783 firmus,

365 820 434 893 Qui
449 821 540 895 dicit,
556 816 683 892 clamat,
700 814 836 878 Victum
850 812 945 876 date:
970 809 1108 874 succinit
1121 807 1217 883 ulter,

366 921 413 985 Et
427 920 505 984 mihi
522 917 656 983 dividuo
670 915 816 979 findetur
830 934 964 978 munere
980 911 1116 995 quadra.

301 1023 343 1087 50
366 1021 433 1086 Sed
450 1023 568 1086 tacitus
584 1019 674 1103 pasci
692 1017 719 1080 si
734 1037 852 1080 corvus
866 1024 991 1099 posset,
1006 1013 1145 1075 haberet

364 1123 445 1187 Plus
460 1122 566 1206 dapis,
582 1131 615 1184 et
630 1121 711 1182 rixae
726 1116 829 1181 multo
843 1117 949 1180 minus
964 1115 1171 1197 invidiaeque.

364 1223 588 1288 Brundusium
602 1241 710 1285 comes
727 1231 783 1283 aut
799 1218 993 1282 Surrentum
1008 1217 1128 1280 ductus
1142 1235 1315 1290 amoenum,

367 1327 434 1399 Qui
450 1323 598 1408 queritur
613 1321 758 1386 salebras
772 1331 806 1384 et
821 1319 974 1384 acerbum
989 1317 1093 1402 frigus
1107 1327 1142 1382 et
1154 1318 1286 1392 imbres,

364 1425 435 1490 Aut
450 1427 563 1490 cistam
578 1422 757 1498 effractam,
771 1431 829 1484 aut
845 1419 1008 1489 subducta
1022 1419 1139 1484 viatica
1153 1419 1278 1503 plorat3

301 1528 343 1592 55
366 1527 457 1592 Nota
471 1525 572 1590 refert
586 1524 763 1588 meretricis
778 1523 938 1598 acumina,
954 1543 1042 1605 saepe
1055 1519 1214 1595 catellum,

366 1629 462 1712 Saepe
479 1625 704 1712 periscelidem
719 1635 847 1709 raptam
862 1625 924 1688 sibi
940 1623 1065 1701 flentis;
1088 1623 1137 1685 uti
1151 1643 1228 1686 mox

364 1729 468 1793 Nulla
482 1728 565 1792 fides
582 1727 707 1791 damnis
723 1727 874 1809 verisque
889 1724 1058 1788 doloribus
1072 1723 1173 1787 adsit.

231 1837 235 1854 “
262 1831 268 1840 “
364 1831 438 1895 Nec
454 1830 551 1895 semel
566 1829 680 1893 irrisus
696 1828 799 1891 triviis
814 1826 961 1891 attollere
976 1836 1069 1890 curat

365 1932 484 1996 Fracto
500 1952 594 1996 crure
608 1930 756 2014 planum3
780 1929 857 1992 licet
871 1928 917 1991 illi
930 1927 1070 2012 plurima
1084 1937 1193 1990 manet

302 2037 345 2099 60
369 2035 534 2100 Lacrima:
558 2055 618 2117 per
634 2043 781 2096 sanctum
789 2032 920 2115 juratus
935 2030 1025 2093 dicat
1039 2029 1173 2104 Osirim,

368 2136 514 2211 Credite,
531 2157 595 2198 non
610 2133 706 2210 ludo;
731 2132 891 2208 crudeles,
908 2132 1011 2196 tollite
1026 2131 1195 2194 claudum:

370 2237 492 2309 Quaere
508 2236 726 2320 peregrinum,
743 2234 859 2297 vicinia
873 2253 973 2297 rauca
986 2232 1149 2296 reclamat.

276 2405 408 2462 studemus,
421 2405 491 2454 unice
502 2404 546 2452 hoc
558 2403 610 2468 ipso
622 2403 719 2452 viriliter
730 2401 837 2452 tentandi
869 2402 1023 2458 cantilenam,
1033 2403 1089 2450 milri
1099 2402 1295 2467 qaoqurfrttttrtm
1305 2403 1431 2462 placente!

276 2469 357 2517 omnia
367 2468 457 2524 studio,
467 2476 509 2516 aut
520 2483 647 2531 nusquam,
656 2466 804 2532 reperiuntur
814 2475 839 2514 et
870 2481 922 2524 nos,
934 2469 980 2513 mir
990 2467 1049 2514 ancli
1060 2469 1098 2513 ein
1109 2467 1194 2514 Stittkl
1212 2466 1268 2513 Non
1280 2465 1344 2512 male
1355 2467 1429 2513 hin·

274 2529 837 2645 “tttttttdttl,ltt'ttltt't5²¹⁰*
870 2528 1433 2649 testamenmentum

275 2612 378 2709 lerendra
401 2660 495 2723 exigue
516 2611 593 2706 animi
608 2612 759 2724 dorpdiisque
776 2610 838 2707 vm
870 2657 895 2707 in
906 2660 1006 2707 formam
1017 2632 1101 2723 quadri
1111 2610 1228 2707 decisuiid
1313 2610 1330 2659 P

274 2723 376 2787 impares
403 2724 468 2783 sint;
493 2724 561 2785 (lic)
583 2722 644 2771 alius
674 2738 720 2771 rem
743 2732 839 2772 strenue
903 2726 1009 2772 tto-52.
1034 2725 1078 2772 Sed
1098 2727 1182 2771 tacitus
1203 2724 1274 2784 posci,
1293 2731 1350 2770 cett.
1369 2722 1434 2770 altos

275 2786 412 2850 aggreditur
422 2796 447 2835 et
458 2786 557 2851 peragit.
580 2786 626 2833 His
637 2786 748 2835 omnibus
758 2794 839 2835 autam
870 2787 986 2837 clamores
997 2803 1059 2852 quos
1073 2788 1144 2845 corvi,
1157 2786 1246 2851 quibus
1255 2801 1312 2835 asca
1323 2786 1432 2850 contigit,

275 2850 392 2899 Horatius
406 2853 497 2901 Sesars
514 2851 663 2899 commendat
673 2865 776 2913 gnavum
787 2860 838 2899 stu-
871 2852 985 2909 arcitant,
1005 2862 1200 2917 comperavcum
1222 2850 1360 2915 importuna
1377 2864 1431 2916 pre-

274 2914 350 2971 dium,
378 2930 426 2980 quo
454 2914 611 2980 potentiorum
641 2914 777 2978 colligenda
806 2914 838 2963 sit
869 2917 975 2965 caunum
993 2916 1175 2975 vociteration03
1192 2914 1216 2962 id
1233 2914 1299 2964 euim
1317 2914 1390 2963 unica
1405 2915 1432 2962 in

276 2979 361 3043 gratia.
868 2980 915 3028 hac
925 2980 1101 3046 compamtione
1112 2977 1268 3045 spectandum
1278 2988 1323 3028 est.
1352 2978 1432 3026 Bras-

309 3045 349 3091 42.
374 3044 452 3099 Recta,
474 3044 537 3092 bono
556 3058 609 3091 cum
633 3059 755 3102 successu,
774 3054 839 3093 rectu
869 3046 969 3098 dasium,
1002 3044 1100 3108 Apulia
1131 3043 1245 3109 oppidum
1276 3042 1431 3091 maritimum.

275 3106 334 3219 3⁸21
356 3108 480 3220 Ktpsriqqt
490 3110 537 3219 εἴ,
550 3107 593 3172 qui
603 3106 664 3156 vires
676 3123 732 3156 suas
743 3108 837 3173 pericli·
870 3110 1016 3220 tliprrerlttum,
1029 3108 1170 3174 Campaniae
1184 3107 1300 3173 oppidum
1310 3108 1342 3155 ad
1352 3109 1433 3155 sinum

302 3188 439 3221 nocmura
474 3187 489 3218 ιι
527 3206 533 3219 .
893 3183 946 3221 uteo
956 3187 1039 3221 mum.
1265 3197 1268 3203 ,

308 3238 348 3285 4³.
376 3238 458 3284 Coram
486 3252 547 3298 rege,
571 3236 700 3309 potentiore
725 3246 836 3301 patrono.
902 3240 943 3285 55.
962 3236 1240 3302 Notarffertmerrtricit
1250 3236 1435 3293 ammanitem

276 3300 391 3349 Horatius
409 3316 463 3364 sup.
482 3299 559 3364 Epist.
577 3316 595 3354 ι,
608 3301 632 3355 7,
644 3300 685 3356 37,
697 3300 727 3349 de
745 3302 836 3350 lllaece·
870 3299 933 3349 idam
949 3301 1014 3364 quod
1025 3302 1160 3350 meretrices
1174 3309 1266 3348 tstutas
1279 3300 1358 3349 lacere
1373 3316 1429 3349 eon·

275 3371 339 3419 nate,
350 3380 432 3426 resque
442 3373 551 3425 paterque
561 3364 655 3412 Audisti
664 3382 747 3415 coram.
866 3373 922 3413 stat
956 3366 1048 3413 Locum
1060 3366 1142 3414 Plauti
1153 3365 1194 3429 qui
1203 3365 1251 3413 huc
1261 3364 1372 3439 pertinet,
1384 3364 1434 3415 'arn

307 3428 348 3475 45.
365 3427 461 3489 Rapiat,
474 3427 542 3475 eride
555 3428 836 3493 mauusdonisinjiciss.
867 3428 1014 3493 comparavit
1023 3438 1093 3478 vetus
1104 3430 1203 3488 Schol,
1219 3439 1257 3477 est
1267 3444 1293 3477 ru
1304 3430 1355 3477 Tru
1398 3431 1433 3485 .i,

274 3490 346 3553 Atqui
355 3507 433 3539 rerum
443 3502 513 3552 captet
525 3493 565 3540 loc
575 3506 635 3546 crat,
647 3502 669 3539 et
692 3510 747 3542 cnt:
769 3494 836 3557 atqui
869 3494 893 3549 l,
913 3495 945 3541 32
964 3509 1027 3557 sqq„
1049 3496 1097 3542 Aut
1115 3511 1200 3542 aarum
1215 3497 1297 3555 periit,
1315 3504 1360 3542 sut
1378 3512 1432 3541 eos-

274 3562 330 3601 unte
348 3554 518 3613 omnisabeo,
535 3556 577 3619 qui
592 3556 664 3619 aliqui
694 3566 756 3607 recte
768 3558 836 3623 petit,
868 3561 936 3605 tritta
951 3560 1043 3619 pultato
1061 3569 1102 3615 stt,
1122 3560 1170 3606 Aut
1191 3559 1319 3605 armariola
1338 3558 1432 3614 Graes.

273 3617 367 3666 ostendi
385 3618 456 3668 debet
473 3620 549 3684 pudor
559 3629 584 3668 at
595 3620 719 3670 modestia.
755 3622 836 3685 Vulgo
868 3632 911 3670 nat
923 3623 1013 3685 aliquid
1023 3638 1108 3685 seraper
1119 3633 1152 3671 est
1162 3623 1229 3676 Quod
1237 3632 1324 3683 percat,
1339 3624 1433 3671 debeat·

273 3680 336 3730 euim
348 3682 456 3731 homiues
467 3698 563 3748 precum
574 3692 597 3733 et
609 3684 768 3748 querelarum,
776 3702 837 3761 quas
867 3698 1140 3747 quotmenstoortotao.
1169 3685 1347 3735 Easdemartes
1357 3702 1432 3735 tuere-

273 3744 384 3804 lundunt,
398 3748 504 3796 formulis
521 3747 654 3797 molestiam
671 3750 708 3807 iis,
722 3752 837 3813 aquibus
869 3748 950 3799 triciat
971 3752 1048 3815 tangit
1069 3751 1142 3799 Ovid.
1164 3752 1189 3800 in
1207 3752 1262 3798 Art.
1283 3751 1317 3800 A.
1335 3751 1353 3805 i,
1372 3752 1432 3807 431,

273 3818 467 3874 ρειιιιιι,οιοαιιι.
502 3811 627 3861 E'usmodi
644 3812 753 3870 formula,
769 3830 836 3888 egre·
871 3814 952 3867 Quid?
968 3818 1221 3864 commendatitiarum
1231 3816 1433 3877 mhdmplo·

273 3873 312 3937 gie
332 3876 362 3923 ab
380 3876 479 3925 Horatio
546 3877 670 3950 vulgarem
690 3887 837 3943 precantium
869 3889 917 3933 rat,
936 3878 1078 3943 Elapsusque
1097 3898 1153 3928 cava
1163 3880 1271 3943 fingitur
1288 3894 1347 3927 aurs
1364 3881 1434 3942 lapis.

272 3954 360 3987 rnorem
371 3940 512 4005 composita,
524 3949 604 3990 sunm
616 3942 730 4005 sequitur.
870 3943 992 3998 catellum,
1003 3959 1099 4009 parvam
1109 3953 1228 3993 munem.

303 4004 344 4051 47.
362 4004 468 4053 Fundus'
481 4021 520 4053 nec
537 4006 677 4055 vendibilis:
692 4006 743 4055 sine
762 4005 836 4056 dubio
900 4009 942 4056 56.
968 4008 1126 4056 Perimelidem
1144 4006 1340 4073 (repraestitit),
1361 4022 1432 4055 oros·

271 4066 330 4130 quia
340 4076 414 4117 emtor
425 4068 497 4133 liujus
515 4068 587 4132 agelli
605 4069 700 4134 reperiri
711 4086 758 4119 non
769 4080 835 4135 pote·
868 4081 975 4119 mentum
992 4072 1060 4137 pedis
1075 4073 1165 4122 circum
1179 4088 1257 4128 crura,
1269 4070 1433 4121 sandaliorum

271 4138 323 4189 rtt;
341 4146 395 4180 nam
414 4132 443 4181 de
451 4135 512 4197 fidei
530 4136 651 4189 somnium,
663 4142 690 4182 ut
704 4134 837 4199 loquuntur
868 4134 967 4183 lormsse
985 4137 1090 4185 vincula.
1115 4138 1262 4185 Peritcrtidts
1274 4138 1384 4185 recolam
1393 4146 1432 4184 est

271 4194 452 4252 Juriscousulti,
480 4197 590 4261 equidem
618 4198 725 4263 accipere
753 4199 835 4248 nolim.
868 4199 932 4264 apud
943 4201 1040 4249 Petron.
1052 4218 1075 4250 c.
1087 4202 1128 4249 67.

273 4258 511 4325 ll'ecpascerejs'rmus
524 4260 645 4325 (δεινὸς),
659 4264 834 4313 necsatisam-
900 4267 941 4312 58.
969 4264 1018 4313 Nec
1034 4268 1100 4314 matt
1118 4268 1211 4319 irrisas.
1227 4282 1272 4314 nec
1288 4264 1363 4329 isqui
1377 4263 1430 4329 jam

270 4321 325 4386 plus
336 4332 363 4372 ut
374 4340 412 4373 me
424 4324 485 4373 alere
497 4326 579 4389 possit.
866 4329 939 4376 semel
951 4329 1048 4378 habitus
1059 4338 1096 4379 est
1105 4329 1216 4378 ludibrio.

303 4390 344 4435 48.
363 4388 462 4444 Clamat,
475 4404 559 4453 nempe
573 4389 719 4439 immodeste.
898 4394 939 4441 59.
963 4394 1047 4443 Fracto
1066 4411 1143 4451 crare,
1164 4410 1218 4443 vere
1239 4408 1324 4457 nempe
1334 4392 1429 4452 tracto3

303 4452 343 4499 49.
365 4452 396 4501 Et
414 4455 479 4507 mili,
497 4462 553 4502 cett.
570 4454 746 4517 elegantissimo
764 4472 831 4505 versu
865 4456 908 4504 sed
931 4458 1022 4506 homini
1040 4459 1091 4522 jam
1113 4458 1195 4508 fraude
1218 4467 1276 4506 noto
1298 4472 1347 4505 nou
1371 4456 1431 4505 sdes

269 4516 383 4579 expressit
401 4517 515 4567 Horatius
530 4518 649 4582 vulgarem
669 4520 832 4570 mendicorum
865 4521 982 4571 habetur:
997 4525 1093 4583 planam
1103 4523 1427 4586 (sidromircumragum,
