3150 5200
562 335 726 402 LIBER
750 337 776 416 Ι,
805 343 853 404 16.

149 555 154 566 Α
218 485 384 553 Detulerit
400 488 504 552 fascea
521 491 665 574 indigno,
683 493 835 556 detrahet
850 493 946 557 idem.

150 587 193 648 35
215 587 318 665 Pone,
334 612 440 653 meum
455 602 516 667 est,
531 591 656 674 inquit:
681 616 778 678 pono,
796 595 963 678 tristisque
979 595 1108 661 recedo.

216 689 319 767 Idem,
337 693 364 754 si
380 691 495 755 clamet
510 691 625 769 surem,
643 705 740 778 neget
755 717 830 759 esse
843 698 1009 780 pudicum,

214 791 401 856 Contendat
416 792 533 876 laqueo
549 793 666 858 collum
681 798 841 880 pressisse
856 809 1045 881 paternum3

215 893 374 958 Mordear
388 895 574 978 opprobriis
590 895 691 973 salsis,
708 911 893 981 mutemque
909 901 1058 966 colores?

214 993 329 1059 Falsus
345 997 450 1060 honor
461 997 565 1080 juvat,
582 1009 615 1060 et
631 1000 771 1063 mendax
787 999 918 1063 infamia
933 1011 1045 1078 terret,

149 1094 193 1158 40
214 1095 333 1172 Quem,
362 1098 424 1159 nisi
451 1098 641 1161 mendosum
671 1112 704 1163 et
733 1101 985 1166 medicandum?
1019 1104 1082 1168 Vir
1101 1108 1206 1170 bonus
1230 1119 1281 1170 eat

346 1199 444 1281 quis?

215 1297 283 1371 Qui
297 1299 444 1363 consulta
458 1312 599 1383 patrum,
614 1304 669 1384 qui
687 1302 776 1386 leges
787 1305 929 1388 juraque
944 1318 1068 1384 servat3

216 1399 294 1471 Quo
309 1399 419 1463 multia
434 1423 624 1484 magnaeque
640 1415 792 1466 secantur
801 1406 915 1488 judice
930 1406 1003 1470 lites
1016 1435 1024 1485 ;
1110 1427 1118 1441 ·

216 1501 293 1573 Quo
310 1500 361 1566 res
379 1525 547 1586 sponsore,
564 1516 597 1566 et
613 1525 678 1586 quo
693 1527 801 1568 causae
817 1517 900 1572 teste
916 1520 1077 1572 tenentur.

215 1602 281 1666 Sed
298 1605 385 1668 videt
402 1604 487 1668 hunc
504 1607 607 1667 omnis
625 1605 741 1669 domus
757 1619 791 1670 et
806 1609 923 1671 vicinia
939 1620 1007 1672 tota

148 1704 192 1765 45
214 1704 379 1770 Introrsus
396 1719 534 1790 turpem,
553 1708 734 1790 speciosum
750 1708 835 1792 pelle
850 1709 980 1774 deeora.

213 1806 286 1871 Nec
301 1806 424 1871 furtum
438 1807 513 1883 feci,
530 1831 590 1872 nec
607 1808 688 1893 fugi,
705 1810 731 1872 si
747 1810 827 1872 milri
842 1811 931 1875 dicat

216 1909 355 1988 Servua3
385 1911 499 1974 Habes
515 1911 666 1994 pretium,
683 1911 759 1974 loris
775 1934 841 1976 non
854 1916 971 1990 ureris,
987 1917 1048 1979 aio.

215 2009 293 2074 Non
306 2010 468 2076 hominem
484 2012 606 2075 occidi:
631 2011 709 2074 Non
725 2034 841 2095 pasces
856 2015 890 2077 in
905 2037 1002 2078 aruoe
1017 2039 1142 2080 corvos.

215 2109 295 2175 Sum
308 2113 414 2176 bonus
429 2123 463 2176 et
478 2111 574 2195 frugi.
621 2111 745 2174 Renuit
761 2115 950 2198 negitatque
966 2115 1134 2180 Sabellus:

148 2213 192 2274 50
214 2213 339 2277 Cautus
354 2217 439 2278 enim
456 2216 570 2278 metuit
585 2213 711 2276 foveam
725 2213 835 2297 lupus,
851 2218 1082 2301 accipiterque·

212 2314 391 2400 Suspectos
406 2316 552 2399 laqueos,
568 2326 602 2378 et
617 2325 767 2398 opertum
782 2316 909 2379 milvius
924 2318 1064 2381 hamum.

124 2525 209 2582 poetae,
217 2534 298 2566 versus
307 2520 420 2568 celebrat.
445 2521 684 2582 Saraetinambiguo,
751 2521 792 2566 43.
822 2518 947 2575 Torrentur,
968 2520 1114 2578 obtinentur,
1137 2523 1168 2570 ab
1190 2522 1278 2587 injuria

124 2582 188 2631 sinat
198 2598 250 2632 ease
262 2582 287 2631 in
300 2584 420 2649 ambiguo,
433 2601 463 2633 ne
475 2583 569 2633 scilicet
584 2583 685 2633 alterurn
718 2580 886 2632 vindicantur:
903 2585 1015 2649 exempla
1025 2585 1183 2635 Ciceroniana
1194 2586 1244 2636 vid.
1253 2588 1279 2636 in

125 2648 156 2693 ab
165 2647 241 2694 altero
252 2648 277 2695 in
287 2662 366 2697 amora
376 2648 482 2715 superari
494 2656 615 2712 appareat.
718 2648 815 2695 Ernest.
826 2649 897 2697 Clav.
909 2648 963 2696 Cia.
976 2666 996 2696 a.
1007 2665 1031 2697 v.
1045 2649 1139 2698 Tenere.

156 2712 196 2759 29.
224 2712 326 2775 Augusti
348 2716 427 2760 laudet
452 2728 572 2775 agnoscere
596 2714 685 2773 portia?
750 2714 792 2760 45.
817 2712 935 2759 Introrsus
956 2723 1055 2773 &arpenn
1077 2717 1199 2776 speciatum
1220 2717 1281 2776 pelte

125 2790 182 2821 num
197 2776 274 2847 possis
292 2791 343 2825 esse
362 2786 410 2825 tam
428 2776 537 2833 stolidus,
550 2784 578 2823 ut
593 2775 684 2830 laudea,
718 2778 813 2823 maora:
830 2791 884 2839 aup.
901 2778 953 2823 Sat.
972 2776 998 2832 ii,
1013 2779 1034 2832 1,
1050 2777 1092 2832 65,
1112 2779 1240 2826 Detrahere
1256 2790 1279 2827 et

126 2853 174 2885 non
192 2839 242 2895 nbi,
259 2840 301 2888 sed
321 2840 363 2889 ani
381 2841 491 2905 Augusto
509 2840 684 2895 convenientes,
716 2841 807 2900 pellem,
815 2843 904 2887 nitidus
914 2858 960 2901 qua
972 2843 1066 2903 quique
1072 2858 1114 2903 per
1122 2858 1163 2889 ara
1175 2843 1277 2897 Cedent,

126 2902 157 2949 ad
168 2911 191 2949 te
203 2903 346 2952 transferas!
718 2905 844 2950 introrsum
852 2906 938 2965 turpia.

157 2967 197 3013 30.
216 2966 293 3020 Quum
309 2971 393 3029 poteria
408 2972 497 3029 sapient
513 2970 686 3028 emendatusque
751 2968 791 3015 47.
808 2967 876 3014 Leria
885 2984 930 3015 non
939 2970 1025 3025 ureritj
1040 2968 1075 3016 sic
1086 2984 1140 3033 sup.
1153 2971 1204 3017 Sat.
1216 2970 1241 3026 ii,
1254 2971 1278 3025 7,

124 3032 209 3086 oaaart',
222 3031 308 3080 Graece
319 3048 369 3096 pro.
381 3046 436 3079 cum
449 3031 535 3095 pateris
551 3040 573 3080 te
590 3031 685 3095 sapien·
718 3032 760 3087 68,
774 3034 847 3095 virgis
858 3034 906 3078 un'.

125 3102 173 3141 tem
184 3095 386 3159 emendatumque
399 3094 486 3143 vorari.
752 3096 792 3143 49.
808 3096 895 3143 llennit
907 3097 1052 3159 negitatque:
1062 3096 1136 3158 vulgo
1147 3097 1277 3159 legebatur,

157 3159 198 3205 at.
217 3158 430 3219 Respondernetuo,
445 3162 483 3207 die
497 3162 567 3215 sodet,
581 3160 687 3207 nominet
719 3162 966 3222 renoitnegatatque.
1000 3159 1193 3215 SedBentleiua,
1206 3176 1278 3223 quera

125 3222 194 3277 Sunt,
213 3222 255 3285 qui
266 3226 353 3271 tramine
363 3222 461 3286 antique
471 3240 513 3287 pro
525 3225 611 3270 omnini
623 3222 686 3287 posi·
720 3230 817 3270 tecutua
827 3238 890 3278 eum,
900 3222 1030 3271 durissima
1043 3238 1073 3271 co
1088 3222 1215 3285 oleatqtte
1270 3233 1280 3271 t

125 3293 177 3332 tum
189 3300 241 3332 ease
252 3286 385 3349 opinantur,
398 3288 455 3349 quia
468 3290 602 3349 ιιιριιιιάιτι
614 3287 686 3333 alicui
719 3296 788 3347 negat
800 3285 957 3334 collocatione
969 3288 1025 3351 jure
1042 3301 1056 3333 o
1074 3302 1155 3341 entus,
1171 3286 1203 3334 ad
1235 3302 1278 3334 uo·

125 3347 267 3396 reidicitur.
293 3350 413 3405 Sedvide,
426 3349 506 3398 anbic
526 3351 592 3398 locus
609 3349 685 3413 expli·
719 3365 770 3398 rum
793 3348 888 3414 optime
909 3358 972 3399 note
993 3350 1072 3399 Codd.
1091 3350 1161 3399 fidem
1181 3350 1277 3415 recepit,

124 3410 174 3459 cari
190 3414 262 3475 poaait
279 3413 329 3460 aie:
349 3413 397 3469 die,
415 3430 505 3478 queso,
526 3412 686 3479 respondesne
718 3416 797 3461 renuit
809 3417 951 3477 negitatque.
966 3416 1031 3469 ¹Vox
1043 3417 1148 3477 negitare
1159 3414 1250 3478 apudo
1268 3442 1278 3453 ·

124 3474 684 3605 titt?tttttttttlttttt‘itttit·
717 3475 911 3604 {iiiiiiilu‘
927 3431 1280 3605 ttttttatttit‘td

123 3603 191 3713 {lid
205 3577 683 3717 tt⁰⁰³tt”t³tt.‘tl⁸‘⁶.ttt‘’ttttt·
718 3602 1280 3717 itmtttttffittt’tttt-'tttttt

124 3684 307 3795 dum'aapiddlie
317 3686 485 3797 emendatiqull
496 3704 583 3781 nomdn
595 3703 684 3795 gerial’
717 3684 842 3788 dutitiam,
857 3730 935 3841 quasi,
947 3732 989 3795 qui
1007 3747 1060 3780 rure
1074 3732 1165 3786 vivum,
1182 3731 1278 3780 liberius

158 3795 198 3843 33.
215 3796 322 3860 Auferet,
335 3812 467 3845 nonomen
479 3795 683 3861 boniatpmden-
716 3802 741 3841 et
752 3809 766 3841 a
797 3795 855 3842 rtiua
876 3804 1004 3858 aquantur.

125 3857 164 3905 tia.
201 3859 242 3914 Ut,
252 3864 282 3915 ii,
295 3869 330 3917 ut,
342 3861 362 3908 si
372 3860 436 3924 quia.
751 3860 766 3907 5
784 3890 791 3903 .
809 3858 922 3907 Milvius.-
940 3874 988 3907 ιιοιι
1000 3873 1075 3924 rapax
1084 3867 1178 3907 tanturn
1195 3859 1246 3906 avie
1264 3875 1278 3907 e

157 3923 198 3978 36,
210 3924 251 3970 37.
268 3923 340 3979 Idem.
352 3928 371 3972 si
382 3927 471 3979 clamet,
484 3940 522 3971 me
534 3923 683 3989 essesarem,
717 3936 802 3985 genere
813 3921 1013 3985 accipitrum‚sed
1023 3937 1199 4031 rapaxquoque
1207 3921 1279 3996 piricii

125 4000 163 4034 rae
180 3989 288 4047 practicam
307 4004 352 4036 aiae
367 3998 442 4051 neget,
454 4004 491 4036 me
506 3991 588 4035 cottum
607 3998 684 4049 pater·
718 4000 805 4033 nomen
826 3988 886 4048 gerit
910 3989 994 4041 nituit,
1016 4002 1057 4049 qm
1079 3993 1171 4032 voantt
1194 3985 1279 4032 similia

124 4066 180 4097 num
196 4050 274 4112 laqueo
289 4055 393 4113 praeiisse
404 4051 524 4115 (fregisse,
537 4067 574 4099 me
588 4051 684 4116 panici·
718 4049 804 4113 proedae
814 4048 939 4113 captanda
955 4064 1029 4097 cauea
1045 4064 1074 4096 su
1091 4064 1119 4095 ra
1131 4062 1195 4095 mara
1206 4062 1232 4096 te
1242 4056 1279 4095 at·

125 4112 180 4161 darn
192 4114 257 4173 ease)
269 4118 400 4163 contendat.
718 4112 802 4160 tollere
819 4113 919 4161 diciturt
937 4112 985 4160 vid.
998 4112 1063 4160 Plin.
1104 4112 1156 4160 .N.
1167 4110 1218 4167 viii,
1229 4112 1278 4171 26;

157 4178 198 4225 39.
218 4178 308 4234 Fabae,
322 4177 461 4228 immeritus.
720 4176 993 4230 operimentum,
1004 4176 1065 4223 Nam
1074 4178 1179 4240 gaudent
1188 4177 1278 4239 pelago,

145 4242 198 4288 ¹40.
226 4242 398 4297 Medieandurn.
427 4242 547 4298 insanum,
576 4244 685 4299 stultum,
718 4240 1278 4311 qrtolasScombriqueBouetque,Hippuriqeleret,

125 4304 247 4353 helleboro
259 4306 401 4355 curandum.
718 4316 740 4351 et
749 4307 818 4368 nigra
830 4314 919 4367 tergore
930 4303 1007 4351 Milai.
1025 4304 1123 4350 Milvius
1135 4300 1165 4349 ad
1177 4318 1278 4367 precium

157 4370 198 4415 42.
216 4368 337 4427 Seaantnr,
354 4370 504 4426 dirimuntur,
522 4380 549 4418 ut
567 4386 621 4435 sup.
634 4372 685 4418 Sat.
718 4365 1280 4432 genuaCoryphanarunr(Daraden)pertiaere

125 4432 142 4489 i,
154 4433 192 4488 10,
205 4434 243 4486 15,
259 4434 395 4481 Ridiculum
405 4437 455 4482 arri
470 4435 563 4482 Fortius
573 4446 593 4481 et
606 4436 686 4481 melius
717 4431 820 4480 videtur.
854 4434 974 4493 ilpertum.
986 4446 1043 4479 eaca
1052 4429 1195 4487 obductum
1212 4428 1278 4476 simi-

24 4538 25 4541 ,
125 4498 361 4559 magnatplerttmque
372 4508 431 4545 ucat
443 4514 486 4545 ret.
717 4494 772 4569 liter
782 4511 837 4562 sup.
849 4496 927 4559 Epist.
938 4495 956 4549 ἰ,
968 4496 993 4549 7,
1006 4496 1047 4549 74,
1059 4496 1138 4540 ltamut
1147 4493 1257 4541 aaeuttat.
