3150 5200
603 374 767 440 LIBER
789 376 818 453 1,
845 378 871 440 l.

249 527 304 591 Sic
320 525 452 590 solitus:
477 525 624 609 Populus
641 548 690 591 me
706 526 825 604 sibilat,
843 538 876 591 at
891 528 969 592 mihi
985 528 1106 612 plaudo

249 629 327 711 lpse
342 628 441 703 domi,
455 627 589 691 simulac
604 650 750 692 nummos
766 629 966 714 contemplor
980 630 1013 693 in
1029 651 1115 694 arca.

248 728 409 792 Tantalus
422 750 442 791 a
456 728 556 792 labris
572 729 684 794 sitiens
700 729 859 814 fugientia
874 743 985 815 captat

249 830 415 894 Flumina:
439 830 519 912 quid
536 831 648 895 ridesl
671 843 795 896 mutato
810 831 938 896 nomine
954 832 996 896 de
1011 842 1043 897 te

183 932 228 996 70
248 929 374 995 Fabula
388 943 557 995 narratur:
581 935 745 1017 congestis
761 935 906 1018 undique
922 935 1024 997 saccis

249 1032 410 1096 Indornris
425 1031 564 1111 inhians,
580 1044 614 1098 et
628 1043 782 1117 tanquam
795 1056 929 1119 parcere
945 1036 1045 1099 sacris

250 1135 397 1218 Cogeris,
413 1144 470 1197 aut
484 1136 580 1218 pictis
594 1146 746 1219 tanquam
761 1137 905 1220 gaudere
922 1136 1058 1201 tabellis·

248 1237 380 1313 Nescis,
396 1259 463 1321 quo
478 1237 583 1301 valeat
598 1240 769 1301 nummus?
792 1260 888 1321 quem
904 1240 1051 1323 praebeat
1066 1243 1181 1302 usum?

250 1339 349 1403 Panis
363 1348 499 1415 ematur,
517 1338 600 1415 olus,
611 1340 677 1403 vini
693 1341 872 1404 sextarius:
897 1339 994 1417 adde,

183 1444 204 1505 7
206 1442 228 1504 5
249 1441 354 1513 Queis
368 1440 509 1504 humana
524 1442 585 1505 sibi
602 1441 712 1505 doleat
725 1451 843 1504 natura
858 1442 994 1524 negatis

249 1540 306 1605 An
321 1540 453 1625 vigilare
467 1552 557 1606 metu
572 1544 763 1619 exanimem,
780 1553 959 1626 noctesque
975 1543 1110 1628 diesque

249 1642 438 1706 Formidare
452 1642 553 1706 malos
567 1642 668 1721 fures,
685 1643 845 1720 incendia,
863 1666 984 1719 servos,

250 1743 305 1807 Ne
321 1753 352 1807 te
368 1743 543 1827 compilant
557 1743 731 1827 fugientes,
747 1744 811 1809 hoe
822 1747 937 1828 juvatl
960 1743 1077 1808 horum

250 1845 386 1928 Semper
400 1866 462 1928 ego
477 1846 615 1928 optarim
631 1847 856 1929 pauperrimus
871 1868 944 1910 esse
958 1846 1129 1910 bonorum.

185 1946 235 2009 80⁴
249 1944 297 2009 At
313 1947 340 2009 si
355 1946 521 2010 condoluit
536 1957 695 2011 tentatum
710 1947 831 2031 frigore
846 1969 978 2030 eorpus,

251 2046 321 2110 Aut
336 2047 417 2112 alius
433 2070 528 2112 casus
544 2048 629 2113 lecto
642 2059 675 2113 te
690 2048 805 2124 affixit,
820 2048 934 2125 habes,
951 2050 1007 2131 qui

253 2147 420 2226 Assideat,
436 2148 580 2213 fomenta
593 2161 699 2233 paret,
714 2150 877 2214 medicum
892 2160 997 2232 roget,
1014 2160 1050 2211 ut
1065 2159 1097 2211 te

253 2250 398 2316 Suscitet
412 2274 449 2316 ac
465 2252 583 2316 reddat
596 2253 682 2315 natis
694 2253 843 2335 carisque
858 2251 1071 2335 propinquis?

249 2350 330 2416 Non
344 2376 428 2417 uxor
443 2353 566 2418 salvum
580 2363 614 2417 te
627 2353 708 2429 vult,
724 2374 790 2417 non
804 2352 902 2429 filius,
919 2372 1029 2416 omnes

159 2486 227 2535 fonte
249 2502 298 2534 non
318 2488 433 2545 contenti,
453 2504 484 2537 ex
505 2504 592 2552 magno
614 2487 721 2543 flumine,
754 2488 819 2552 apud
835 2483 1112 2547 interosl'annluaqui
1129 2484 1212 2533 sitiens
1226 2502 1314 2551 aquarn

179 2550 243 2599 ustis
256 2560 293 2601 est
310 2551 418 2611 Aufidus,
433 2553 527 2602 haurire
541 2552 636 2608 malint,
649 2552 723 2617 hujus
755 2568 769 2601 a
780 2552 853 2600 labris
865 2549 1018 2615 refugientem
1030 2556 1119 2622 captat.

160 2567 274 2664 ductibus
285 2617 376 2682 abrepti
392 2617 418 2664 in
432 2634 495 2682 aqua
507 2625 612 2682 pereant,
624 2617 649 2664 h.
661 2633 683 2666 e.
696 2626 725 2666 ut
787 2618 829 2664 69.
849 2619 911 2670 Quid
923 2617 1000 2664 rides?
1023 2613 1088 2671 Quid
1099 2614 1217 2662 Tantalus
1225 2615 1255 2664 ad
1267 2633 1314 2673 me,

159 2678 188 2734 ii,
207 2680 259 2753 qui,
275 2681 353 2745 parvis
370 2697 418 2728 non
436 2682 551 2736 contenti,
568 2681 683 2746 ampliora
699 2689 724 2729 et
756 2680 834 2728 ridens
845 2681 897 2729 sisl
930 2680 1023 2726 Mutato
1040 2681 1136 2734 nomine,
1148 2687 1220 2727 cett:
1238 2679 1314 2728 enim·

160 2742 266 2806 largiora
276 2760 351 2808 usque
364 2754 487 2810 appetunt,
497 2745 571 2810 hujus
582 2745 723 2793 insatiabilis
755 2760 809 2792 vero
826 2759 855 2793 ea
865 2761 918 2808 qua
930 2743 960 2791 de
971 2741 1073 2790 Tantalo
1089 2743 1219 2804 finguntur,
1236 2744 1256 2792 si
1272 2761 1314 2792 no-

161 2806 304 2918 eppiditstis
320 2825 405 2873 poenas
421 2811 498 2858 luant.
522 2811 601 2883 ξὀνιιῐε
621 2809 722 2883 auferat,
755 2817 956 2883 mentuurncurn
966 2805 1314 2918 Tarqtalinomineupptsveris,

161 2874 724 3004 nlltnltfilltttitltll?ll,llll
754 2872 1315 3007 {tttlrsllnlltltltll‘lmllll&

160 2998 249 3047 dieitur
265 3003 358 3058 violens,
377 3010 401 3050 et
419 3001 467 3049 Od.
484 3002 516 3056 iv,
532 3003 570 3059 14,
583 3003 625 3057 25,
644 3004 721 3049 tauri-
755 3017 799 3049 nec
811 3009 892 3049 tamen
906 3015 958 3048 earn
970 2998 1101 3054 hannebat,
1113 2997 1147 3044 ita
1158 3005 1184 3044 tu
1196 3014 1314 3056 nummos,

152 3063 251 3128 formis.
755 3073 870 3128 tanquam
882 3063 958 3128 pietas
970 3061 1073 3118 tabulas,
1085 3063 1260 3126 contemplaris,
1271 3079 1315 3111 nee

195 3129 236 3175 62.
262 3128 325 3180 Quis
347 3131 417 3185 tanti,
435 3139 548 3190 quantum
564 3131 654 3185 labeas,
676 3131 722 3176 als:
754 3145 826 3176 usum
846 3144 875 3176 ex
896 3127 925 3175 iis
943 3125 1018 3190 capis.
1046 3125 1141 3172 lrtllrrns
1160 3127 1314 3190 (κεχηνώς);

159 3191 229 3303 ffi'
241 3199 345 3302 tquapta
361 3192 569 3304 tlibitdilffimm
595 3193 720 3304 posagqsio,
753 3195 845 3303 {qllinto
867 3189 1160 3313 dicuntur,·dqpptepiaptce
1174 3190 1268 3300 iquasim
1276 3206 1316 3263 ors

157 3335 215 3366 mm
245 3266 723 3384 §liaffiriniqlllmsslnllf
755 3258 1302 3382 lntllllllllltrnltlrtlnt'

159 3381 241 3448 pretii.
787 3386 829 3432 71.
846 3385 930 3438 Suerls,
944 3381 1092 3446 ἀναθήμασι
1104 3390 1170 3447 puta.

194 3447 236 3495 63.
254 3447 318 3500 Quid
321 3447 403 3511 farios
417 3451 470 3497 illl?
486 3449 605 3514 quomodo
620 3449 656 3496 illi
667 3464 722 3496 suc·
787 3449 828 3496 73.
857 3449 944 3502 Nescis,
967 3465 1010 3510 quo
1033 3449 1108 3494 valeat
1134 3451 1257 3495 nummru?
1285 3462 1316 3496 an

161 3513 262 3559 sanast
286 3526 338 3566 nos,
354 3528 401 3559 aas
421 3515 490 3561 nlltst
511 3516 544 3560 du
563 3515 621 3560 moll
638 3516 680 3560 mlt
701 3529 724 3560 so
755 3513 842 3566 neseis,
856 3529 904 3577 quo
915 3521 1004 3576 spectet
1015 3511 1107 3558 nummi
1117 3511 1152 3558 vis
1163 3521 1188 3559 et
1199 3511 1316 3575 pretium!

159 3578 233 3622 tinem
243 3573 380 3639 snjirngen?
396 3577 480 3624 duleas
489 3580 596 3625 miserum
606 3594 658 3632 esse,
666 3585 724 3626 cett.
756 3577 781 3624 h.
794 3593 816 3625 e.
828 3577 867 3624 oui
879 3575 912 3624 rei
923 3575 1072 3624 adhibendus
1082 3575 1112 3622 sit
1123 3577 1251 3623 nummusl

160 3638 222 3694 sine,
234 3653 325 3702 queso,
338 3654 393 3687 eum
408 3642 522 3689 miserum
538 3657 598 3699 esse,
612 3641 725 3705 quoniam
789 3643 830 3690 75.
847 3643 922 3696 Adde,
935 3640 1004 3693 Quen
1019 3641 1119 3687 hnmana
1132 3643 1176 3687 sibl
1187 3641 1263 3688 doleat
1274 3659 1315 3688 aa·

159 3717 216 3750 eum
235 3702 269 3750 ita
288 3718 358 3766 agere
376 3711 400 3752 et
420 3705 518 3770 proinde
538 3706 651 3754 miserum
674 3721 726 3754 esse
757 3703 1060 3769 turanegatls,addealia,
1073 3703 1159 3768 quibus
1173 3713 1256 3752 natura
1271 3705 1316 3752 hu-

156 3766 239 3830 juvat.
254 3767 724 3834 Quatenus,quandoquidem,quonianr:
755 3785 828 3817 mana
844 3785 906 3832 aegre
923 3783 967 3814 nee
984 3767 1035 3815 sine
1049 3767 1129 3815 doloro
1145 3775 1231 3816 eareat.
1266 3769 1318 3817 Ro·

161 3829 211 3878 Od.
224 3831 258 3885 iii,
269 3832 311 3885 24,
324 3833 365 3888 ³0,
384 3835 512 3888 Quatenus,
524 3835 567 3882 teu
580 3835 661 3899 nelos!
676 3837 724 3881 vlr—
757 3834 829 3898 spicit
846 3848 874 3881 aa
891 3847 945 3895 quae
963 3831 993 3878 ad
1011 3831 1114 3895 eorporis
1126 3832 1281 3896 voluptatem,
1294 3842 1319 3880 et

161 3904 233 3942 tatem
244 3897 379 3943 ineolumem
389 3900 484 3945 odimus.
758 3897 788 3946 ad
808 3897 857 3945 alia
873 3911 927 3960 quse
948 3903 1033 3941 natura
1051 3895 1165 3958 postulat,
1182 3895 1300 3958 pertinent
1311 3913 1320 3941 :.

194 3960 236 4007 6⁴.
255 3960 356 4012 Quidam
368 3973 508 4010 memoratur
521 3963 630 4009 Atlantis:
649 3962 724 4009 homi-
757 3970 845 4008 natura
855 3962 962 4015 lismona,
973 3959 1093 4022 appetitus
1103 3959 1190 4022 cuique
1202 3956 1292 4005 homini
1304 3975 1319 4006 a

161 4037 213 4078 nes,
231 4023 312 4087 qualis
334 4023 373 4072 hic
395 4026 498 4074 Athenis
517 4025 589 4074 luisse
610 4035 725 4082 narratur,
758 4023 949 4072 naturainsitus.

161 4087 252 4151 ubique
274 4087 382 4151 gentium
408 4091 564 4154 reperiuntur.
609 4090 728 4154 Respexit
792 4089 833 4136 78.
861 4087 994 4149 Fugientes,
1021 4084 1082 4133 servi
1113 4084 1153 4148 qui
1182 4083 1318 4149 aulisgiunt.

160 4150 234 4214 igitar
245 4152 345 4200 tortasse
355 4162 435 4226 poeta,
446 4163 473 4204 ut
484 4163 553 4218 putat
564 4152 726 4210 Heindortlus,
760 4153 851 4200 llorom
867 4154 984 4204 tonnam,
997 4146 1114 4213 ejusmodi
1127 4149 1252 4204 bonorum,
1264 4165 1318 4212 que

161 4215 302 4264 Romanum
330 4215 436 4280 aliquem
464 4217 612 4275 nobiliorem,
642 4233 723 4282 quem,
756 4225 836 4264 tantas
848 4229 919 4264 curas
929 4212 1040 4276 injiciunt
1053 4212 1103 4260 suis
1114 4211 1298 4278 possessoribus.

159 4279 220 4327 satis
244 4288 327 4327 notum
350 4281 470 4339 omnibus,
490 4282 586 4330 invidiae
606 4281 724 4330 evitanda
789 4282 830 4328 80.
857 4281 888 4326 At
907 4281 935 4335 sl,
955 4286 1012 4326 cett.
1030 4275 1123 4334 malim,
1140 4279 1187 4334 An,
1206 4279 1234 4332 sl,
1253 4287 1281 4325 ut
1296 4294 1319 4324 v.

159 4358 235 4392 cansa
246 4343 370 4393 nominare
382 4345 467 4394 noluit.
575 4377 578 4380 -
758 4346 799 4400 76,
812 4345 849 4391 An
860 4344 968 4406 uigilare,
979 4350 1036 4390 cett.
1067 4341 1207 4389 Tentstum:
1224 4355 1320 4407 eorpus,

193 4409 236 4457 68.
256 4407 370 4456 Tantalus
390 4427 405 4456 a
428 4412 505 4468 labris,
526 4418 582 4459 cett.
616 4411 664 4465 Tu,
684 4408 726 4473 qui
758 4408 823 4473 quod
841 4407 933 4454 invadit
950 4416 975 4454 et
994 4415 1095 4470 occupat
1113 4405 1216 4460 morbus,
1235 4407 1320 4454 tentari

72 4485 79 4496 ·
162 4473 378 4520 nummosinarcs
389 4473 726 4585 tantumcontemplsrismec
759 4473 840 4520 morbo
851 4471 952 4520 dicitur:
963 4469 1004 4534 s'
1021 4487 1068 4524 ore,
1079 4486 1127 4534 quo
1138 4468 1221 4534 agitari
1233 4479 1257 4518 et
1266 4485 1319 4518 cor·

161 4552 235 4585 usum
256 4536 313 4584 inde
336 4535 411 4602 capis,
430 4537 493 4587 idem
514 4539 561 4586 sere
592 4539 642 4587 aeis
662 4538 727 4602 quod
760 4537 804 4602 ripi
816 4535 892 4585 solent
905 4535 994 4599 egroti,
1015 4551 1031 4582 ι.
1043 4550 1065 4582 e.
1077 4534 1143 4583 febri.
