3150 5200
602 358 767 424 LIBER
790 360 836 438 Il,
855 361 885 424 3.
1255 359 1320 422 385

254 493 571 596 δεηίιιεῦρρίἀίιιε
587 511 713 575 Canusi
725 512 792 578 duo
807 513 942 596 praedia,
959 514 1049 579 dives
1174 563 1205 578 ..

254 609 402 694 Antiquo
415 633 527 689 censu,
543 615 626 676 natis
642 613 762 677 ‹livtsse
777 614 907 679 duobus

170 712 231 776 170
252 711 382 790 Fertur,
399 713 518 778 ethaeo
532 715 672 778 moriens
686 716 797 798 pueris
813 717 936 780 dixisse
951 717 1073 780 voeatis

255 813 310 878 Au
325 814 464 879 lectum:
489 814 668 899 Postquam
682 827 715 879 te
730 816 825 892 talos,
843 814 940 894 Aule,
956 811 1121 901 nucesque

252 914 353 979 Ferre
369 917 441 979 sinu
454 917 541 995 laxo,
556 918 680 982 donare
695 928 728 982 et
742 919 856 983 ludere
871 921 954 996 vidi;

251 1017 314 1095 Te,
330 1018 458 1095 Tiberi,
474 1042 654 1097 numerare,
671 1022 758 1084 cavis
773 1021 974 1086 abscondere
990 1023 1131 1084 tristem:

253 1118 412 1198 Extimui,
427 1143 467 1185 ne
481 1144 538 1185 vos
554 1133 666 1206 ageret
680 1123 811 1185 vesania
825 1123 950 1187 discors
963 1149 971 1198 ;

167 1217 229 1283 175
250 1220 305 1286 Tu
320 1222 573 1300 Nomentanum,
589 1235 626 1287 tu
640 1246 682 1287 ne
697 1246 870 1307 sequerere
886 1224 1044 1288 Cicutam.

251 1322 364 1396 Quare
378 1348 437 1409 per
452 1327 543 1390 divos
559 1337 670 1391 oratus
686 1337 823 1409 uterque
838 1337 985 1410 penates,
1047 1365 1058 1380 ι

249 1424 408 1503 Tuosne,
424 1449 465 1490 ne
480 1429 605 1490 minuas
619 1455 627 1505 3
651 1438 698 1504 tu,
714 1450 755 1491 ne
769 1429 873 1512 majus
888 1427 988 1492 facins
1004 1427 1049 1503 id,

251 1527 352 1600 Quod
367 1531 444 1592 satis
460 1551 533 1592 esse
547 1538 642 1611 putat
656 1540 760 1612 pater,
777 1543 811 1593 et
825 1540 941 1594 natura
954 1541 1093 1594 coercet.

250 1627 426 1706 Praeterea,
442 1652 483 1693 ne
498 1653 556 1693 vos
571 1630 678 1694 titillet
693 1616 807 1715 gloria,
819 1632 909 1716 jure-

163 1725 226 1793 180
247 1730 397 1795 Jurando
412 1733 611 1816 obstringam
627 1734 738 1797 ambo:
763 1744 837 1798 uter
852 1732 966 1810 aedilis,
982 1731 1119 1796 fueritve

249 1832 406 1897 Vestnim
420 1845 552 1919 praetor,
568 1835 596 1896 is
612 1834 805 1899 intestabilis
820 1847 854 1899 et
870 1857 960 1899 sacer
975 1845 1056 1898 esto.

248 1933 287 1998 In
302 1936 406 1999 cicere
421 1947 520 2019 atque
535 1934 611 1999 faba
626 1937 712 1999 bona
726 1947 762 2000 tu
776 1937 961 2020 perdasque
976 1936 1107 2020 lupinis,

248 2035 353 2100 Latus
368 2038 453 2100 utin
468 2039 554 2102 circo
570 2037 722 2121 spatiere,
737 2048 770 2101 et
785 2060 904 2102 aeneus
921 2049 956 2102 ut
972 2049 1049 2112 stes,

2 1318 11 1357 b

157 2206 276 2264 dieonrm,
293 2206 440 2284 mollioribus
455 2209 534 2257 verbis
554 2207 635 2257 omnia
654 2209 719 2274 apud
750 2209 775 2258 iu
786 2217 848 2272 tege
858 2211 911 2258 sinu
921 2208 1068 2284 tusa(latius
1078 2206 1191 2282 extenso)
1231 2207 1310 2256 rtabat

157 2281 260 2386 ,810508
268 2272 413 2392 plregpnotppp
417 2307 523 2385 boario?
539 2337 625 2402 legitur
634 2337 660 2385 in
671 2345 718 2388 vet.
749 2289 835 2385 iilciii
846 2273 957 2394 illiniti}
968 2270 1308 2408 igvizidffiilubregnffli

158 2399 204 2447 lib.
221 2400 286 2466 apud
305 2401 377 2449 leam
395 2403 453 2455 Quis
468 2407 572 2451 auarus?
604 2401 653 2450 uod
670 2417 719 2450 nou
781 2417 806 2450 re
824 2401 884 2450 nibil
900 2401 923 2451 ei
940 2409 1039 2450 restaret
1053 2399 1083 2449 de
1104 2400 1222 2458 uuerbus3
1240 2399 1307 2457 alter,

156 2462 278 2528 displicet,
301 2465 358 2530 quia
380 2465 472 2514 dixerat
499 2466 570 2515 modo
617 2467 715 2525 oratius,
769 2469 864 2521 iberius,
886 2465 957 2531 paulo
976 2465 1007 2514 ad
1027 2479 1075 2513 rem
1094 2464 1214 2521 attentior,
1232 2472 1257 2513 et
1276 2463 1307 2512 ad

159 2528 272 2583 Quisnam
283 2532 454 2592 igiturnnas?
748 2529 872 2578 avaritiam
900 2529 1033 2596 proclivior,
1059 2527 1147 2593 sapius
1169 2528 1309 2577 numerabat

194 2594 250 2644 too.
268 2595 328 2651 Cur,
345 2595 435 2644 Stotoel
451 2593 578 2643 Stertinius
595 2611 622 2643 se
639 2593 716 2660 ipsum
748 2610 832 2651 aures,
850 2610 940 2660 easque
955 2596 1028 2643 tristis
1048 2595 1144 2651 (serem
1162 2601 1187 2642 et
1205 2591 1308 2642 sollicito

156 2664 188 2704 ut
198 2659 304 2708 Stoicum
317 2658 430 2723 appellat.
748 2658 842 2721 auimo)
863 2660 889 2708 in
910 2658 1033 2708 latebrosis
1051 2658 1110 2707 locis
1130 2658 1290 2707 abscondebat
1299 2674 1307 2717 3

194 2723 248 2771 tot.
278 2724 414 2780 Cordum,
436 2721 479 2789 qui
501 2724 625 2780 stomachi,
644 2740 717 2789 quem
749 2723 806 2771 bino
826 2722 995 2773 extimescebat
1031 2730 1090 2778 ater,
1109 2737 1140 2770 ua
1159 2721 1241 2770 Aulus
1262 2720 1306 2769 ali·

155 2793 248 2835 veteres
259 2786 341 2836 Greci
349 2788 452 2852 rapitur
461 2788 716 2853 appellabant,dolot·i-
749 2787 1021 2853 quandoprodigus,T1
1053 2786 1102 2836 rius
1117 2801 1204 2834 avarus
1217 2785 1305 2835 extitu-

156 2850 205 2897 bus
227 2852 348 2916 affligitur.
382 2854 520 2901 Cratrntn:
543 2852 625 2902 schol.
649 2854 717 2911 Aer„
749 2861 872 2901 rusosoet.

157 2912 509 2982 Craterassur'srediattars'llt'r
522 2920 657 2978 tempestus
667 2922 715 2980 opt-
784 2918 840 2965 1⁷³.
868 2919 944 2972 Guols,
967 2915 997 2964 de
1026 2916 1085 2964 loeis
1112 2914 1234 2964 excavatis
1255 2912 1305 2961 sive

154 2982 289 3029 norbanus
298 2984 407 3029 mictu.
747 2981 854 3039 latebris,
870 2990 897 3030 ut
914 2980 957 3028 inl.
968 2982 1018 3028 Sat.
1030 2980 1056 3036 ii,
1068 2981 1093 3036 6,
1104 2980 1145 3035 01,
1157 2987 1181 3028 et
1197 2978 1274 3042 Epist.
1287 2976 1304 3032 i,

196 3045 248 3092 162.
266 3045 336 3093 liceto
350 3058 383 3093 est
398 3048 487 3109 igitur:
505 3055 568 3095 recta
585 3044 657 3111 igitur
673 3046 717 3096 illa
748 3048 772 3101 7,
784 3048 825 3095 30.
1240 3104 1246 3114 ι

156 3106 274 3157 sehabet.
308 3110 417 3173 Negabit,
430 3109 599 3159 sociaretur.
782 3112 838 3159 174.
858 3112 953 3159 Verania
965 3113 1065 3158 discors:
1083 3106 1151 3155 aliter
1160 3106 1223 3155 enim
1239 3120 1304 3153 rusa·

193 3172 248 3220 toa.
276 3174 355 3222 Morbo
376 3185 453 3230 emto,
472 3174 538 3222 acuti
564 3182 590 3224 et
617 3174 715 3223 acrioris
746 3175 860 3236 nitprodt'
906 3174 1096 3231 ,aliteraoarun

156 3234 255 3285 doloris.
781 3240 837 3287 175.
856 3191 1032 3293 montanum,
1049 3252 1151 3302 vappam
1163 3244 1187 3286 et
1204 3234 1304 3283 nebulo·

193 3300 249 3349 166.
266 3302 365 3367 Naviget
377 3304 529 3366 Anticyram:
545 3304 578 3352 os.
591 3303 622 3352 ad
638 3321 661 3352 r.
673 3306 715 3352 83.
748 3318 811 3359 nem,
824 3305 876 3352 Sat.
886 3302 903 3359 i,
918 3305 940 3359 l,
955 3304 1001 3351 10⁴2
1017 3312 1042 3351 et
1053 3304 1108 3358 104,
1126 3308 1236 3366 nepotem
1253 3299 1304 3347 Sat.

157 3363 521 3431 Barathronsllones,qatrquld
537 3370 715 3417 balatonum
747 3368 774 3423 ii,
788 3370 864 3423 l,22.
899 3368 1020 3417 Cicutam:
1037 3366 1069 3415 et'.
1081 3382 1104 3414 v.
1116 3367 1158 3423 ott,
1174 3373 1198 3414 et
1214 3366 1264 3413 Sat.
1276 3362 1302 3420 ii,

155 3444 214 3493 opes
232 3440 285 3479 tuas
301 3432 438 3481 ambitionis
454 3441 479 3481 et
489 3432 571 3507 gratie
588 3433 714 3499 captanda
745 3434 770 3490 6,
782 3434 807 3481 6.

155 3508 231 3543 mosa
249 3495 323 3544 dones
338 3498 437 3561 populo,
455 3512 497 3571 qur
514 3497 633 3555 barathro,
648 3497 674 3545 b.
689 3513 713 3546 e.
780 3498 836 3546 177.
855 3498 935 3561 Major
968 3502 1045 3547 anas.-
1067 3496 1161 3545 auctius
1180 3495 1258 3543 lacere
1279 3498 1304 3540 et

153 3556 391 3623 immensevoragiui
402 3575 484 3609 omma
491 3560 625 3611 absorbenti
635 3569 660 3609 et
669 3562 712 3611 de·
744 3562 890 3627 amplificare
901 3571 939 3611 stu
956 3577 1006 3612 eas.

153 3621 268 3684 glutienti
278 3624 417 3681 estsimilis,
430 3640 470 3683 an,
482 3634 540 3675 cett.
779 3627 835 3676 178.
854 3626 886 3676 Et
896 3636 1088 3675 saturasset-est:
1105 3633 1129 3674 et
1138 3633 1230 3673 nature
1243 3622 1302 3687 legi·

191 3688 246 3737 too.
266 3688 334 3736 Dim
351 3692 452 3752 Antiqua
466 3707 543 3747 remis,
563 3706 605 3755 pro
621 3690 712 3739 ratione
744 3692 798 3745 bus,
809 3690 935 3739 immodica
946 3706 1048 3755 queque
1059 3688 1225 3738 coercentiset
1235 3687 1302 3736 cobi-

152 3765 206 3813 qua
216 3752 305 3817 aliquis
313 3753 446 3817 antiquitus
454 3753 520 3802 dives
531 3755 680 3803 causabatur.
743 3755 831 3809 beatis,
842 3763 1028 3803 cousentaneum
1038 3764 1082 3803 est.

191 3816 246 3863 171.
259 3817 340 3865 Talus.-
356 3817 459 3881 quodde
470 3818 602 3883 iisqoaeurl
612 3819 713 3867 talorum
779 3818 834 3866 tttl.
852 3818 1000 3874 intestabilis,
1017 3818 1142 3892 interprete
1159 3817 1302 3867 Unterbolz·

152 3886 181 3928 et
193 3887 335 3929 tesserarum
349 3881 434 3930 ludum
449 3892 558 3947 spectant
574 3883 636 3932 scira
654 3899 714 3949 opus
746 3897 802 3931 nero
813 3882 877 3946 apud
887 3881 1211 3944 Heindorfiurn,dtoitur,qui
1223 3896 1302 3943 nequa

153 3950 200 3997 est,
212 3944 315 3993 breviter
327 3953 352 3994 et
369 3956 480 3995 arrunte
495 3947 604 4012 exposuit
618 3949 712 3996 Ernest.
744 3955 912 3995 testamentum
924 3946 1009 4001 lacere,
1020 3960 1096 4009 neque
1107 3962 1138 3994 ex
1149 3944 1211 3991 facto
1222 3944 1302 4007 aliquo

153 4006 181 4055 in
192 4008 263 4056 Clav.
274 4009 328 4058 Cic.
339 4026 360 4059 s.
371 4028 395 4058 v.
407 4010 486 4059 Talus.
744 4018 885 4059 testamento
896 4010 959 4057 bona
973 4010 1087 4073 accipere,
1100 4024 1178 4072 neque
1192 4008 1302 4056 faciendo

190 4073 326 4122 tri-175.
355 4075 479 4137 Postquam
500 4086 522 4125 te
546 4078 611 4126 talos.
644 4077 713 4126 sieut
743 4083 885 4124 manento
894 4073 1052 4123 masnata
1061 4070 1302 4137 poteraufuitittitur

153 4135 234 4193 bodie,
246 4136 280 4186 ita
289 4138 347 4185 olim
356 4156 452 4203 quoque
463 4140 529 4205 pueri
540 4141 604 4196 talis,
615 4144 712 4190 nuribus
745 4138 816 4187 bomo
829 4139 935 4188 omniurn
946 4138 1077 4185 contemtui
1091 4135 1220 4201 expositus,
1231 4136 1302 4183 borno

151 4202 710 4335 tutnstrttttfurttetntte
743 4198 1301 4318 itureenutrierunt·

192 4329 211 4376 l.
227 4329 277 4385 viii,
294 4332 335 4388 30,
352 4348 443 4397 sparge,
458 4288 555 4389 interita,
573 4336 664 4392 nuta),
684 4350 711 4383 se
743 4340 768 4381 at
779 4332 844 4381 Hist.
855 4332 888 4390 iv,
900 4334 940 4389 42,
953 4332 1105 4380 intestabilior
1115 4336 1139 4377 et
1152 4331 1230 4377 sevior
1240 4329 1300 4393 jun·

153 4392 256 4456 puerilia
274 4410 340 4444 nune
357 4396 474 4461 deponere
488 4397 559 4454 velle,
574 4398 710 4461 significan·
743 4406 841 4460 guntur.
869 4397 947 4453 Sacer,
959 4392 1119 4449 exsecrabilis,
1132 4392 1171 4441 eui
1181 4391 1245 4440 diras
1256 4392 1300 4441 im·

153 4464 199 4504 tes.
236 4458 333 4521 Oppidit
357 4460 417 4508 alter
436 4460 508 4515 lilius,
531 4463 616 4517 Aulin,
639 4462 711 4527 paulo
742 4478 874 4527 precamur.
942 4485 946 4494 ·

151 4520 298 4571 levioretad
306 4522 470 4573 liberalitatem
479 4526 711 4591 propensionaperta
778 4531 914 4579 tut-tto.
932 4530 959 4576 ,ln
977 4532 1057 4585 cicere,
1073 4536 1129 4577 cett.
1162 4528 1218 4576 Jarn
1236 4533 1301 4591 pater

711 4608 747 4641 cc
