3150 5200
574 375 860 440 canulius.

314 528 404 601 Quid
421 527 561 590 accidit?
585 549 642 592 cur
658 527 729 590 dira
743 529 892 590 barbarae
907 527 1012 589 minus

441 628 579 692 Venena
595 629 726 692 Medeae
742 628 860 703 valent,

313 731 444 804 Quibus
461 733 635 815 superbam
651 729 735 814 fugit
750 730 819 794 ulta
833 729 992 814 pellicem,

442 832 557 916 Magni
573 832 723 896 Creontis
739 831 849 907 filiam,

248 935 292 995 65
314 933 425 1006 Quum
440 933 537 1018 palla,
555 937 632 998 tabo
646 957 764 997 munus
778 935 950 1010 imbutum,
966 955 1081 997 novam

443 1035 599 1100 Incendio
615 1047 750 1120 nuptam
763 1035 920 1099 abstulit?

312 1137 416 1220 Atqui
431 1159 491 1200 nec
504 1135 619 1213 herba,
636 1159 696 1200 nec
710 1137 816 1201 latens
831 1138 864 1199 in
880 1138 1005 1219 asperis

445 1237 557 1302 Radix
573 1237 687 1302 fefellit
701 1261 752 1302 me
767 1239 858 1302 locis.

314 1341 472 1405 Indormit
487 1341 593 1403 unctis
609 1341 751 1405 omnium
766 1339 929 1404 cubilibus

248 1445 291 1506 70
442 1441 616 1506 Oblivione
631 1441 836 1525 pellicum.-

312 1544 386 1607 Ah!
411 1543 470 1606 ahl
496 1543 620 1608 solutus
637 1543 780 1622 ambulat
795 1542 949 1606 veneficis

443 1644 632 1710 Scientioris
649 1646 800 1709 carmine.

312 1746 391 1811 Non
406 1747 546 1823 usitatiS,
563 1747 664 1823 Vare,
680 1747 880 1830 potionibus,

442 1849 474 1912 Ο
490 1848 591 1911 multa
605 1847 757 1912 fleturum
773 1851 888 1931 caput!

248 1953 291 2012 75
312 1949 367 2013 Ad
382 1965 433 2013 me
449 1971 615 2026 recurres;
639 1971 698 2014 nec
714 1958 829 2013 vocata
843 1970 933 2011 mens
949 1959 1005 2010 tus

444 2051 565 2114 Marsis
581 2051 701 2114 redibit
716 2051 861 2114 vocibus.

313 2152 424 2238 Majus
439 2155 574 2238 parabo,
591 2154 693 2236 majus
709 2152 877 2215 infundam
892 2152 952 2214 tibi

440 2253 635 2319 Fastidienti
649 2254 811 2338 poculum.

137 2447 269 2502 perunctus
290 2438 451 2488 meretricibus
470 2439 549 2507 placet
569 2441 658 2498 Varus,
678 2437 701 2489 ei
732 2441 801 2490 ww
821 2437 918 2506 ἐ’ρδοωα
937 2439 997 2504 μήτε
1021 2459 1045 2488 τι
1067 2440 1160 2504 Κίρκης
1181 2439 1249 2500 Mein
1270 2459 1294 2489 rs

137 2503 320 2570 suppeditatum
330 2503 421 2553 luisset.
735 2505 846 2566 Μηδείας
860 2505 921 2571 μήτε
939 2507 1033 2562 ξανθᾶς
1052 2503 1199 2569 Περιμήδης.
1231 2505 1293 2552 Bur-

170 2567 277 2616 61-70.
296 2567 359 2622 Quid
373 2571 472 2618 acciunt
488 2587 540 2625 cur,
556 2577 613 2619 cett.
643 2569 700 2619 Non
732 2573 802 2626 bore,
836 2570 969 2621 Colchicae.
1022 2569 1147 2631 Superbum
1181 2569 1293 2631 pellicem,

138 2647 187 2679 uno
205 2640 287 2681 tenore
303 2632 354 2681 hec
372 2634 452 2681 omnia
469 2635 646 2699 pronunciasse,
658 2634 700 2683 sed
734 2636 859 2691 Creusam,
876 2652 896 2683 s.
914 2635 1035 2689 Glaucen,
1054 2635 1085 2681 ob
1103 2633 1225 2689 honorem,
1244 2648 1293 2697 quo

137 2696 268 2745 orationem
283 2696 411 2753 interdum,
424 2707 450 2745 ut
465 2714 502 2746 res
513 2698 611 2753 serebat,
624 2699 698 2747 Cani·
732 2700 762 2747 ab
774 2701 791 2749 J
793 2714 867 2748 asone
878 2699 972 2747 Medeae
983 2698 1080 2763 prelata
1096 2697 1181 2753 iuerat,
1198 2698 1291 2761 magni·

136 2759 201 2807 diam
220 2760 353 2810 inhibuisse
366 2770 431 2826 puta.
461 2764 523 2812 Cum
540 2762 620 2825 igitur,
634 2778 698 2809 com·
732 2764 775 2812 lice
787 2780 813 2813 se
824 2780 888 2812 nunc
898 2763 1066 2819 extollentem
1081 2760 1201 2809 simillime
1212 2770 1292 2810 autern

138 2838 219 2888 pressa
244 2824 295 2889 jam
320 2825 352 2873 nli
370 2824 491 2891 uantisper
515 2842 573 2875 vocs
596 2828 697 2883 Varum,
731 2826 1122 2893 snp.Epod.8,13,deMedea,
1138 2826 1291 2873 Hordelibs·

155 2904 210 2936 uem
232 2888 263 2937 ad
284 2904 309 2937 se
331 2904 341 2936 r
373 2890 459 2938 iturum
482 2904 534 2939 esse
555 2900 697 2955 speraverat,
731 2894 761 2940 tis
785 2895 838 2939 ulta
862 2895 927 2940 donis
952 2893 1065 2953 pellicem,
1093 2889 1199 2949 Serpente
1219 2889 1292 2952 sugit

136 2904 225 3001 irustra
250 2962 410 3017 exspectasset
437 2953 554 3013 Canidia3
583 2963 634 3002 turn
655 2954 699 3002 illa
730 2959 797 3010 alite.
810 2954 852 3004 nbi
866 2956 896 3004 de
913 2955 995 3003 haere
1009 2954 1041 3003 cf.
1054 2962 1104 3001 not.
1134 2952 1194 2999 Toto
1208 2969 1292 3000 munus

138 3031 210 3063 mora
225 3016 360 3081 impatiens,
374 3026 398 3065 et
411 3017 574 3082 indignatione
591 3018 620 3066 de
637 3034 698 3067 vano
731 3022 853 3075 imbutum,
865 3020 963 3084 pallam,
981 3033 1053 3081 quarn
1071 3031 1161 3064 veneno
1177 3016 1291 3063 intectam

138 3078 308 3129 incantationis
329 3097 378 3130 snae
397 3082 484 3131 affectu
518 3084 580 3137 lena,
600 3082 626 3130 in
647 3082 698 3131 haec
732 3094 760 3132 ut
776 3099 863 3131 munus
880 3082 987 3157 nuptiale
1003 3084 1100 3130 Creusa
1111 3080 1215 3127 miserat.
1248 3080 1295 3126 Fe-

136 3143 186 3217 tere
198 3146 269 3194 rerba
282 3144 397 3210 erumpit:
417 3154 433 3174 ‘¹
443 3099 517 3204 Quid
524 3147 619 3195 tandem
635 3146 698 3195 acci-
724 3148 795 3211 fellis
812 3166 855 3203 me,
873 3146 935 3211 sugit
950 3160 1028 3195 mearn
1042 3143 1099 3192 artis
1111 3142 1212 3205 magicae
1228 3142 1290 3215 peri·

137 3206 182 3263 drt,
199 3224 244 3257 cur
259 3208 339 3256 minus
356 3225 420 3258 nunc
437 3210 486 3259 vim
504 3226 572 3259 suam
588 3220 700 3260 exserunt
731 3210 799 3260 tiam.
828 3213 947 3259 cubilitus
962 3212 1040 3257 unctis
1055 3210 1173 3261 oblivione,
1189 3206 1289 3263 cubilis,

138 3286 231 3321 venena
253 3272 312 3320 alins
336 3274 516 3323 efficacissimal
555 3274 632 3339 Atqui
655 3290 699 3339 ego
731 3274 772 3323 nbi
794 3292 859 3324 nunc
876 3276 967 3323 latebat
985 3274 1074 3330 Varus,
1093 3270 1203 3322 Canidiae
1219 3270 1291 3336 plane

137 3337 246 3385 omnium
262 3336 388 3385 herbarum
402 3348 573 3387 venenatarum
587 3340 698 3386 sumsci·
730 3339 862 3397 immemor,
887 3341 960 3403 paulo
986 3336 1113 3386 sublimius
1140 3344 1211 3384 uncte
1233 3337 1290 3383 olli-

135 3400 273 3449 entissima!
312 3401 475 3450 Nihilominus
492 3404 572 3451 Varus
589 3402 701 3451 indormit
730 3406 795 3452 vicus
811 3402 933 3458 dicuntur,
945 3403 969 3451 h.
982 3419 1004 3451 e.
1015 3400 1133 3466 ejusmodi
1150 3399 1219 3463 quasi
1235 3399 1290 3448 her-

137 3478 202 3513 nunc
219 3464 326 3513 munium
342 3466 458 3531 pellicum
475 3466 604 3523 cubilibus,
623 3466 697 3515 medi·
731 3467 768 3515 bis
779 3468 937 3530 imbutaque
948 3466 1090 3515 oblivionem
1102 3463 1259 3512 offunderent.

136 3528 231 3577 camina
250 3530 320 3593 quasi
340 3529 430 3595 aliquo,
449 3531 514 3595 quod
531 3532 578 3579 mei
598 3530 697 3579 oblivio·
771 3532 877 3579 71-82.
900 3532 953 3578 At!
970 3532 1016 3577 alt!
1031 3532 1119 3579 solutus
1134 3531 1237 3577 nndnlct
1252 3545 1290 3576 oe-

136 3592 451 3650 neminducat,iniectisi”
481 3595 556 3659 Apud
568 3594 697 3658 Virgilium
730 3596 806 3659 neficoe
818 3596 951 3643 scientioris
960 3596 1070 3642 carmine.
1089 3593 1226 3657 Antequam
1238 3592 1290 3641 hec

137 3670 235 3721 quoque
264 3659 318 3705 Ecl.
341 3658 392 3715 viii,
417 3660 522 3708 venefica
545 3658 579 3708 ita
602 3673 698 3707 carmen
730 3658 868 3724 loqueretur
880 3658 990 3712 Canidia,
1002 3673 1056 3706 eam
1068 3657 1187 3722 paulisper
1203 3657 1228 3705 in
1240 3672 1291 3705 rne-

136 3734 206 3768 suum
223 3720 343 3777 demutat,
357 3732 385 3770 nt
400 3731 511 3772 eventum
528 3722 698 3771 incantationis
730 3723 844 3771 ditatione
863 3723 966 3771 defixam
985 3720 1113 3778 adstitisse,
1128 3729 1153 3769 et
1170 3720 1201 3768 de
1217 3736 1291 3769 causa

135 3784 298 3850 exspectando
317 3784 343 3833 in
362 3786 440 3836 media
460 3786 565 3835 oratione
586 3787 696 3851 aliquan·
730 3786 788 3836 irriti
806 3788 844 3835 sui
860 3799 961 3835 conatus
976 3784 1093 3869 copitasse
1108 3784 1228 3841 existima,
1243 3800 1291 3846 qua

137 3848 210 3914 tisper
226 3848 354 3907 subsistat,
371 3850 406 3899 sic
418 3851 482 3900 enim
493 3850 536 3898 illa
546 3868 569 3899 v.
584 3852 639 3906 101,
653 3850 698 3899 Fa·
730 3850 836 3906 inventa,
848 3851 928 3899 “Ah!
948 3849 1003 3897 ahl’
1030 3848 1119 3912 inquit,
1132 3856 1220 3896 “nunc
1231 3848 1289 3901 scio,

134 3914 232 3968 mame,
256 3916 382 3977 Amarylli,
400 3915 477 3980 forus,
499 3918 591 3977 rivoque
607 3916 698 3979 fluenti
730 3930 773 3962 our
793 3916 872 3962 Vama
890 3930 938 3961 non
956 3912 1062 3970 venerit,
1078 3911 1120 3959 ille
1134 3911 1229 3958 scilicet
1243 3910 1290 3957 sci-

137 3975 256 4039 Truusque
275 3989 346 4040 capnt
358 3982 423 4040 joce,
442 3996 483 4027 nec
501 3982 637 4041 respexeris,-
662 3980 698 4025 his
729 3978 827 4026 entioris
843 3977 970 4041 cujusdam
986 3976 1097 4024 veneficae
1115 3974 1219 4022 carmine
1236 3988 1251 4019 a
1267 3972 1291 4021 vi

134 4042 557 4155 tantilitatem?
575 4050 699 4154 nith
730 4039 1085 4153 ltlttlhtdatlttt
1100 4036 1289 4149 litteren:

134 4160 275 4233 interposita
286 4169 367 4233 aliqua
380 4186 447 4219 mora
458 4123 506 4219 niin
517 4124 630 4225 venisiet,
646 4179 697 4217 tum
731 4167 857 4233 vagetur.''
891 4169 1013 4216 Ambulut:
1030 4168 1149 4213 ambulare
1157 4164 1209 4229 jam
1219 4164 1250 4213 de
1260 4164 1290 4212 iis

134 4230 233 4280 demum
246 4232 321 4289 addit,
339 4236 399 4283 nihil
413 4236 453 4282 ilie
472 4237 530 4292 deos,
544 4236 579 4283 ru'l
594 4237 697 4282 carmina
749 4234 774 4281 ni
791 4232 868 4281 securi
883 4242 908 4280 et
925 4231 970 4279 tuti
986 4232 1017 4278 ab
1027 4228 1093 4277 omni
1106 4228 1212 4293 periculo
1223 4226 1289 4278 ince-

134 4306 213 4344 eerut.
240 4297 291 4345 Cur
302 4300 356 4346 diro
369 4314 454 4347 venenu
466 4299 563 4347 Medea:
576 4314 631 4347 cum
643 4300 696 4346 Me·
730 4249 806 4347 dunt:
829 4312 882 4361 sup.
902 4296 935 4351 iv,
955 4298 979 4351 5,
1000 4295 1038 4352 17,
1059 4292 1133 4341 Tutus
1152 4296 1188 4340 bos
1207 4295 1291 4341 etenim

133 4358 182 4408 dea
197 4372 223 4409 se
239 4370 363 4427 comparat
379 4362 490 4420 Canidia,
502 4371 527 4411 et
543 4378 616 4429 qnam
632 4360 698 4409 illius
730 4362 954 4424 ruropernmbulct.
982 4360 1033 4407 Non
1048 4360 1150 4412 mitaris,
1166 4356 1235 4413 Vere,
1248 4372 1289 4419 po·

133 4438 230 4472 venena
252 4426 300 4473 vim
323 4424 434 4475 hahuisse
459 4427 575 4483 seruntur,
598 4426 699 4475 eandem
732 4428 840 4480 tundet,
860 4425 880 4472 0
901 4426 975 4472 multe
990 4425 1106 4489 fleturum
1123 4422 1209 4484 ceput!
1232 4429 1290 4470 cett.

133 4487 187 4599 apis
204 4503 237 4552 qn
270 4490 418 4602 usTtlpneni:
438 4489 552 4603 vipdicla5t,
572 4492 698 4620 ιὲὶόρνειιο-
731 4505 795 4564 ergo,
807 4489 1023 4602 hovmiino'mt
1039 4484 1290 4597 imliw’quiffibi

166 4566 181 4599 s
212 4566 260 4617 spu
344 4569 426 4603 aocn.
453 4570 478 4611 u,
543 4591 548 4610 ,
633 4572 699 4619 paea
732 4568 806 4602 misce
840 4570 894 4620 ,po
914 4568 1006 4601 omsvr
1024 4565 1138 4599 nonnae
1157 4565 1198 4598 mu
1265 4565 1291 4597 a·

704 4621 742 4666 st
