3150 5200
311 344 377 411 554
560 336 838 413 EPISTOLA
871 346 945 410 AD
977 344 1218 410 PISONES.

397 496 623 563 Offenduntur
637 500 734 576 enim,
749 500 870 583 quibus
885 508 937 563 est
950 522 1067 582 equus,
1083 511 1117 564 et
1131 508 1235 584 pater,
1251 509 1287 562 et
1301 520 1374 576 res,

396 599 482 677 Nec,
499 600 621 684 siquid
637 600 723 665 fricti
738 602 853 665 ciceris
868 603 987 684 probat
1000 611 1034 666 et
1047 602 1140 667 nucis
1154 612 1269 678 emtor,

309 702 375 765 250
397 702 518 785 AEquis
534 702 699 786 accipiunt
713 704 837 779 animis,
854 702 1016 767 donantve
1032 724 1162 768 corona.

441 803 573 888 Syllaba
588 802 684 887 longa
698 804 790 868 brevi
806 804 955 887 subjecta
968 815 1104 868 vocatur
1117 806 1255 881 iambus,

397 905 462 970 Pes
478 908 579 970 citus:
603 904 691 969 unde
705 907 803 969 etiam
818 906 970 969 trimetris
986 906 1177 972 adcrescere
1188 909 1290 992 jussit

397 1008 528 1072 Nomen
543 1007 688 1083 iambeiS,
705 1029 805 1090 quum
819 1029 915 1072 senos
931 1008 1087 1072 redderet
1101 1009 1196 1073 ictus.

398 1108 527 1172 Primus
543 1108 585 1171 ad
600 1118 781 1172 extremum
797 1108 907 1172 similia
924 1110 1003 1174 sibi:
1027 1133 1093 1175 non
1108 1112 1154 1175 ita
1167 1112 1307 1196 pridem,

310 1212 375 1277 255
397 1210 540 1275 Tardior
554 1219 591 1273 ut
606 1210 704 1293 paulo
718 1212 912 1294 graviorque
927 1212 1052 1274 veniret
1066 1213 1109 1275 ad
1123 1235 1231 1290 aures,

398 1312 570 1397 Spondeos
587 1312 719 1377 stabiles
735 1314 769 1376 in
779 1312 857 1396 jura
870 1322 1007 1396 paterna
1020 1313 1146 1397 recepit

399 1413 597 1477 Commodus
612 1424 645 1477 et
660 1416 807 1498 patiens;
830 1436 896 1478 non
907 1424 945 1478 ut
960 1416 1001 1478 de
1018 1416 1096 1480 sede
1112 1416 1257 1481 secunda

398 1515 540 1579 Cederet
552 1524 609 1578 aut
624 1527 741 1596 quarta
756 1515 928 1580 socialiter.
976 1515 1043 1580 Hic
1058 1529 1092 1580 et
1107 1518 1140 1581 in
1154 1517 1239 1581 Acci

328 1676 331 1683 .
397 1615 575 1680 Nobilibus
592 1617 744 1679 trimetris
761 1625 899 1700 apparet
913 1638 1017 1693 rarus,
1033 1627 1068 1681 et
1083 1616 1173 1681 Enni

310 1720 376 1783 260
398 1716 437 1781 In
453 1738 582 1781 scenam
596 1718 711 1781 missos
726 1739 845 1801 magno
861 1739 934 1781 cum
948 1718 1094 1801 pondere
1107 1740 1230 1795 versus,

397 1817 469 1882 Aut
484 1840 592 1902 operae
606 1818 720 1883 celeris
736 1819 869 1882 nimium
884 1840 1027 1901 curaque
1042 1820 1192 1896 carentis,

397 1918 469 1985 Aut
483 1920 640 2004 ignoratae
656 1920 773 2005 premit
788 1922 867 1984 artis
881 1921 1012 1984 crimine
1027 1923 1125 2006 turpi.

311 2088 427 2164 loquendi
444 2089 567 2163 formulas,
581 2090 629 2146 vel,
647 2098 674 2139 ut
690 2090 818 2139 Petronius
834 2088 869 2137 lo·
901 2092 976 2152 pediti
990 2093 1078 2141 melate
1094 2092 1219 2147 incedent,¹
1235 2105 1315 2137 verriu
1329 2106 1378 2137 non
1394 2091 1428 2137 ad
1439 2092 1473 2136 ir-
1543 2097 1544 2160 ζ

310 2162 400 2217 quitur,
420 2154 523 2201 mellitos
541 2154 665 2203 verborum
684 2154 796 2217 globulos
812 2168 869 2217 cap·
903 2156 998 2219 dignam
1010 2156 1084 2212 ittam,
1096 2172 1146 2218 que
1157 2154 1268 2202 Romami
1277 2156 1350 2213 pneris
1360 2156 1423 2201 dato
1433 2164 1473 2207 ar,

312 2227 398 2267 tenter.
433 2216 554 2281 Quicquid
564 2216 605 2273 ait,
616 2235 671 2280 pene
674 2220 780 2283 j'oremer
790 2226 871 2282 aperte
904 2219 1079 2275 iicmticm‚eai
1093 2221 1124 2267 od
1138 2220 1239 2279 eaenpir
1257 2218 1398 2266 Graeci-un
1416 2234 1473 2265 can·

311 2291 466 2347 opponuntur
489 2280 518 2329 iis
545 2282 589 2346 qui
608 2284 684 2331 triviie
705 2284 782 2331 innoti
804 2288 869 2336 eunt,
901 2284 1319 2345 ponendioiquecoarinnandiraut.

312 2344 337 2395 b.
354 2362 377 2394 a.
395 2344 545 2411 plebecular3
561 2362 617 2407 pene
628 2347 734 2411 sermm
747 2360 816 2395 versu
832 2360 869 2393 ee·
934 2347 1075 2395 251-253.
1103 2348 1199 2409 Syllaba
1222 2348 1259 2392 ion
1278 2362 1292 2390 e
1315 2346 1393 2399 breui,
1418 2352 1473 2392 cett.
1543 2307 1544 2358 l

312 2412 495 2472 quentetenm'r
511 2411 611 2457 uersibus
620 2414 734 2472 juvenari
748 2409 871 2471 (νιιινιείι-
902 2409 1079 2472 elegantissima
1090 2410 1163 2459 iambi
1180 2409 1235 2472 ('')
1269 2408 1397 2473 ascriptio.
1434 2408 1476 2454 Pes

311 2475 381 2521 εσθαι
384 2472 438 2534 ),b.
450 2489 473 2522 e.
485 2472 588 2523 molliter
600 2484 643 2522 aut
651 2474 789 2538 juveniliter
800 2473 871 2521 luxu·
903 2476 981 2521 citas.-
1009 2474 1066 2522 hinc
1093 2484 1158 2523 recto
1186 2481 1255 2521 vetur
1286 2488 1356 2521 meus
1380 2472 1474 2519 amicus

312 2536 377 2591 riari,
401 2539 476 2585 triviis
499 2552 552 2585 vero
574 2540 651 2586 innati
674 2554 743 2587 versu
767 2537 872 2603 proxime
904 2538 1111 2587 Mitacherlicbiue
1122 2554 1177 2604 cup.
1189 2536 1239 2585 Od.
1249 2536 1267 2591 i,
1281 2538 1321 2593 16,
1332 2538 1378 2591 24,
1391 2538 1475 2584 retem

312 2609 427 2665 sequente
448 2603 566 2649 immunda
589 2613 612 2650 et
639 2606 788 2667 ignominiam
810 2605 874 2650 dicta
904 2605 988 2652 iem
1006 2602 1037 2652 ad
1054 2603 1156 2652 celerem
1169 2617 1251 2650 eorum
1268 2611 1382 2649 naturam
1395 2601 1475 2649 refert.

311 2679 404 2724 crepare
426 2663 548 2738 dicuntur.
582 2667 669 2730 Itaque
689 2683 745 2740 pro,
771 2684 799 2715 ec
818 2681 875 2728 pm
909 2667 976 2715 Unde
987 2667 1177 2725 etium,eett.ob
1192 2665 1373 2738 buuccelerem
1385 2664 1473 2714 decur-

303 2727 871 2842 ittatiitzrfftltitttnt'itt
902 2729 1475 2860 intitulatione-wem

314 2865 416 2913 servant,
446 2871 476 2904 ex
505 2855 641 2919 conjectura
664 2855 719 2905 dedi
746 2867 788 2905 cut
814 2874 871 2920 pene
903 2860 971 2921 (eum
981 2875 1042 2907 ternos
1058 2861 1164 2907 redderet
1181 2855 1474 2930 ictus),quemriseeuas

303 2920 420 2985 serentes,
432 2927 552 2985 permotus
569 2921 655 2985 partin
671 2923 734 2970 nube
749 2922 870 2987 exemplo·
902 2923 1067 2986 percussiones
1076 2921 1190 2978 redderet,
1202 2935 1312 2985 quamvis
1326 2928 1393 2969 esset
1404 2935 1474 2968 seua·

312 2984 582 3033 rumaDralenboreb.
595 2984 624 3033 ad
643 2985 695 3034 Liv.
707 2985 757 3042 xxi,
769 2987 810 3043 53,
854 2987 870 3032 ³
902 2985 960 3034 rius.
985 2987 1106 3041 Trimeter,
1124 2993 1219 3035 coortat
1235 2984 1312 3032 tribus
1329 2983 1473 3050 dupondiis,

311 3049 477 3104 collectorum,
488 3047 531 3096 ubi
547 3059 590 3096 aut
607 3065 622 3098 a
639 3049 739 3098 librariis
755 3050 779 3098 in
790 2986 870 3098 ocie-
902 3058 927 3098 et
946 3049 1082 3114 dupondius
1101 3052 1226 3115 (mensure
1244 3047 1348 3095 duorum
1367 3049 1473 3120 pedum)

312 3124 436 3187 provatum
455 3125 499 3166 ert,
519 3113 605 3176 purtim
627 3114 735 3178 exemplo
757 3112 870 3169 Bentleii,
902 3112 1000 3162 duobus
1016 3115 1124 3179 pedibus.
1166 3114 1255 3161 Facete
1272 3121 1353 3159 autem
1367 3114 1473 3166 iambus,

312 3193 354 3240 qur
365 3193 419 3242 nup.
431 3179 481 3225 Sat.
494 3177 511 3232 i,
523 3178 549 3231 6,
561 3177 602 3232 66,
614 3193 664 3243 pro,
676 3196 702 3226 oe
714 3180 775 3226 mnia
788 3179 871 3234 biara,
904 3177 970 3240 quod
981 3188 1056 3242 poetar
1062 3179 1196 3243 jusserunt,
1206 3176 1257 3240 ipse
1262 3175 1367 3239 jussisse
1375 3176 1474 3224 dieitur.
1543 3216 1544 3235 2

312 3249 394 3291 contra
411 3241 517 3288 omnium
534 3239 611 3288 Codd.
626 3251 651 3290 et
665 3241 870 3291 edittauctorita·
935 3244 993 3290 254.
1018 3243 1112 3290 Primus
1140 3244 1171 3289 od
1195 3250 1329 3294 ιιινειιιιιιιι,
1358 3250 1419 3289 cett.
1443 3241 1473 3288 ab

312 3312 360 3354 tem
370 3303 660 3367 exhibuitreflagitante,
668 3315 709 3353 oet
720 3309 780 3354 maia
788 3308 872 3354 tustra.
903 3304 972 3354 initio
990 3304 1063 3354 iambi
1081 3306 1107 3353 iu
1124 3319 1270 3369 unoquoque
1285 3305 1474 3368 versurprimo
1543 3326 1544 3333 ι

344 3369 402 3417 248·
421 3368 552 3421 Quilwsi
570 3379 770 3431 conmuniter,
787 3381 873 3426 erran
905 3383 980 3433 utque
997 3369 1029 3417 ad
1046 3381 1179 3419 extremum
1198 3366 1345 3416 seinvicem
1365 3369 1474 3433 excipie-
1543 3410 1544 3413 ,

311 3435 404 3494 equites,
423 3441 536 3480 senatorer
553 3440 575 3479 et
592 3437 683 3491 diriter,
704 3442 732 3481 ut
751 3433 872 3487 cultiores,
905 3433 973 3490 bant,
985 3433 1034 3482 eive
1051 3443 1114 3482 totus
1131 3447 1213 3482 versus
1223 3447 1239 3478 a
1249 3431 1326 3496 prima
1336 3431 1474 3480 iamborum

311 3503 464 3560 opponuntur
484 3495 629 3559 plebeculaer
655 3498 685 3547 de
707 3500 821 3560 equitibus
839 3497 872 3546 ci.
905 3496 1042 3546 inventione
1053 3499 1117 3562 puris
1128 3496 1213 3544 iambis
1222 3494 1335 3560 componi
1345 3496 1453 3545 solebat.

312 3558 458 3672 {ippgatti
473 3560 563 3672 wllbe'
576 3561 653 3628 Epist.
665 3562 691 3621 ii,
706 3565 727 3618 i,
743 3563 797 3621 185,
813 3561 873 3610 etin
905 3632 916 3672 t
937 3562 1124 3674 topazium:
1141 3560 1263 3671 elegaffir
1272 3558 1376 3670 spondei
1384 3559 1474 3672 ditonu-

344 3639 357 3670 e
408 3639 483 3672 1s.v.
546 3659 552 3673 .
916 3641 973 3673 urs
1013 3642 1020 3672 ι
1055 3661 1062 3681 ,
1094 3640 1134 3673 uu
1152 3639 1200 3672 oon
1251 3639 1293 3670 run
1314 3639 1405 3672 currun
1437 3641 1474 3680 ue,

344 3639 407 3737 249¹.)
426 3688 503 3736 Frirtt'
519 3691 600 3736 ciceris
618 3697 640 3736 et
657 3693 818 3748 audientur,
837 3696 874 3738 ert
905 3688 977 3737 sicuti
993 3643 1096 3754 parciori
1117 3687 1220 3744 iambus,
1240 3685 1283 3735 sed
1301 3686 1409 3751 pondere
1416 3641 1475 3736 qsuo

311 3750 388 3816 plebe,
400 3768 455 3816 quae
467 3767 508 3817 pro
520 3752 621 3801 ratenui
637 3753 713 3803 cicera
729 3762 753 3802 et
771 3755 874 3802 nucibus
905 3752 1017 3801 retardati
1033 3767 1110 3801 morer
1128 3753 1227 3800 iaciunt.
1251 3751 1350 3812 injure
1360 3762 1474 3813 ραιπιιι,

312 3815 376 3865 vesci
391 3816 491 3864 nolebat.
515 3816 637 3880 Cogitavit
649 3816 747 3866 ionesse
760 3818 874 3867 Horatius
906 3815 931 3864 iu
944 3815 1001 3880 jura
1020 3817 1067 3864 nbi
1086 3817 1131 3864 soli
1148 3815 1227 3864 adhue
1242 3815 1348 3879 propria,
1360 3816 1437 3873 erite,
1451 3827 1476 3865 et

311 3881 383 3930 simul
394 3880 424 3930 de
439 3880 554 3929 malorum
570 3888 692 3946 poetarum
708 3881 795 3956 ineptis
804 3883 873 3930 eber·
907 3880 1043 3929 hereditate
1055 3880 1125 3944 quasi
1135 3888 1242 3944 accepte.

311 3944 351 4001 tia,
363 3961 433 4020 qua,
438 3944 496 4009 quia
507 3944 624 4010 ejusmodi
636 3961 725 3995 mercer
737 3945 766 3994 ίιι
776 3945 873 3994 amicie-
938 3946 996 3993 257.
1015 3945 1156 4001 Commodus,
1171 3942 1299 3999 officiosus,
1312 3942 1475 4006 obsequiosus

311 4009 408 4065 bantur,
427 4025 452 4058 ru
468 4024 554 4058 manue
561 4007 641 4121 plebis
651 4010 805 4059 incidebant:
823 4009 873 4059 vid.
906 4007 973 4068 (noe,
991 4007 1119 4083 gefriitig),
1137 4017 1164 4056 ut
1179 4023 1234 4072 sup.
1253 4006 1303 4054 Od.
1320 4006 1355 4064 iv,
1372 4009 1400 4065 8,
1415 4009 1438 4063 l,
1452 4018 1477 4057 et

312 4088 366 4138 sup.
379 4073 457 4138 Epist.
468 4072 495 4128 ii,
511 4075 532 4130 l,
544 4076 559 4121 2
576 4075 601 4129 9,
614 4073 672 4123 270.
907 4072 985 4136 Epist.
998 4073 1024 4130 ri,
1038 4073 1061 4128 l,
1073 4074 1130 4120 ²27.
1160 4071 1214 4119 Non
1225 4081 1251 4119 at
1262 4072 1290 4118 de
1301 4073 1353 4118 rede
1361 4074 1475 4126 ωειιιώ,

345 4138 403 4186 250.
421 4138 559 4192 Donantve,
572 4139 709 4186 camelum
726 4147 821 4204 poetam
832 4153 873 4186 co·
906 4135 1007 4185 cattini
1019 4145 1108 4194 tamen,
1121 4135 1275 4209 utepoudao,
1288 4133 1315 4182 iu
1332 4135 1475 4183 mimum

312 4201 470 4250 roualaurea.
906 4215 975 4248 ruam
994 4209 1097 4266 recepto,
1117 4209 1257 4263 neutiquam
1276 4196 1410 4248 secundam
1430 4209 1477 4246 rut

344 4265 645 4329 251—274.Preceptum
656 4264 786 4314 Decimum
794 4264 874 4321 Quin·
923 4272 1015 4312 uarium
1039 4264 1120 4313 eedem
1146 4263 1247 4315 cederet.
1270 4263 1302 4310 ob
1323 4261 1476 4325 singularem

311 4336 375 4378 tum:
395 4329 560 4376 cummanum
571 4331 670 4384 interiit,
680 4339 760 4377 utrum
771 4339 873 4390 poemata
905 4281 1004 4377 briam
1020 4327 1067 4375 vim
1085 4344 1135 4392 qua
1143 4327 1185 4376 ille
1196 4326 1227 4375 ad
1239 4340 1308 4375 auree
1322 4325 1349 4373 iu
1364 4325 1476 4375 munda

311 4395 430 4442 modulata
447 4411 479 4440 un
495 4393 643 4441 inmodulata
658 4395 714 4448 sint,
726 4405 808 4442 utrum
822 4409 873 4440 ver·
905 4402 930 4442 et
941 4399 1025 4456 quarta
1035 4391 1091 4441 tede
1103 4391 1200 4441 eccidit.

312 4473 379 4505 ruam
390 4459 511 4505 nemerici
520 4457 587 4516 pedes
597 4457 681 4504 leniter
690 4467 713 4505 et
725 4458 872 4506 nuliiterde·
937 4457 1077 4505 ate-261.
1104 4457 1151 4504 Hie
1172 4464 1195 4502 ct
1214 4457 1238 4502 in
1258 4453 1325 4510 Arei,
1341 4462 1401 4505 cett.
1421 4455 1474 4519 jam
1543 4444 1544 4491 Ῑ

311 4521 605 4586 οιινναιιι,αιιροιιάινίὸιιι
616 4523 680 4585 quari
689 4523 871 4586 granateria·
906 4519 1021 4571 lioretiur
1040 4528 1135 4585 poetam
1152 4518 1266 4568 Latinum
1282 4514 1405 4582 trngicun
1423 4521 1474 4568 Ae·
1543 4556 1544 4585 z
