3150 5200
268 261 329 324 138
695 254 991 321 CARMINUM

524 412 709 498 Augustus,
727 410 864 495 adjectis
880 408 1047 472 Britannis

570 516 722 599 Imperio,
738 512 958 597 gravibusque
974 510 1096 573 Persis.

429 618 450 678 5
483 617 623 682 Milesne
637 615 747 680 Crassi
759 615 898 697 conjuge
913 612 1055 676 barbara

481 718 606 803 Turpis
620 719 756 781 maritus
771 716 873 778 vixit?
897 724 931 776 et
945 713 1132 777 hostium-

523 820 590 884 Pro
606 820 717 896 Curia,
733 817 917 898 inversique
932 835 1039 878 mores
1049 819 1102 876 l·—

568 922 750 986 Consenuit
765 939 952 983 socerorum
967 918 1000 979 in
1016 917 1113 992 arvis,

481 1023 551 1087 Sub
567 1045 644 1108 rege
660 1022 774 1099 Medo,
793 1019 927 1084 Marsus
942 1029 976 1082 et
991 1015 1147 1102 Appulus

420 1127 459 1189 10
480 1122 683 1189 Anciliorum
697 1134 732 1189 et
746 1123 884 1188 nominis
899 1132 932 1185 et
948 1130 1034 1204 togae

524 1225 669 1304 Oblitus,
686 1237 881 1307 aeternaeque
896 1223 1020 1299 Vestae,

570 1329 726 1394 Incolumi
741 1326 836 1402 Jove,
850 1335 883 1390 et
898 1327 980 1389 urbe
995 1323 1124 1388 Roma?

266 1528 335 1585 tana,
358 1528 401 1577 sed
422 1525 536 1591 conjugio
557 1525 617 1574 adeo
637 1525 663 1572 in
688 1523 828 1589 captivitate
860 1523 933 1588 igitur
950 1523 1053 1589 primum
1064 1539 1153 1572 rnorem
1167 1522 1240 1585 gerit3
1257 1530 1282 1571 et
1296 1531 1430 1588 postquam

266 1589 829 1705 tffiffll“lirtffsittbt”¹llit⁵
861 1587 1186 1702 &titillatum
1235 1587 1430 1716 libili}

267 1737 322 1785 quae
335 1670 514 1784 &humum
524 1669 828 1785 decaptirisjudidaverat:
862 1716 905 1774 ria,
919 1717 1029 1766 invectus
1043 1727 1087 1776 est,
1099 1723 1232 1782 opportune
1248 1716 1272 1763 in
1289 1731 1337 1764 rem
1354 1732 1430 1766 suern

267 1800 403 1834 succurrere
411 1783 538 1832 debebant.
560 1783 647 1847 Itaque
658 1791 686 1830 nt
697 1781 787 1847 Reguli
799 1782 829 1832 de
862 1782 953 1832 illustre
974 1781 1064 1846 Reguli
1081 1779 1216 1846 exemplum
1235 1788 1330 1828 tractat.
1363 1783 1431 1831 Haec

266 1849 367 1915 captivis
383 1848 502 1914 judicium
520 1863 548 1896 eo
567 1847 682 1896 attentius
700 1863 730 1896 er
752 1846 829 1911 ipsius
860 1846 941 1894 omnia
952 1856 1032 1895 autem
1044 1845 1179 1911 quomegis
1190 1844 1221 1893 ad
1235 1844 1340 1910 antique
1351 1846 1430 1894 virtu·

265 1916 337 1978 quasi
350 1930 391 1963 ore
409 1912 527 1970 audietur,
538 1911 601 1960 sistit
615 1928 669 1961 eum
686 1911 712 1959 in
728 1911 829 1960 consilio
862 1910 893 1959 tis
906 1911 1013 1960 studium
1027 1909 1182 1960 excitandum
1196 1919 1354 1974 spectantes
1368 1927 1430 1960 sua-

266 1983 368 2028 Senatus
388 1976 493 2026 Romani
512 1984 661 2042 presentem,
678 1984 703 2025 et
721 1991 750 2025 ea
768 1976 829 2040 ipse,
862 1975 915 2024 vius
926 1975 1074 2038 Augustum,
1085 1973 1156 2040 cujus
1165 1974 1264 2038 gratiam
1277 1971 1335 2022 satis
1345 1985 1431 2039 aperte

266 2059 321 2108 que
343 2043 430 2092 missus
451 2057 464 2090 a
488 2040 726 2105 Carthaginiensibus
747 2049 832 2090 contra
908 2040 969 2088 tain
980 2041 1025 2089 hoc
1037 2041 1142 2090 carmine
1155 2047 1244 2104 captet,
1256 2038 1374 2088 delectare
1383 2039 1430 2090 de-

266 2123 307 2158 eos
318 2108 422 2157 suasisse
432 2106 528 2162 dicitur,
537 2104 613 2154 verbis
621 2103 827 2180 gravissimispro·
860 2056 956 2154 ἕζεαι.
999 2104 1097 2154 Milesiis
1115 2105 1191 2152 crasi
1211 2108 1307 2176 cory'uge
1325 2106 1430 2154 barbara

266 2172 437 2230 nunciantem3
454 2187 502 2236 quo
518 2170 578 2219 nihil
592 2169 624 2219 ad
638 2171 730 2218 animos
743 2185 828 2235 pnscae
862 2169 946 2232 Turpis
957 2171 1139 2218 mnritnsvr'sr't?
1168 2167 1429 2234 Hoccrneaseimpe-

265 2236 359 2286 virtutis
383 2245 408 2285 et
432 2235 515 2310 patrie
542 2250 621 2284 amore
646 2234 829 2283 inflammandos
861 2243 922 2282 trare
933 2242 1061 2299 potuerunt
1072 2232 1159 2282 milites
1174 2233 1263 2288 Crassi,
1275 2241 1303 2281 nt
1313 2232 1339 2281 in
1349 2235 1429 2300 cepti-

267 2302 325 2364 fingi
341 2309 366 2348 et
384 2298 491 2348 adhiberi
509 2301 540 2346 ab
560 2298 660 2347 Horatio
680 2299 757 2364 potuit
776 2301 826 2348 effi·
860 2297 933 2348 vitate
945 2297 1010 2364 apud
1022 2298 1124 2347 Parthos
1139 2297 1222 2362 patrias
1237 2313 1288 2346 sun
1300 2297 1371 2362 plane
1382 2301 1429 2348 ob-

265 2366 357 2413 cacins.
380 2365 383 2368 ’
861 2363 896 2412 liti
920 2363 1104 2427 ignominiosum
1125 2379 1181 2411 cum
1205 2361 1298 2410 leminis
1320 2363 1431 2414 herbar-is

301 2430 373 2476 1-4.
403 2428 463 2475 Calo
491 2438 615 2483 torentem,
644 2436 700 2476 cett.
728 2443 828 2478 sensus:
862 2427 949 2478 inirent
965 2427 1120 2492 conjugium?
1153 2427 1297 2491 Interpretes
1309 2426 1428 2491 jungunt,

267 2491 469 2555 quemadmodum
491 2491 586 2540 eredere
607 2491 722 2548 solemus,
743 2495 829 2542 lovem
862 2497 960 2541 maritus
985 2495 1084 2541 barbara
1110 2495 1223 2555 conjuge,
1244 2499 1269 2539 et
1295 2492 1428 2556 explicent,

266 2556 400 2620 regnarem
411 2556 484 2613 coelo,
495 2556 560 2621 qnod
573 2555 606 2606 ibi
619 2564 699 2605 movet
714 2558 828 2614 tonitrua,
862 2557 961 2607 maritus
976 2559 1083 2607 barbara
1099 2555 1219 2622 conjugis,
1230 2555 1267 2604 vel
1283 2554 1313 2605 ad
1328 2559 1429 2607 barbara

267 2619 301 2670 ita
323 2637 388 2670 nune
411 2622 545 2734 Aupustus,
568 2620 633 2686 quod
655 2623 762 2686 potentia
786 2638 830 2671 sua
862 2627 958 2697 rorp'rigae
981 2623 1103 2697 supplent,
1127 2623 1207 2671 ducta.
1244 2621 1364 2670 Neutrum
1384 2622 1429 2672 ferr

268 2684 398 2735 Britannos
411 2694 437 2735 at
474 2700 538 2734 erses
553 2686 718 2733 Romanorum
731 2686 830 2751 imperio
863 2687 998 2736 Latrnrtns:
1016 2702 1101 2753 junge,
1116 2687 1201 2748 Tur-pis
1210 2690 1308 2750 conjuge
1318 2688 1429 2746 barbara,

267 2749 365 2815 adjecit,
387 2762 502 2815 tanquam
523 2765 627 2815 praesens
647 2749 707 2798 dens
729 2766 828 2814 regnum
861 2751 886 2799 b.
898 2768 919 2800 e.
931 2752 1026 2801 infamis
1037 2762 1062 2801 et
1071 2750 1201 2816 ignominia
1213 2751 1315 2800 allectus
1327 2752 1430 2803 barbare

266 2815 381 2863 suumin
398 2816 465 2863 terris
483 2814 570 2863 habere
584 2813 702 2864 credetur.
735 2816 775 2864 De
789 2831 827 2871 eo,
861 2816 982 2882 conjuge,
1007 2816 1052 2866 sic.
1070 2831 1125 2881 sup.
1142 2815 1160 2873 i,
1179 2816 1220 2871 37,
1241 2818 1280 2871 10,
1299 2815 1345 2863 viri
1360 2816 1427 2867 ioedo

266 2880 331 2944 quod
349 2878 465 2929 Horatius
478 2879 509 2928 ad
522 2879 626 2944 Augusti
639 2879 788 2943 majestatem
805 2888 829 2929 et
862 2884 943 2930 morbo
960 2881 1061 2931 infames
1072 2880 1184 2929 dicuntur
1193 2884 1240 2928 oiri
1251 2883 1326 2928 morbo
1337 2891 1428 2943 turpes.

265 2944 397 3019 potentiam
413 2944 539 3018 magnifice
554 2944 715 2993 extollendam
729 2944 829 3009 biparti-
865 2946 936 2998 l'irr't,
948 2947 1047 2995 observa
1058 2945 1132 3009 lrujus
1143 2946 1208 2993 verbi
1219 2944 1267 2991 virn
1283 2957 1334 3006 pro,
1346 2945 1429 2997 vivere

267 3019 318 3058 tum
330 3025 399 3074 quasr
407 3025 431 3058 er
440 3025 496 3057 cum
508 3010 569 3058 Jove
586 3024 696 3072 regnum,
708 3008 765 3056 huie
775 3010 829 3073 qui·
862 3010 949 3084 potuit,
967 3026 1011 3059 nec
1028 3018 1127 3058 mortem
1144 3008 1223 3074 potius
1237 3009 1355 3073 ejusmodi
1372 3010 1429 3061 vitre

180 3096 189 3107 ·
266 3074 321 3125 dem
343 3076 368 3124 in
388 3073 461 3131 coelo,
480 3073 517 3121 illi
536 3073 561 3121 in
579 3072 646 3121 terris
663 3073 778 3136 assignat,
797 3074 830 3122 cs.
861 3075 1025 3137 rgnomrniose
1040 3074 1161 3139 pretulit?
1195 3074 1241 3121 Pro
1254 3074 1428 3131 Curin,inner·

265 3156 318 3206 sup.
331 3139 348 3196 i,
363 3140 402 3195 12,
413 3139 444 3187 57
457 3147 482 3186 et
493 3140 535 3194 58,
546 3147 571 3187 et
588 3137 621 3186 ibi
637 3146 687 3187 not.
722 3140 829 3185 Credidi·
862 3141 925 3200 sique
943 3140 1028 3187 mores!
1062 3139 1103 3186 Ab
1122 3154 1195 3203 quam
1213 3138 1311 3203 turpiter
1328 3138 1429 3203 antiqua

265 3204 527 3268 nius,ciopinroc‚pro,
540 3203 635 3251 credere
645 3203 758 3252 solemus.
786 3202 829 3249 To·
863 3204 967 3251 Senatus
988 3203 1094 3251 Romani
1117 3202 1246 3252 auctoritas
1266 3213 1291 3252 et
1313 3203 1429 3267 antiquus

264 3278 366 3323 nantes,
383 3284 424 3333 par
439 3267 542 3316 tonitrua
559 3266 623 3315 enim
640 3282 739 3331 regnum
756 3282 828 3315 snum
862 3267 980 3315 Romanis
993 3266 1171 3317 virtutislronor
1213 3266 1288 3316 llutus
1298 3268 1349 3317 est!
1379 3270 1428 3318 Cui

264 3332 385 3381 declarare
406 3332 534 3397 putabatur
556 3330 652 3395 Jupiter
659 3348 667 3390 3
695 3330 752 3379 hinc
773 3346 829 3396 sup.
862 3332 956 3379 nonin
976 3340 1078 3381 mentem
1094 3331 1428 3382 venitiludCiceroniszo

265 3398 327 3445 Hor.
338 3397 355 3445 l.
367 3397 385 3444 l.
420 3397 457 3446 Tu
469 3397 539 3459 gravi
554 3412 627 3443 curru
643 3397 731 3458 quaties
749 3396 829 3458 Olym·
862 3407 973 3459 tempora,
986 3398 1094 3444 amores!

262 3478 328 3523 piam,
349 3461 512 3527 provulgari,
532 3467 557 3506 tu
579 3460 689 3523 regnabis
707 3459 732 3507 in
756 3461 828 3509 coelo.
895 3462 985 3509 8-12.
1003 3462 1380 3510 Cnnsmnitsocerornminnrois:
1397 3478 1427 3511 en

266 3526 368 3575 Pressas
379 3526 464 3581 Divus,
474 3524 758 3599 quiseconspiciendum
768 3541 828 3589 pne·
862 3524 967 3574 dedecus
993 3524 1076 3574 militis
1101 3525 1216 3582 llornani,
1240 3524 1305 3591 apud
1331 3533 1428 3588 gentem

264 3590 305 3639 bet
323 3591 349 3639 in
368 3590 443 3647 terris,
460 3590 503 3653 qni
535 3599 643 3637 rasentra
658 3604 702 3637 sua
719 3587 745 3637 in
762 3589 830 3637 terris
861 3590 985 3637 barbaram
1001 3588 1027 3637 in
1044 3590 1107 3637 bono
1122 3588 1170 3638 otio
1186 3606 1295 3655 agrorum
1309 3588 1428 3639 doteliurn

265 3668 354 3704 numen
376 3670 447 3703 suurn
469 3606 590 3711 deciirrat3
615 3652 743 3718 opponitur
765 3654 829 3703 enim
862 3654 947 3713 cultui,
961 3662 987 3703 ut
997 3670 1091 3703 omnem
1103 3654 1178 3702 vitam
1192 3654 1225 3701 ibi
1241 3665 1377 3711 consumat,
1389 3656 1427 3704 in·

263 3718 317 3766 Jooi
327 3722 353 3766 in
367 3722 422 3768 coeln
435 3720 554 3782 regiranti.
588 3720 689 3780 Adjectis
704 3717 829 3766 Britannis
860 3718 933 3767 tenti!
969 3718 1045 3775 Medo,
1057 3718 1178 3767 Parthico.
1207 3719 1426 3781 MarsusetAppn·

265 3782 372 3845 Imperio,
381 3786 535 3847 gravibusque
547 3783 637 3831 Persis:
654 3798 703 3831 rem
712 3792 793 3845 auget,
802 3792 829 3831 ut
860 3784 905 3839 lus,
924 3798 980 3848 ergo
996 3782 1013 3830 ii
1031 3784 1090 3832 adeo
1108 3784 1196 3831 milites
1233 3798 1318 3831 uonrrn
1334 3784 1427 3833 lortius·

264 3857 349 3912 poeta,
364 3848 412 3896 vid.
430 3864 522 3909 argum.
540 3862 595 3895 narn
612 3863 689 3911 neque
707 3846 827 3903 Britanni,
860 3846 923 3895 dinis
934 3848 988 3896 laus
996 3846 1061 3912 apud
1073 3848 1201 3897 exercitum
1240 3864 1356 3897 omasum
1367 3848 1429 3897 alias

264 3928 342 3978 neque
353 3928 437 3977 graves
452 3913 533 3961 Persae
546 3912 584 3976 (h.
596 3927 618 3960 e.
630 3912 722 3968 Parthi,
735 3912 828 3960 Roma·
862 3910 907 3959 luit
918 3911 1036 3960 maxims:
1056 3912 1100 3959 hoc
1117 3912 1211 3961 nomine
1227 3928 1281 3977 sup.
1292 3912 1319 3969 ii,
1330 3914 1373 3969 20,
1387 3914 1427 3970 18,

265 3994 296 4026 no
315 3977 405 4026 nomini
426 3976 581 4032 infestissimi,
598 3977 631 4025 cl.
648 3992 702 4042 sup.
715 3976 731 4031 i,
743 3978 768 4032 2,
781 3978 828 4039 Ἡ)
862 3976 971 4025 laudatur
989 3977 1069 4025 Marsa
1088 3979 1180 4035 cohors,
1198 3985 1222 4026 et
1238 3976 1307 4041 Virg.
1325 3978 1389 4026 Gen.
1401 3978 1427 4033 ii,

264 4041 534 4107 tumvereetplenein
547 4042 711 4090 Romanorum
726 4050 828 4106 potesta-
865 4042 909 4089 167
943 4043 1038 4090 Marsos
1062 4057 1137 4104 genus
1164 4058 1218 4091 nore
1246 4043 1323 4089 sirim
1346 4051 1427 4090 vocat.

265 4115 312 4155 tem
324 4107 413 4157 redacti
425 4108 527 4154 fuerant.
861 4107 1016 4160 Amitinum,
1039 4105 1064 4153 lr.
1084 4121 1107 4153 e.
1128 4106 1230 4171 imperii,
1254 4105 1319 4169 quod
1338 4108 1427 4154 ancilia

295 4174 370 4221 5-7.
400 4170 449 4219 Vir
469 4186 518 4219 reru
541 4170 572 4219 de
594 4170 698 4219 remissis
723 4185 787 4218 nunc
814 4186 828 4219 a
862 4169 1000 4219 eternitatis
1011 4184 1062 4218 suae
1072 4170 1173 4235 pignora
1183 4171 1295 4229 haberer,
1312 4169 1428 4220 eduode·

264 4236 368 4286 Phraate
382 4236 456 4300 signis
467 4236 631 4283 Romanorum
648 4234 791 4283 militaribus
805 4243 829 4284 et
861 4234 910 4283 cim
927 4234 1066 4285 autemillis
1080 4235 1164 4292 scutis,
1176 4252 1230 4299 quae
1243 4236 1358 4284 aGraeca
1368 4251 1428 4285 vocs

263 4301 365 4375 captivis
383 4310 479 4365 tangere
497 4308 589 4364 poterat
604 4308 682 4363 poeta,
699 4298 759 4363 quin
775 4300 828 4364 ejus
861 4298 979 4364 ἀγκύλας,
987 4301 1018 4348 ob
1028 4299 1176 4347 incurvatam
1185 4308 1210 4349 et
1216 4300 1335 4348 sinuatam
1344 4315 1428 4349 eorum

263 4378 371 4419 animum
382 4365 454 4413 simul
464 4364 495 4413 de
506 4362 639 4427 ignominia
649 4362 695 4411 ista
708 4364 826 4413 Romanas
860 4366 957 4413 lormnrn
969 4363 1099 4412 dictasunt
1109 4366 1212 4427 nncplr'n,
1223 4380 1300 4412 unum
1309 4364 1428 4429 inprimis,

263 4429 345 4491 glorie
362 4429 444 4479 inusta
462 4428 552 4478 subiret
573 4427 715 4493 indignatio.
761 4429 826 4476 Huic
860 4428 925 4493 quod
945 4430 1026 4478 Numa
1044 4429 1075 4479 ab
1092 4428 1179 4492 Egeria
1194 4428 1240 4477 sibi
1260 4429 1360 4477 missum
1375 4444 1430 4479 esse
