3150 5200
280 319 344 382 sot
684 318 1006 385 SATIRARUM

365 472 577 537 Testamenta
590 494 719 536 senum:
744 496 819 550 neu,
832 474 860 536 si
874 472 1063 536 valeranus
1078 483 1112 536 et
1126 473 1208 537 alter

301 578 343 637 25
366 574 592 638 Insidiatorem
605 596 750 658 praeroso
765 575 886 659 fugerit
900 573 1008 651 hamo,

365 676 435 739 Aut
452 698 541 760 spem
557 676 714 761 deponas,
730 686 786 739 aut
800 687 903 741 artem
918 675 1032 739 illusus
1047 677 1187 741 omittes.

365 778 489 863 Magna
503 780 645 843 minorve
660 779 731 842 loro
747 780 774 841 si
789 800 841 842 res
856 778 1035 841 certabitur
1050 776 1135 853 olim,

364 880 462 943 Vivet
478 892 550 944 uter
564 880 710 963 locuples
726 882 796 943 sine
810 880 929 962 gnatis,
945 880 1124 963 improbus,
1139 877 1225 942 ultro

365 982 432 1055 Qui
447 982 611 1046 meliorem
626 982 735 1044 audax
750 990 844 1044 vocet
858 980 970 1064 injus,
986 980 1072 1044 illius
1086 991 1158 1045 esto

302 1085 344 1147 30
366 1081 548 1147 Defensor:
572 1082 657 1145 fama
671 1082 772 1146 civem
788 1103 951 1166 causaque
966 1083 1108 1165 priorem

367 1185 504 1269 Sperne,
520 1184 607 1248 domi
624 1184 651 1246 si
666 1194 784 1266 gnatus
799 1183 862 1246 erit
876 1183 1055 1247 fecundave
1070 1184 1201 1267 conjux.

365 1288 500 1362 Quinte,
516 1296 606 1370 puts,
624 1294 680 1347 aut
696 1284 794 1347 Publi
809 1284 967 1369 (gaudent
980 1288 1178 1368 praenomine
1192 1285 1303 1350 molles

364 1387 554 1470 Auriculae),
570 1388 629 1450 tibi
645 1408 695 1450 me
711 1388 814 1449 virtus
829 1395 886 1448 tua
901 1384 979 1449 fecit
993 1386 1147 1450 amicum:

363 1488 425 1552 Jus
441 1512 560 1573 anceps
575 1490 661 1564 novi,
678 1510 793 1552 causas
808 1487 986 1552 defendere
1000 1510 1151 1571 possum:

298 1593 341 1656 35
364 1590 493 1675 Eripiet
508 1592 613 1675 quivis
628 1589 740 1654 oculos
756 1590 852 1653 citius
865 1588 955 1665 mihi,
971 1610 1068 1672 quarn
1083 1599 1115 1652 te

363 1693 569 1757 Contemtum
584 1713 677 1755 cessa
692 1712 774 1753 nuce
790 1702 966 1773 pauperet:
990 1690 1061 1753 haec
1075 1712 1147 1754 mea
1161 1712 1240 1755 cura
1253 1702 1314 1768 est,

361 1793 416 1858 Ne
432 1794 511 1879 quid
526 1804 563 1857 tu
578 1792 708 1877 perdas,
724 1812 789 1855 neu
805 1792 849 1853 sis
860 1790 966 1874 jocus.
1011 1790 1064 1855 lre
1079 1791 1210 1855 domum
1225 1802 1323 1875 stque

361 1895 549 1961 Pelliculam
564 1914 677 1959 curare
688 1892 788 1976 jube:
812 1890 835 1953 fi
851 1893 1000 1975 cognitor
1014 1894 1095 1977 ipse.

361 1997 489 2074 Persts,
505 2007 603 2081 etque
619 1994 756 2071 obdura,
773 2015 831 2058 seu
846 1994 946 2057 rubra
961 1993 1117 2059 Canicula
1130 1994 1235 2059 findet

274 2186 331 2242 389,
348 2188 399 2233 ruis
422 2187 467 2233 lec
489 2193 510 2231 rt
530 2184 583 2232 colii
600 2184 619 2231 is
636 2184 712 2229 muts
724 2181 834 2247 fortius,¹
867 2180 977 2229 Gaudent
985 2184 1121 2242 prenomine
1131 2182 1348 2230 moliadurieulae:
1363 2184 1427 2231 mol-

275 2251 371 2298 Lucret.
388 2248 406 2305 i,
422 2250 480 2304 29³,
495 2256 520 2297 et
537 2248 570 2303 vi,
582 2199 646 2302 q126,
664 2244 705 2293 ubi
721 2252 766 2299 est,
781 2260 833 2292 are·
866 2242 913 2291 lius
929 2253 953 2293 et
968 2244 1066 2293 suavius
1082 2246 1112 2294 ed
1129 2260 1196 2294 sures
1212 2244 1319 2295 accidere
1331 2246 1429 2295 ridebis

274 2332 326 2361 nom
344 2330 412 2361 ruere
422 2331 429 2371 ,·
448 2312 518 2375 Virg.
532 2312 591 2360 AEn.
604 2310 621 2365 i,
632 2312 673 2367 35,
684 2319 709 2359 et
724 2308 757 2365 xi,
770 2309 834 2367 211;
865 2324 1001 2369 posonen,
1013 2308 1254 2373 quofssnilisriterse
1267 2308 1370 2359 invisens
1382 2326 1427 2376 ap-

274 2376 315 2425 ubi
330 2386 457 2425 moerentes
471 2380 657 2425 dwemetossa
674 2372 835 2437 ramponi-
897 2371 956 2421 llsre
982 2374 1060 2422 solent
1085 2373 1157 2422 amici
1187 2384 1260 2439 etque
1286 2374 1428 2440 propinqui.

273 2439 340 2503 gers)
352 2440 473 2488 dicuntur.
888 2436 998 2485 ommode
1015 2437 1041 2485 in
1058 2437 1121 2487 hsnc
1137 2453 1186 2486 rem
1203 2439 1327 2489 Gesnems
1344 2438 1429 2487 sttuiit

307 2506 346 2551 24.
366 2503 432 2551 Unus
443 2512 463 2551 et
474 2504 543 2552 aiter.
556 2518 590 2550 sc.
602 2517 684 2551 senum
696 2500 817 2550 ditiorum.
865 2500 944 2549 locum
957 2502 1080 2551 Ciceronis
1091 2502 1169 2567 Epist.
1178 2502 1208 2551 ad
1220 2504 1289 2551 Fam.
1297 2502 1315 2557 i,
1323 2504 1350 2557 9,
1361 2502 1425 2557 Quo·

305 2569 346 2617 25.
365 2566 524 2616 insidiatorem
540 2582 638 2629 proeroso
645 2566 744 2641 firgo-it
758 2568 831 2623 homo,
865 2566 971 2630 ninrnqne
980 2567 1019 2613 ilii
1029 2568 1136 2617 bobennt
1146 2582 1214 2616 mum
1226 2567 1337 2615 Publium
1349 2567 1425 2630 (Clo-

272 2639 354 2688 anem,
377 2647 426 2695 qua
443 2629 583 2678 insidiantes
602 2629 692 2678 divitiis
711 2630 760 2678 suis
780 2631 831 2678 elu-
864 2628 954 2691 diurn),
976 2633 1133 2679 deminuti
1152 2635 1197 2695 ipsi
1216 2634 1290 2680 olion
1310 2633 1425 2680 Publius·

273 2695 347 2755 serit;
364 2704 421 2743 nota
435 2695 522 2756 imago,
539 2693 612 2742 ducta
629 2709 644 2740 a
660 2693 774 2756 piscibus,
790 2694 833 2757 qui
866 2694 1031 2758 (Vatinium),
1046 2697 1072 2742 in
1083 2713 1127 2759 qno
1137 2713 1220 2758 possen
1230 2698 1326 2744 iiiornss
1336 2700 1425 2746 asinos

272 2775 351 2810 swam
369 2759 440 2807 hamo
456 2759 551 2806 allisam
568 2756 703 2822 praerodunt
724 2757 831 2822 quidem,
864 2758 1146 2824 -rspnngermicissim
1157 2775 1271 2824 pungere.

272 2823 314 2872 sed
336 2823 380 2872 ills
398 2837 498 2890 prerosa
518 2820 653 2885 aufugiunt,
671 2835 714 2869 nec
733 2835 759 2870 se
777 2821 832 2886 capi
896 2824 937 2871 34.
955 2823 999 2871 Jns
1006 2839 1096 2886 anceps,
1107 2839 1121 2873 e
1133 2840 1182 2889 qno
1192 2823 1312 2889 duplicem
1323 2839 1423 2874 semin

272 2887 405 2954 patiuntur.
430 2888 543 2941 Munera,
556 2887 587 2934 sb
597 2883 761 2934 hereditatum
773 2901 830 2951 cap·
863 2885 930 2935 elicit
943 2886 1033 2935 callida
1046 2887 1214 2962 interpretatio,
1226 2889 1277 2936 sive
1290 2888 1381 2954 dequo
1395 2889 1423 2938 in

272 2952 388 3002 utoribus
406 2951 487 3006 missa,
507 2958 673 3016 comparantur
692 2965 746 2997 curn
764 2964 828 3005 esca,
862 2951 1239 3019 utromquepartemdrsputstur;
1250 2952 1422 3020 hinejns,snp.

271 3032 320 3130 &a
335 3016 462 3128 qnpippntur
478 3015 564 3082 pisces.
598 3013 663 3125 Hiqc
678 3011 829 3126 Mertiflqquq
862 3014 1054 3128 Seppighlssp,
1067 3015 1272 3129 didimmfmmu
1319 3082 1345 3129 N

306 3118 312 3138 ,
352 3116 359 3136 ‚
410 3097 480 3129 unm
498 3095 582 3143 inagna
599 3095 637 3142 qni
654 3093 688 3125 em
705 3093 775 3134 miss,
928 3115 934 3135 ,
997 3115 1003 3127 .
1045 3097 1070 3128 rs
1111 3099 1194 3138 omnm,
1223 3096 1251 3130 ce
1274 3117 1280 3129 .
1345 3097 1420 3135 sm:

271 3147 374 3194 miritis
391 3147 463 3202 lanu,
481 3143 523 3192 sed
539 3142 603 3190 misit
619 3149 734 3205 tanquam
749 3156 828 3190 escam
862 3143 991 3207 Postquam
1015 3144 1132 3207 ejusmodi
1151 3146 1257 3194 orstione
1275 3160 1421 3210 propensam

271 3209 302 3258 sd
319 3217 351 3267 te,
371 3218 486 3274 tanquam
507 3208 596 3272 piscem
615 3204 642 3254 in
664 3205 743 3262 hsnso,
761 3206 827 3271 capi·
861 3206 903 3254 tibi
920 3207 1042 3255 reddidisti
1058 3207 1139 3257 divitis
1154 3209 1219 3258 senis
1235 3208 1422 3321 animum,p‘ube

270 3273 368 3322 endum.
860 3286 915 3320 eum
934 3271 1032 3320 domurn
1048 3273 1090 3330 ire,
1107 3282 1131 3322 et
1152 3274 1185 3322 ibi
1207 3273 1297 3338 corpori
1315 3288 1356 3321 mo
1367 3275 1422 3326 liter

302 3338 343 3385 27.
371 3337 476 3392 Statim,
503 3333 645 3398 siquando,
664 3333 685 3412 si
704 3348 751 3396 quo
770 3333 830 3408 lons
861 3334 986 3384 tractando
1006 3344 1077 3400 atque
1093 3336 1219 3387 recreando
1234 3351 1320 3411 securo
1339 3339 1422 3388 animo

270 3412 463 3529 tenues
478 3416 542 3512 'its'
555 3400 829 3526 restitutit
858 3399 1422 3530 tenimentum

267 3532 384 3589 scripseris
394 3530 456 3576 oiim.
858 3543 928 3576 suern
950 3543 1055 3592 perorare
1080 3529 1158 3587 debet,
1180 3529 1285 3594 suscipe.
1323 3530 1419 3580 Areon.

301 3593 341 3649 28,
362 3593 405 3641 29.
433 3592 496 3640 Vivet
517 3603 585 3641 ister:
610 3601 663 3639 uter
685 3591 826 3639 cenantium
859 3592 971 3646 Pedias„
984 3593 1420 3658 Quidqfenditaitemminjudirio-

268 3657 366 3718 locuples
387 3659 446 3704 oinct
467 3659 515 3704 sine
536 3659 606 3711 notis,
629 3655 699 3703 bomo
720 3662 825 3703 ceterum
856 3659 1163 3718 cognitorest,ripraesentis
1172 3660 1421 3708 musnmssoitscsie

267 3723 390 3782 improbis,
402 3719 443 3784 qui
454 3723 531 3768 nudas
541 3722 653 3768 meliorem
664 3718 825 3783 (probiorem)
858 3730 937 3768 tuetur
948 3732 975 3768 ut
985 3737 1064 3768 suam:
1081 3721 1130 3770 sid.
1140 3723 1234 3771 Ernest.
1245 3721 1271 3769 in
1283 3721 1352 3772 Clas.
1361 3724 1418 3773 Cic.

267 3788 294 3834 in
301 3787 345 3847 jus
356 3794 416 3833 voest
427 3785 498 3840 nitro,
511 3799 558 3832 non
575 3782 663 3849 injuria
679 3781 760 3846 eliqua
771 3799 824 3848 pro·
857 3797 877 3832 s.
885 3801 910 3833 v.
923 3785 1041 3848 cognitor,
1050 3795 1074 3834 ct
1085 3785 1174 3834 Heind.
1186 3786 1217 3834 sd
1229 3786 1255 3834 lr.
1267 3786 1284 3835 l.

268 3857 375 3902 vocatus.
386 3849 438 3896 sine
449 3848 501 3895 ullu
511 3863 592 3896 causa.
889 3850 995 3897 oti-41.
1021 3849 1112 3905 Persio,
1131 3862 1199 3914 arque
1216 3853 1319 3899 obdura.-
1341 3851 1416 3902 Ovid-

300 3914 341 3968 ³0,
354 3915 395 3961 31.
413 3913 484 3960 Fons
502 3915 581 3968 civem,
596 3918 653 3960 cett.
687 3911 722 3958 At
738 3911 823 3969 civem,
858 3912 915 3960 Am.
926 3911 1048 3970 iii,ll,'i,
1060 3913 1167 3963 molliore
1178 3930 1285 3970 numero,
1299 3915 1419 3980 Perfsret

267 3978 288 4025 si
304 3978 327 4026 ei
344 3976 406 4025 lilius
422 3984 466 4024 snt
479 3975 584 4024 secunda
599 3975 688 4040 conjux
704 3975 756 4031 erit,
768 3976 825 4025 licet
856 3978 952 4024 obdura.
986 3978 1320 4034 Smrntrocsniraimett.
1353 3981 1415 4028 Sen-

267 4043 288 4091 is
306 4050 355 4089 tam
376 4041 438 4090 bons
457 4040 609 4104 famaquam
629 4054 710 4094 causa,
729 4054 757 4087 ex
776 4057 825 4104 qus
856 4055 911 4088 sus:
930 4040 985 4089 Sive
1001 4041 1059 4089 solis
1076 4043 1153 4098 ardor,
1172 4043 1222 4091 sive
1239 4042 1323 4091 hiernis
1339 4044 1417 4108 frigus

267 4107 332 4154 litem
345 4106 417 4154 alicui
428 4103 538 4160 intendit,
546 4105 577 4152 sit
586 4104 670 4169 potior,
678 4105 824 4165 speronhe.
857 4104 900 4152 tibi
910 4105 1074 4180 perferendum
1085 4115 1129 4156 est.
1147 4106 1188 4156 Ad
1198 4108 1260 4156 hanc
1272 4109 1415 4157 sententiam

266 4169 375 4220 defensor
386 4170 408 4219 ei
420 4168 502 4218 adesse
511 4167 568 4217 noli.
855 4169 1042 4234 espnmendarn.
1059 4179 1086 4219 ut
1103 4172 1178 4220 obiter
1193 4171 1280 4221 rideret
1296 4171 1415 4221 tumidum

299 4236 404 4283 32-38.
423 4233 519 4288 Quinte,
534 4243 600 4294 puto,
616 4241 658 4279 ortt
674 4231 753 4287 Publi,
767 4241 824 4281 cett.
903 4241 960 4290 tam,
973 4235 1073 4282 Furium
1085 4235 1232 4293 uenantum,
1244 4236 1305 4284 duas
1321 4236 1416 4302 ineptos

267 4301 374 4348 Nexus:
403 4297 509 4346 Divitem
533 4312 613 4344 senem
640 4303 729 4352 autern,
753 4313 824 4361 quem
866 4298 988 4346 ocutiones
1002 4314 1033 4347 ex
1046 4299 1111 4346 Furii
1124 4300 1269 4349 carminibus
1279 4301 1415 4366 depromtss

265 4363 348 4412 officiis
362 4363 408 4411 tuis
423 4377 507 4427 capere
522 4369 546 4409 et
563 4359 605 4408 tibi
616 4359 734 4409 devincire
748 4360 824 4426 cupis,
858 4361 915 4410 risui
937 4363 1066 4427 exposuit;
1090 4373 1172 4413 statua
1192 4365 1256 4413 enirn
1273 4381 1365 4423 recens,
1382 4381 1414 4414 ex

264 4427 383 4491 ejusmodi
404 4425 481 4475 verbis
499 4424 664 4473 blandioribus
686 4423 822 4489 alloquere:
857 4425 922 4488 ligno
939 4427 1004 4490 quod
1025 4428 1083 4475 solis
1105 4438 1163 4478 estu
1181 4429 1239 4477 lindi
1257 4429 1326 4484 solet,
1343 4429 1414 4478 hetae

267 4493 392 4549 Existimo,
404 4491 436 4538 mi
455 4490 555 4549 Quinte,
565 4498 607 4537 out
623 4489 655 4535 mi
671 4487 754 4543 Publi,
767 4498 823 4539 cett.
857 4490 956 4540 ridicule
977 4491 1096 4548 dicuntur,
1116 4493 1231 4556 isrjirntes:
1258 4503 1283 4541 et
1300 4493 1325 4541 in
1343 4509 1413 4542 versu
