3150 5200
274 337 342 404 att
717 331 944 400 EPODON

312 487 333 550 5
366 487 413 552 Et
428 489 534 566 decet,
551 487 695 554 obducta
710 485 853 550 solvatur
868 483 975 549 fronte
992 490 1154 547 senectus.

453 589 509 652 Tu
524 590 598 653 vina
612 588 782 670 Torquato
797 608 889 650 move
905 582 1048 649 Consule
1062 603 1177 666 pressa
1190 601 1273 644 meo.

371 690 490 754 Cetera
504 691 596 752 mitte
610 687 718 771 loqui:
743 688 838 751 Deus
853 687 924 750 haec
939 684 1078 748 fortasse
1092 683 1235 766 benigna

455 791 609 855 Reducet
623 792 656 853 in
672 789 781 853 sedem
797 789 877 851 vice.
923 785 1023 848 Nunc
1038 794 1072 848 et
1086 781 1297 847 Achaemenis

371 892 529 956 Per-fundi
545 892 648 956 nardo
658 892 763 975 juvat,
779 899 814 953 et
827 888 894 951 fide
910 884 1065 969 Cyllenea

311 992 350 1056 10
458 993 584 1056 Levare
599 992 678 1055 diris
693 1002 828 1075 pectora
843 987 1126 1052 sollicitudinibus.

370 1093 502 1158 Nobilis
518 1103 555 1156 ut
570 1093 687 1176 grandi
701 1093 818 1156 cecinit
833 1090 1017 1153 Centaurus
1032 1088 1181 1151 alumno:

457 1194 593 1272 Invicto,
607 1193 752 1257 mortalis
768 1193 844 1255 Dea
858 1201 945 1267 nate,
960 1211 1054 1273 puer,
1070 1187 1226 1262 Thetide,

370 1293 422 1359 Te
437 1305 545 1359 manet
560 1293 717 1359 Assaraci
731 1292 840 1370 tellus,
856 1313 954 1374 quarn
968 1290 1088 1374 frigida
1101 1290 1194 1373 parvi

455 1395 601 1459 Findunt
617 1395 808 1460 Scamandri
822 1393 966 1469 flumina,
981 1390 1126 1455 lubricus
1141 1401 1176 1455 et
1191 1389 1326 1466 Simois3

309 1497 350 1560 15
372 1495 470 1561 Unde
485 1498 546 1561 tibi
561 1499 701 1561 reditum
716 1507 806 1562 certo
820 1494 1001 1559 subtemine
1017 1492 1131 1556 Parcae

457 1597 611 1681 Rupere;
634 1619 695 1662 nec
709 1607 812 1660 mater
827 1596 958 1659 domum
972 1594 1092 1658 caerula
1105 1604 1138 1657 te
1153 1591 1295 1656 revehet.

370 1697 442 1764 Illic
456 1720 549 1762 omne
564 1697 682 1762 malum
697 1699 771 1761 vino
786 1706 950 1778 cantuque
964 1695 1082 1771 levato,

458 1799 624 1864 Deformis
640 1798 835 1884 aegrimoniae
850 1795 1000 1860 dulcibus
1015 1795 1174 1879 alloquiis.

282 1956 321 1998 tnr
337 1947 420 1998 senilis
436 1949 579 2009 austeritas;
600 1949 664 1997 irone
681 1955 804 1997 contracta
819 1954 844 1996 et
874 1951 1065 2010 representatur,
1077 1942 1156 2008 qualis
1165 1942 1252 1990 virtute
1264 1956 1309 1989 sua
1318 1956 1434 1992 evasuras

283 2012 315 2060 ad
340 2013 489 2062 severitatem
515 2013 645 2078 composita
670 2029 700 2060 ex
733 2012 842 2075 trigami,
874 2016 934 2058 erat.
952 2011 1061 2056 Assaraci
1071 2009 1149 2064 tellus,
1157 2006 1240 2070 Troja,
1250 2006 1363 2054 Assaraci
1373 2007 1432 2055 oiim

283 2075 309 2124 h.
321 2091 343 2126 e.
354 2076 433 2126 missis
443 2078 508 2126 curis
518 2077 632 2124 hilaritati
642 2027 804 2139 indulgeatur.
875 2071 974 2183 imperio
990 2072 1115 2136 subjecta3
1132 2070 1166 2119 sic
1183 2069 1248 2134 apud
1260 2069 1330 2133 Virg.
1341 2073 1401 2120 AEn.
1412 2071 1431 2128 i,

317 2142 407 2188 6-10.
424 2141 460 2189 Tu
476 2144 530 2190 nino
542 2140 656 2204 Torquato
671 2156 731 2187 move
746 2139 844 2185 Consule
874 2136 907 2183 28
955 2137 1034 2183 ἆοηιιιε
1055 2137 1172 2183 Ascraei.
1205 2133 1279 2181 Porci
1299 2135 1434 2182 &madri

280 2219 360 2265 messa
367 2221 428 2252 meo:
434 2204 484 2268 jam
493 2203 627 2252 convivium
637 2202 763 2253 accelerari
770 2201 841 2265 jubet
864 2200 986 2263 flamm,-
1003 2198 1150 2248 Scamander
1164 2197 1238 2254 enim,
1257 2196 1329 2270 cujus
1345 2198 1397 2245 lons
1407 2199 1433 2247 in

282 2276 360 2331 poeta,
378 2276 403 2316 et
418 2268 487 2331 quasi
500 2268 553 2332 jam
568 2267 648 2316 adsint
663 2267 743 2322 amici,
760 2281 840 2314 eorum
872 2271 953 2312 monte
961 2262 1008 2311 Ida
1018 2271 1062 2320 est,
1073 2262 1136 2310 intra
1147 2277 1247 2326 parvum
1259 2278 1361 2325 primum
1372 2263 1435 2311 labi·

283 2329 388 2394 nliquem
404 2332 487 2378 vinum
505 2331 612 2380 Consule
628 2332 658 2379 L.
672 2330 766 2378 Manlio
780 2330 841 2377 Tor·
872 2333 912 2374 tur
925 2326 1030 2375 alveum.
1063 2327 1186 2383 haimone
1200 2325 1324 2391 epitheton
1337 2341 1433 2383 ornans,

283 2404 356 2454 quaro
373 2410 447 2441 recum
462 2405 544 2442 notum
559 2393 622 2458 (vid.
639 2411 694 2458 sup.
709 2393 743 2451 iii,
758 2395 800 2447 21,
813 2392 841 2456 l)
874 2391 963 2455 cuique
978 2390 1052 2439 fluvio
1068 2390 1228 2449 conveniens3
1245 2389 1288 2437 alii
1303 2389 1433 2455 explicant,

299 2469 388 2503 romare
401 2456 484 2519 jubet;
502 2455 594 2504 videtur
605 2473 689 2521 nempe
702 2471 779 2506 senno
790 2471 842 2504 esse
874 2461 1003 2510 tortuosus,
1014 2452 1134 2511 sinuosus,
1146 2454 1232 2516 anguis
1246 2453 1322 2502 instar
1338 2469 1364 2502 se
1379 2471 1434 2520 pro·

282 2471 510 2629 {prcorppotationa
522 2520 564 2594 ubi
580 2519 610 2631 {lq
623 2521 738 2632 sgmbolis
748 2520 842 2631 ρἱρω-
874 2517 982 2630 volvelnp'.
1004 2519 1071 2566 Certo
1081 2521 1214 2630 ”liiimle’
1224 2515 1365 2629 ξογὶᾳδίἰέ,
1387 2519 1435 2567 uod

322 2613 329 2628 .
391 2598 442 2629 ove:
461 2598 490 2630 eu
510 2600 565 2640 .nr,
615 2618 621 2639 ,
653 2602 758 2640 ,omum
874 2596 939 2631 seme
981 2598 1089 2630 arcarum
1134 2595 1227 2631 svesa
1254 2595 1333 2630 emine
1390 2598 1434 2632 uc·

299 2644 425 2709 amphora)
448 2598 507 2693 toni
530 2650 576 2703 die,
599 2648 722 2696 Descende.
761 2601 843 2696 Cezdeid
874 2653 927 2694 tum
938 2655 963 2694 et
971 2646 1126 2695 constitutum
1140 2645 1255 2701 satiato.
1289 2646 1329 2693 De
1339 2646 1434 2703 Parcis,

283 2710 349 2755 mitte
366 2711 440 2771 loqui:
459 2724 514 2774 stip.
531 2711 548 2767 i,
566 2712 591 2765 9,
608 2712 633 2768 9,
650 2714 756 2773 permitte
774 2713 844 2759 Dicis
873 2709 924 2758 iata
935 2709 1041 2759 Achillis
1056 2709 1135 2759 nendo
1150 2708 1334 2765 deducentibus,
1345 2719 1382 2759 est
1397 2711 1435 2759 lo-

282 2780 366 2821 cetero.
395 2773 458 2821 Deus
470 2774 621 2839 bonfortasse
630 2777 728 2849 insigna
740 2776 843 2823 licduoet
873 2789 917 2822 cns
935 2774 1090 2823 suavissimus
1112 2773 1174 2839 apud
1194 2773 1288 2823 Catull.
1306 2772 1365 2830 lxiv,
1384 2776 1436 2824 839

281 2836 390 2885 inierim
400 2840 761 2913 vics‚ea,qusenuncanrmum
772 2846 841 2887 tunm
873 2851 927 2901 sqq.
961 2838 1078 2902 Deformis
1097 2840 1235 2901 agrimonia
1251 2838 1358 2885 dulcibus
1373 2840 1435 2886 olio·

281 2910 403 2949 macerant
417 2909 442 2950 et
458 2909 575 2959 cruciant,
585 2910 652 2965 grata
667 2903 766 2951 sonasse
781 2902 843 2953 deus
873 2904 943 2963 qniis,
952 2900 1093 2963 gratissimis
1103 2901 1152 2949 illis
1162 2901 1233 2966 (rino
1245 2916 1330 2964 nempe
1339 2911 1365 2949 et
1374 2918 1435 2951 can·

281 2959 445 3035 vicissitudine
458 2964 484 3013 in
501 2966 627 3031 pristinum
643 2974 730 3015 statum
746 2980 841 3017 revoce-
873 2964 915 3027 tu)
928 2965 1045 3014 maiarum
1061 2980 1173 3014 curarum
1189 2965 1318 3024 lomentis3
1334 2967 1434 3029 alioqui-

280 3024 325 3073 brt.
358 3030 514 3077 Achemenis:
536 3030 568 3077 cl'.
586 3046 640 3096 sup.
657 3030 689 3078 ad
706 3029 741 3087 iii,
763 3033 784 3087 l,
800 3032 841 3079 44.
871 3044 921 3084 um,
938 3036 967 3077 ut
981 3030 1091 3079 allocutio
1106 3029 1170 3094 apud
1187 3029 1280 3078 Catuli.
1297 3029 1433 3087 xxxviii,5,

283 3088 374 3147 Nnrdo,
385 3100 508 3155 unguento
518 3093 698 3159 pretiosissimos
717 3094 748 3143 ci.
760 3094 786 3151 ii,
800 3096 840 3152 ll,
872 3090 903 3139 de
930 3092 997 3140 novis
1007 3094 1086 3142 solatii
1096 3102 1120 3142 et
1131 3094 1256 3142 lenimenti
1265 3108 1365 3156 genere:
1383 3094 1436 3143 vid.

284 3153 323 3202 16.
357 3154 415 3204 Fide
426 3156 543 3219 Cyllenea,
555 3157 616 3222 lyra,
628 3174 683 3222 quae
696 3159 726 3207 ab
737 3158 790 3222 ejus
801 3156 839 3207 in·
941 3157 1038 3205 enbad
1055 3157 1110 3205 Lis.
1123 3156 1157 3213 ix,
1174 3158 1200 3213 6,
1211 3158 1242 3205 T.
1253 3156 1280 3213 ii,
1309 3160 1392 3216 .852,
1409 3168 1435 3208 et

281 3225 378 3291 ventare
395 3220 515 3269 Mercurio
527 3220 573 3284 (ci.
585 3221 603 3277 i,
618 3224 656 3278 10,
668 3224 707 3285 6),
720 3222 746 3269 ἱιι
764 3222 841 3270 Arca-
872 3234 927 3282 que
943 3221 1080 3269 notavimus
1096 3220 1128 3269 ad
1145 3220 1164 3269 l.
1181 3220 1199 3269 l.
1218 3174 1311 3269 Catuli.
1344 3222 1377 3269 Et
1397 3224 1435 3270 sic

281 3280 329 3330 dns
343 3292 423 3331 monte
436 3284 531 3346 Cyiime
540 3291 605 3341 nato,
619 3286 729 3349 Cyllenea
742 3285 840 3335 dicitur.
873 3284 1031 3349 παραμύθιον
1040 3294 1065 3333 et
1075 3286 1275 3350 παραμυθεῖσθαι
1285 3285 1350 3350 apud
1361 3286 1433 3335 Gre-

283 3344 359 3401 Diris,
371 3346 566 3396 exsecrabilibus.
870 3360 928 3395 cos:
946 3347 993 3396 vid.
1007 3350 1127 3399 Wetsten.
1144 3348 1175 3397 ad
1192 3350 1227 3399 N.
1241 3352 1272 3398 T.
1290 3357 1348 3398 tom.
1363 3350 1390 3407 ii,
1408 3368 1434 3417 p.

316 3410 421 3458 ll-lil.
438 3410 527 3458 Nobilis
541 3420 569 3457 ut
581 3411 670 3472 grandi
684 3413 766 3461 cocinit
779 3414 839 3460 Cen·
871 3412 999 3468 abisti.
1008 3412 1211 3462 Hemsterhus.ad
1222 3412 1333 3478 Xenoph.
1342 3414 1433 3478 Ephes.

282 3476 482 3521 renunciamus:
512 3473 560 3521 uod
568 3472 665 3536 quidem
677 3474 763 3524 nobilis
773 3477 839 3525 Cen·
871 3490 896 3540 p.
909 3476 964 3523 153.
989 3476 1183 3532 SedBentleius,
1196 3477 1433 3526 Latinitatihscex·

281 3540 363 3584 tauros
372 3538 505 3601 quoquae
525 3536 584 3593 iron,
594 3552 680 3599 magno
689 3554 732 3587 suo
741 3540 840 3588 alumno
871 3537 1002 3604 plicatione
1011 3541 1107 3598 timens,
1120 3541 1262 3606 perticulam
1276 3552 1298 3590 et
1308 3552 1365 3590 ente
1375 3545 1433 3590 dut·

281 3600 366 3657 suasit,
377 3614 434 3648 cum
452 3601 496 3649 hoc
515 3600 596 3649 ederet
605 3601 754 3651 vaticinium.
779 3603 838 3652 Chi·
872 3605 935 3650 citus
953 3602 1104 3651 inserendam
1121 3620 1174 3653 esse
1192 3615 1269 3671 putat,
1287 3606 1433 3670 suffragante

281 3676 372 3719 ronam,
388 3664 437 3721 cni,
452 3672 501 3712 tam
517 3664 638 3728 sapientia
656 3680 728 3729 quam
746 3666 840 3715 virtutis
874 3666 1040 3715 Wakefieldio.
1074 3669 1118 3725 At,
1130 3684 1187 3717 cnm
1203 3678 1268 3719 recte
1283 3682 1365 3718 motus
1382 3670 1434 3719 dici

281 3723 357 3800 gloria
383 3727 445 3776 inter
467 3729 599 3777 Centauros
625 3743 683 3776 cons
700 3730 754 3778 icoo
776 3730 839 3793 (vid.
871 3730 947 3794 possit
961 3732 1097 3793 alloquium,
1110 3747 1152 3809 per
1168 3748 1268 3797 zeugma
1284 3742 1366 3782 autem
1381 3748 1433 3783 non

281 3790 406 3853 March),
426 3790 502 3839 filium
525 3806 595 3840 suum
615 3744 737 3865 richillem
754 3794 840 3842 Thetis
870 3807 932 3841 ous
946 3793 978 3841 sit
994 3802 1021 3843 ut
1032 3796 1159 3857 alloquium
1173 3798 1220 3844 utri
1250 3813 1281 3845 ue
1294 3798 1432 3863 preceden-

280 3852 432 3927 educandum
449 3854 578 3929 tradiderat
591 3855 653 3931 (nd.
669 3857 730 3905 Stat.
746 3856 839 3907 Achill.
870 3810 935 3905 tibus
954 3858 1091 3906 nominihus
1110 3875 1217 3908 sccomm
1250 3870 1310 3918 etur,
1328 3862 1381 3926 jam
1401 3878 1432 3911 ex

280 3932 298 3991 .¹‘
312 3920 359 3967 100
373 3918 451 3983 sqq),
463 3917 493 3966 ad
507 3919 606 3968 Prndan
618 3919 754 3984 exemplum
765 3922 839 3985 Pyth.
871 3919 917 3969 hac
935 3936 1010 3969 causa
1022 3923 1142 3986 quomodo
1153 3924 1273 3973 Latinitas
1287 3926 1432 3984 offendatur,

279 3996 313 4037 rx,
338 3984 370 4032 iiii
391 3998 445 4048 sqq.
467 3981 519 4056 jam
540 3991 618 4031 samm
643 3983 740 4032 induxit
759 3992 839 4049 poeta.
871 3999 920 4032 non
929 3984 1007 4033 rideo.
1041 3986 1166 4049 Deformis,
1178 3988 1293 4052 egritudo
1302 3991 1368 4039 enim
1379 4006 1432 4039 ma·

281 4045 389 4095 Grand:
408 4056 512 4095 suaviter
525 4046 635 4097 Achilles
647 4046 697 4111 jam
708 4062 768 4112 puer
783 4048 838 4097 talis
870 4048 907 4095 cie
917 4048 1011 4096 vultum
1022 4048 1148 4100 deformat.
