3150 5200
316 291 401 365 'xviii
488 295 746 362 PRAEFATIO
771 295 1020 361 EDITIONIS
1045 296 1299 363 SECUNDAE.

312 475 436 551 eorum
460 485 605 550 moribus
628 485 813 561 tribuenda,
835 484 869 547 in
890 483 1080 567 praeiatione
1102 486 1145 550 ad
1160 483 1290 550 choest.
1308 485 1475 550 Ciceronis

324 605 478 688 diximus)
504 603 740 669 conficiendum
763 603 1046 681 demandavimus3
1076 604 1166 687 quod
1188 603 1320 686 quidem
1342 625 1382 668 eo
1404 623 1477 668 suc·

323 743 420 786 cassu
445 720 566 787 iactum
592 733 653 799 est,
680 733 717 786 ut
747 744 849 807 spem,
876 744 973 806 quam
999 721 1042 786 de
1067 722 1187 806 insigni
1211 743 1324 786 eorum
1352 723 1386 785 in
1414 721 1477 786 hac

323 861 454 923 quoque
477 863 513 904 re
538 839 707 924 diligentia
729 821 992 925 conceperamus,
1017 850 1219 925 superarent.
1266 839 1333 904 Sed
1353 840 1408 904 hic
1422 839 1479 904 In·

327 957 404 1035 dex,
428 957 601 1042 teporatim
625 982 754 1043 quoque
778 982 819 1025 eo
840 959 975 1024 consilio
995 959 1200 1036 divendetur,
1218 971 1255 1023 ut
1279 980 1389 1023 omnes
1405 958 1479 1023 Ho-

329 1075 403 1139 ratii
424 1076 574 1154 lectores,
597 1101 792 1162 quacunque
813 1080 943 1144 demum
964 1080 1036 1164 ejus
1058 1078 1200 1143 editione
1222 1087 1366 1155 utantur,
1382 1098 1480 1140 usum

325 1193 367 1257 de
386 1215 429 1258 eo
451 1216 568 1280 capere
590 1198 728 1282 possint.
781 1197 870 1261 Nam
891 1221 964 1262 curn
987 1199 1041 1261 vix
1063 1197 1148 1262 ullus
1170 1206 1315 1260 veterum
1337 1196 1479 1279 scriptor

213 1343 216 1351 ¹
324 1311 435 1395 plures
463 1312 601 1379 lectores
629 1315 750 1380 habeat
783 1339 881 1400 quam
912 1315 1084 1394 Horatius,
1115 1315 1350 1399 unusquisque,
1379 1315 1479 1378 modo
1543 1342 1544 1351 ¹

324 1451 391 1494 una
412 1442 446 1495 et
468 1432 570 1496 altera
591 1457 655 1498 vox
677 1434 753 1499 lecti
775 1435 911 1521 alicujus
933 1435 997 1500 loci
1018 1437 1049 1500 ei
1071 1444 1250 1510 succurrat,
1265 1455 1339 1497 eum
1357 1433 1391 1496 in
1414 1431 1480 1496 hoc

325 1546 439 1612 Indice
456 1562 603 1615 notatum
617 1554 768 1618 inveniet.

369 1670 522 1735 Ceterum
552 1672 631 1736 mihi
661 1672 835 1737 indicenda
856 1683 907 1737 est
929 1671 1060 1736 Horatii
1081 1672 1182 1736 editio
1203 1671 1318 1767 minor,
1341 1670 1374 1733 in
1400 1692 1479 1753 qua,

324 1789 416 1852 brevi
431 1791 612 1873 proditura,
627 1791 810 1856 difficiliora
823 1802 948 1855 tanturn
963 1804 996 1856 et
1010 1790 1223 1884 implicatiora
1237 1788 1479 1853 enodabuntur.

326 1906 422 1973 Hanc
442 1910 570 1973 curabit
594 1933 705 1988 senex,
726 1912 793 1994 qui,
810 1910 1037 1994 quamvisjam
1059 1911 1331 1994 septuagesimum
1347 1909 1480 1973 tertium

326 2007 431 2089 artatis
452 2048 571 2090 annum
593 2030 672 2112 agit,
694 2039 801 2092 tamen
825 2029 980 2113 singulari
1003 2028 1070 2093 Dei
1085 2027 1211 2112 Optimi
1228 2027 1365 2091 Maximi
1380 2029 1480 2092 bene-
1543 2046 1544 2101 ζ

326 2143 401 2208 ficio
415 2144 458 2208 ad
474 2166 525 2209 res
541 2147 704 2230 gerendas
712 2147 849 2230 juvenili
863 2147 974 2231 vigore
990 2156 1200 2210 sustentatur.

316 2383 318 2386 -
369 2345 502 2423 Gothne,
519 2369 628 2412 mense
644 2347 745 2413 Mart.
764 2371 998 2414 uncccxxvrn.

1194 2571 1432 2640 DOERING.
