3150 5200
547 365 712 429 LIBER
735 364 799 442 Ill,
827 367 876 429 12.

352 517 432 581 Non
446 517 552 593 times,
567 517 682 593 detur;
705 539 853 581 socerum
868 528 902 583 et
918 517 1070 583 scelestus

286 618 330 682 40
608 616 698 682 Falle
713 639 859 696 sorores3

352 720 451 797 Quae,
467 719 557 784 velut
570 729 675 784 ncetae
685 720 804 783 vitulos
818 719 941 798 leoenoe,

352 820 517 905 Singulos,
532 819 637 885 eheu!
660 819 814 884 lacerent.
862 821 937 905 Ego
950 822 1013 886 illis

352 921 496 1000 Mollior,
511 944 571 986 nec
586 933 619 986 te
634 921 758 1000 feriam,
774 945 880 1006 neque
895 924 980 988 intre

612 1023 764 1086 Claustra
778 1025 909 1089 tenebo.

286 1128 331 1189 45
352 1124 411 1189 Me
426 1135 522 1209 puter
536 1125 630 1188 saevis
646 1135 760 1190 oneret
773 1127 908 1202 catenis,

352 1227 453 1300 Quod
468 1227 538 1291 viro
553 1226 693 1292 clemens
707 1229 826 1292 misero
841 1229 991 1312 peperci:

351 1329 409 1393 Me
424 1328 475 1392 vel
488 1339 652 1393 extremos
667 1328 885 1392 Numidarum
900 1331 933 1392 in
948 1352 1044 1414 agros

611 1430 725 1494 Classe
739 1430 873 1514 releget.

351 1531 379 1609 1,
394 1531 498 1614 pedes
512 1554 581 1614 quo
595 1542 629 1596 te
641 1532 774 1616 rapiunt
787 1542 823 1596 et
837 1554 936 1609 eurae,

287 1634 330 1696 50
350 1631 440 1696 Dum
454 1631 542 1697 favet
556 1654 623 1696 nox
637 1643 672 1698 et
685 1632 821 1697 Venus:
845 1634 856 1696 i
872 1635 1017 1699 secundo

348 1733 483 1799 Omine:
506 1745 540 1800 et
555 1735 658 1798 nostri
672 1757 844 1799 memorem
859 1735 1008 1820 sepulcro

608 1835 727 1919 Scalpe
742 1836 918 1919 querelam.

553 2159 761 2224 CARMEN
787 2161 869 2224 XII.

504 2390 572 2438 AD
602 2387 919 2436 NEOBULEN.

219 2547 433 2613 Misnnnuuu
448 2559 509 2625 est,
525 2571 630 2633 neque
646 2545 761 2611 Amori
774 2547 853 2612 dere
867 2547 990 2625 ludum,
1006 2569 1112 2632 neque
1126 2549 1212 2615 dulci

219 2649 311 2714 Mela
325 2650 400 2714 vino
414 2648 539 2714 lavere:
564 2661 622 2714 aut
636 2651 814 2715 exanimari
827 2660 1009 2715 metuentes

120 2802 176 2851 imo
194 2800 267 2849 fundo
282 2799 352 2865 perit,
363 2799 389 2846 h.
401 2814 424 2846 e.
434 2800 563 2849 transfluit.
595 2800 636 2848 Ad
647 2800 692 2849 hoc
725 2800 917 2865 Hypermestre
935 2800 1025 2851 oratio!
1060 2802 1098 2851 De
1117 2818 1166 2867 qua
1187 2802 1285 2867 quidem

120 2876 253 2931 pertusum
269 2863 409 2913 Danaidum
424 2862 544 2912 doliums
589 2873 625 2912 tat
638 2880 692 2929 pro-
724 2874 800 2927 poete
813 2866 885 2914 nostri
900 2866 1000 2915 lectores
1013 2880 1069 2914 suos
1087 2865 1112 2914 in
1123 2866 1225 2915 mediam
1236 2884 1285 2917 rem

121 2928 254 2980 verbium:
280 2928 315 2986 εἰς
333 2926 482 3001 πζρημίνον
499 2929 541 2992 (se
569 2946 692 3007 respuan-
723 2928 957 2994 abripiendiertecs.
969 2945 1024 2995 sup.
1036 2944 1128 2993 argum.
1140 2930 1176 2986 iii,
1187 2934 1211 2979 3.
1238 2933 1284 2981 Ju-

120 2992 602 3122 t‘sstttttfftttlssttatl
615 2994 692 3121 {tt
722 2994 1286 3121 ttvlt'f‘nltlitttttt‘tttettt

121 3131 179 3179 cat,
196 3123 354 3175 Quemnam
365 3122 446 3181 culpus
462 3122 503 3167 sub
519 3120 587 3169 Orco.
605 3120 693 3178 Etiam,
723 3121 869 3169 tunduntur
886 3122 974 3169 luminu
990 3130 1084 3176 noctem,
1099 3135 1150 3185 pro,
1164 3130 1246 3179 morto,
1259 3134 1287 3171 ut

121 3194 346 3251 sc.p⁰stmortem.
366 3184 454 3245 majus,
463 3184 595 3234 scelestius.
616 3185 693 3241 Duru,
724 3200 779 3257 sup.
798 3184 815 3241 i,
830 3187 904 3241 24,5
925 3194 1047 3247 perpetuus
1065 3200 1138 3245 sopor.
1175 3186 1250 3243 Unde,
1270 3202 1286 3235 a

121 3265 206 3299 sevo.
724 3248 820 3321 qulbus.
862 3248 957 3304 Ventos,
980 3248 1087 3314 apposite
1109 3247 1139 3295 ad
1162 3264 1285 3314 compara-

159 3314 272 3362 33-44.
296 3312 359 3368 Una,
378 3312 573 3376 Hypermnestra.
606 3314 692 3376 Perju-
724 3320 814 3361 nonem
839 3313 964 3377 juvenum,
985 3328 1046 3377 quos
1072 3312 1122 3385 ipae
1146 3314 1286 3364 Venusinus

120 3396 187 3427 rum
195 3388 293 3439 putrem,
309 3376 373 3450 qnod
388 3375 443 3424 fidei
458 3384 483 3423 et
498 3376 601 3441 pietatis,
619 3392 694 3441 quam
725 3376 839 3424 Horatius
850 3381 1004 3439 juvencorum
1025 3392 1121 3426 nomme
1139 3385 1164 3426 et
1182 3377 1287 3443 imagine

122 3450 159 3490 ut
171 3455 339 3503 socergenens
353 3440 403 3488 suis
418 3439 529 3496 debebat,
543 3441 693 3489 sanctitatem
725 3454 780 3504 sup.
791 3440 817 3497 ii,
831 3443 855 3496 ⁸,
868 3442 898 3489 21
918 3441 1037 3505 designat.
1070 3442 1101 3489 In
1114 3440 1148 3490 rei
1162 3457 1284 3509 compara-

123 3504 313 3555 contaminavit
344 3506 476 3567 Spkudide,
484 3520 540 3552 cum
551 3504 640 3568 insigni
650 3505 692 3554 ho·
726 3503 817 3553 tionem
836 3504 925 3578 passim
945 3506 1009 3571 apud
1029 3506 1160 3554 Homerum
1180 3515 1204 3556 et
1225 3509 1287 3558 alios

122 3568 245 3618 nestioris
254 3568 327 3616 animi
334 3569 424 3632 gluria3
435 3583 510 3616 causa
518 3568 591 3625 enim,
602 3584 632 3617 ex
643 3584 694 3632 qua
725 3567 819 3617 obvium
836 3577 897 3618 mter
915 3568 964 3617 alia
984 3569 1084 3618 laudant
1100 3570 1160 3619 Euri
1178 3606 1185 3620 .
1204 3573 1285 3638 Iphig.

122 3634 204 3682 tidem
215 3633 309 3698 perjuro
350 3633 381 3680 tri
391 3632 640 3698 datam,sesponsum
650 3648 692 3681 oe·
724 3632 750 3680 iu
765 3634 841 3681 Taur,
857 3634 915 3689 29⁷,
932 3636 1019 3684 Senec.
1035 3634 1135 3699 Thyest.
1168 3637 1209 3685 35.
1243 3638 1284 3685 ln·

123 3697 235 3745 cisaram
245 3647 693 3761 eseiiiellentflypermnesna,suit
725 3708 763 3743 tra
781 3697 893 3746 Claustra
911 3701 996 3757 lembo,
1018 3698 1081 3746 intra
1098 3698 1230 3749 thalamum
1248 3717 1284 3750 re-

123 3761 308 3817 honestissima‚
321 3760 403 3826 sponsi
413 3774 498 3826 nempe
508 3761 642 3811 innocentis
652 3777 691 3809 sa-
724 3760 814 3809 tinebo.

124 3826 179 3874 lus.
212 3824 279 3874 Hinc
289 3824 410 3873 Pindarus
419 3841 472 3937 {pu
484 3840 515 3874 ue
527 3826 601 3874 Nem.
612 3843 636 3882 x,
652 3827 690 3883 10,
756 3826 862 3874 45-52.
880 3826 920 3873 Me
935 3837 1002 3889 puter
1016 3829 1079 3875 acuis
1094 3837 1171 3875 oneret
1185 3832 1285 3877 cetenis:

123 3890 193 3939 hanc
207 3891 402 3964 Hypermestre
489 3903 528 3936 em
542 3892 635 3955 probat.
650 3890 691 3939 Cl.
723 3897 812 3939 etvere
829 3890 939 3947 Danaus,
956 3890 991 3938 uti
1010 3898 1090 3938 narrat
1105 3890 1285 3955 Apollodor.ii‚

124 3955 232 4003 Mitsch.
253 3970 279 4002 in
302 3954 365 4001 hane
386 3969 435 4001 rem
457 3952 552 4019 profert,
575 3952 639 4018 quod
660 3953 691 4003 de
726 3954 748 4009 l,
760 3955 784 4009 4,
797 3952 925 4019 καθείρξας
935 3954 1015 4013 αὐτὴν
1026 3953 1097 4019 lppm'e
1114 3972 1141 4003 ει.
1176 3954 1286 4012 Clemens,

123 4019 258 4075 mendacii,
269 4017 296 4066 in
305 4020 377 4070 boue
393 4016 426 4066 rei
441 4017 513 4065 tinem
525 4016 635 4074 adhibiti,
648 4018 692 4065 ho·
725 4016 880 4064 humanitatis
898 4032 969 4065 sensu
986 4025 1058 4065 tacta.
1092 3971 1191 4079 [pedes
1237 4028 1284 4067 ote

124 4091 221 4132 nectale
243 4081 354 4148 precipit
374 4080 487 4147 Sophocl.
506 4081 612 4131 Philoet.
636 4084 692 4130 110.
724 4083 820 4142 rapiunt
839 4091 861 4127 et
875 4098 952 4129 aure:
968 4079 1077 4128 similiter
1090 4080 1172 4128 tntu
1222 4084 1285 4138 ,16‚

124 4148 194 4196 Cum
208 4148 277 4196 suari
294 4145 409 4210 loquendi
424 4154 600 4208 gencreautem
610 4148 691 4208 Splen-
724 4145 765 4202 21,
792 4144 814 4199 l,
835 4146 901 4205 pedes
926 4160 1057 4206 quocunque
1069 4142 1161 4207 ferent,
1184 4162 1285 4207 pumun-

122 4213 183 4259 dide
200 4213 297 4260 mendas
314 4211 371 4275 (ubi
384 4209 505 4274 adjectum
519 4210 553 4258 rei
569 4219 692 4275 repugnet,
724 4224 767 4270 que
777 4223 818 4269 per
830 4211 904 4256 sindus
922 4208 996 4255 Notus
1013 4208 1099 4255 uocabit
1117 4218 1158 4255 cut
1166 4218 1285 4269 proteruus

122 4291 139 4324 o
199 4290 258 4323 oron
275 4274 422 4341 appellant),
435 4284 573 4339 comparent
587 4276 645 4323 huic
661 4273 693 4321 si·
725 4272 831 4337 Africus.
865 4272 981 4335 Ruptum,
992 4270 1099 4321 celeriter
1112 4270 1169 4320 hino
1183 4280 1207 4321 te
1220 4274 1285 4323 aulc-

122 4339 160 4387 mi
171 4340 267 4396 limum,
282 4342 380 4402 gloriose
395 4341 488 4386 mentiri
504 4339 569 4403 apud
580 4340 657 4389 Cicer.
669 4354 693 4403 p.
725 4344 798 4397 runt;
817 4336 910 4400 gravius
919 4336 990 4400 igitur
1001 4350 1084 4401 quam,
1095 4334 1182 4385 lerum.
1203 4336 1286 4395 Venus,

122 4404 186 4451 Mil.
205 4405 247 4461 27,
263 4412 289 4452 et
300 4405 425 4468 gloriosum
439 4404 511 4450 melus
528 4404 593 4467 apud
608 4404 694 4451 Seuec.
725 4400 856 4449 amantium
878 4408 988 4467 patrona.
1025 4401 1057 4448 Et
1075 4403 1147 4448 nonni
1169 4418 1286 4451 memorem

123 4468 175 4532 Ep.
183 4470 225 4517 9⁵.
247 4468 331 4532 Surge,
341 4484 390 4530 quc
399 4469 468 4522 unit,
477 4474 534 4515 cett.
543 4466 606 4523 vide,
616 4482 693 4531 quau·
725 4468 828 4527 sepulcro
836 4466 916 4529 Sculpe
927 4468 1050 4531 querelam,
1067 4480 1139 4529 quam
1151 4466 1283 4531 eleganter!

122 4532 329 4596 tamgravitatem
344 4531 388 4579 toti
399 4530 457 4579 huic
473 4530 573 4579 carmini
583 4530 696 4580 conciliat
726 4546 768 4595 pro
790 4528 892 4594 vulgari,
909 4538 933 4581 et
949 4530 1051 4597 sepulcri
1070 4529 1117 4579 mei
1134 4540 1287 4582 monumento
