3150 5200
308 327 374 389 492
690 322 1082 388 EPISTULARUM

329 476 372 539 80
395 475 441 538 Ut
457 477 587 560 penitus
602 487 725 552 notum,
742 477 768 538 si
785 487 911 540 tentent
924 477 1069 553 crimina,
1086 499 1206 552 serves,

394 577 593 663 Tuterisque
610 590 666 642 tuo
681 578 837 642 fidentem
850 578 1025 662 praesidio:
1049 579 1106 661 qui

397 680 507 746 Dente
521 682 695 746 Theonino
711 703 811 764 quum
826 680 1087 755 circumditur,
1102 680 1222 762 ecquid

394 781 451 845 Ad
465 794 498 846 te
513 794 588 867 post
603 781 701 867 paulo
716 793 853 846 ventura
866 781 1011 866 pericula
1027 783 1149 845 sentis?

395 882 483 946 Nam
498 896 555 947 tua
569 907 622 948 res
637 885 755 967 agitur,
769 885 878 967 paries
892 906 992 967 quum
1007 884 1175 967 proximus
1190 885 1286 948 ardet
1299 911 1307 962 3

329 987 372 1049 85
395 985 441 1048 Et
456 985 604 1069 neglecta
620 985 724 1048 solent
739 985 890 1049 incendia
905 1007 1032 1048 sumere
1047 985 1143 1049 vires.

396 1087 512 1152 Dulcis
528 1088 706 1170 inexpertis
722 1086 850 1150 cultura
864 1088 1007 1170 potentis
1022 1088 1133 1150 amici:

395 1189 564 1273 Expertus
579 1188 703 1251 metuit.
749 1187 816 1265 Tu,
832 1188 910 1250 dum
925 1197 982 1250 tua
996 1189 1087 1250 navis
1102 1190 1136 1252 in
1150 1189 1217 1254 alto
1231 1203 1292 1267 est,

396 1291 471 1355 Hoc
487 1313 559 1374 age,
576 1313 616 1354 ne
631 1301 754 1353 mutata
768 1301 945 1354 retrorsum
959 1301 991 1352 te
1007 1288 1091 1353 ferat
1106 1313 1196 1355 aura.

396 1392 549 1455 Oderunt
564 1391 698 1455 hilarem
714 1393 834 1466 tristes,
851 1392 1042 1474 tristemque
1053 1393 1177 1474 jocosi3

330 1495 374 1557 90
397 1493 554 1557 Sedatum
569 1493 701 1568 celerer,
718 1492 835 1576 agilem
849 1514 1054 1576 gnavumque
1068 1495 1212 1558 remissi:

397 1594 535 1659 Potores
550 1592 654 1658 bibuli
669 1593 776 1657 media
791 1593 831 1657 de
847 1604 943 1658 nocte
958 1592 1088 1657 Falerni

397 1696 549 1761 Oderunt
564 1706 715 1779 porrecta
729 1704 902 1779 negantem
916 1695 1051 1779 pocula3
1075 1697 1221 1779 quamvis

395 1797 585 1862 Nocturnos
596 1799 688 1882 jures
704 1809 736 1860 te
752 1795 926 1860 formidare
942 1819 1090 1881 vapores.

397 1899 502 1964 Deme
519 1899 692 1985 supercilio
706 1900 843 1963 nubem:
867 1897 1057 1983 plerumque
1072 1899 1239 1962 modestus

332 2003 375 2066 95
398 2001 549 2086 Occupat
565 2003 696 2066 obscuri
712 2002 863 2084 speciem,
880 2001 1060 2063 taciturnus
1076 2001 1196 2063 acerbi.

397 2102 486 2168 lnter·
502 2116 619 2168 cuncta
633 2103 721 2187 leges
738 2115 771 2167 et
786 2103 1020 2186 percontabere
1036 2102 1172 2179 doctos3

399 2205 474 2276 Qua
490 2207 614 2270 ratione
630 2229 730 2288 queas
747 2204 918 2268 traducere
932 2204 1048 2267 leniter
1063 2225 1186 2267 aevum:

396 2307 451 2370 Ne
466 2318 498 2371 te
515 2331 642 2393 semper
656 2310 749 2392 inops
764 2308 866 2390 agitet
880 2316 1041 2388 vexetque
1057 2304 1189 2388 cupido,

398 2407 452 2471 Ne
468 2432 580 2491 pavor,
597 2420 630 2473 et
645 2432 752 2474 rerum
768 2407 975 2471 mediocriter
989 2406 1116 2470 utilium
1131 2429 1227 2490 spes:

311 2577 353 2643 qui
365 2576 479 2633 tradatur,
491 2579 683 2639 commendetnr;
700 2579 793 2645 quoties
804 2577 868 2629 enirn
900 2577 979 2626 lausta
989 2587 1033 2626 aut
1043 2576 1147 2627 inlausta
1157 2576 1317 2642 navigatione,
1325 2577 1356 2625 sd
1366 2577 1462 2628 felicem

310 2646 396 2705 dignm
412 2642 520 2690 absolute
532 2644 634 2707 ponitur,
647 2644 717 2693 toties
733 2643 824 2708 aliquid
839 2660 869 2691 ex
901 2652 944 2690 ant
953 2642 1073 2691 infelicem
1084 2642 1139 2691 vite
1155 2658 1253 2690 cursum
1269 2643 1386 2691 translata
1401 2644 1463 2691 nihil

311 2706 424 2755 orationis
434 2706 556 2754 vicinitate
570 2708 729 2781 supplendum
742 2718 786 2757 est.
821 2709 868 2755 De-
902 2706 1058 2770 frequentius.

312 2780 398 2832 ceptus,
411 2786 444 2818 sc.
456 2771 527 2835 culpa
539 2785 588 2833 qua
605 2772 646 2819 itte
663 2772 784 2836 premitur.
820 2773 868 2819 Tu·
933 2773 1039 2819 89-95.
1061 2772 1166 2819 Oderunt
1186 2772 1282 2818 hilarent
1302 2773 1387 2827 tristes,
1406 2788 1462 2835 sqq.

311 2838 355 2891 eri,
367 2850 402 2883 sc.
413 2850 476 2882 euro.
904 2835 1027 2900 Expressit
1040 2834 1152 2883 Horatius
1164 2834 1315 2891 seutentiam,
1326 2834 1414 2883 diversi
1424 2838 1462 2884 in·

345 2900 450 2947 80-85.
477 2898 509 2945 Ut
528 2902 620 2960 pertitus
636 2908 722 2947 notam.
750 2900 807 2955 Pro,
828 2900 869 2955 Ut,
903 2899 967 2963 genii
988 2899 1095 2947 homiues
1114 2900 1463 2959 nonintersecoareniun13

312 2962 395 3011 malim
407 2980 461 3011 cum
476 2962 594 3020 Bentleio,
606 2965 647 3011 At.
683 2964 749 3019 Noli,
762 2963 804 3018 ait,
815 2980 870 3012 eum
903 2963 933 3011 ad
950 2964 1073 3027 ingenium
1090 2963 1161 3027 igitur
1171 2962 1263 3027 patroni
1274 2963 1310 3010 tui
1326 2972 1350 3011 te
1368 2978 1461 3012 weom-

313 3027 382 3083 tueri,
394 3027 436 3093 qui
455 3043 507 3076 vere
525 3027 621 3091 culpam
638 3026 684 3075 sibi
700 3027 827 3083 contraxit,
846 3036 872 3075 at
903 3028 998 3077 modare
1008 3037 1032 3077 et
1043 3028 1068 3076 in
1079 3028 1133 3091 ejus
1147 3026 1234 3091 agendi
1245 3026 1413 3091 sentiendique
1423 3044 1461 3075 ra·

312 3109 368 3141 eum
387 3092 428 3157 qui
448 3091 490 3140 tibi
507 3092 601 3157 penitus
620 3100 690 3140 notus
709 3102 732 3141 et
748 3100 870 3167 spectatus
902 3090 990 3140 tionem
1003 3092 1079 3141 amice
1089 3092 1223 3156 conspirare
1233 3092 1314 3139 debes.

311 3167 357 3213 est,
375 3156 395 3204 si
418 3165 521 3205 tentetur
536 3156 574 3204 vel
591 3164 683 3219 petatur
699 3156 870 3205 criminationi·
935 3159 976 3204 90.
994 3158 1110 3212 Selorum,
1122 3155 1244 3221 quietioris
1261 3154 1401 3203 etlentioris
1409 3157 1461 3203 ani·

312 3222 367 3278 bus,
380 3220 487 3269 fidentem
501 3220 661 3293 tuopraesidio
677 3236 755 3269 serves
770 3228 796 3269 et
809 3230 871 3269 tute·
903 3220 936 3268 ml
954 3220 1082 3269 hominem.
1117 3220 1212 3275 Celeres,
1229 3218 1354 3267 vividioris
1370 3228 1393 3269 et
1411 3220 1461 3267 ala·

313 3284 359 3343 ris;
384 3300 438 3332 nam
456 3286 477 3331 si
494 3284 535 3333 ille
552 3300 649 3349 impune
666 3284 785 3333 mordetur
801 3284 872 3332 dente
904 3284 986 3334 crioris
1012 3284 1102 3347 ingenii
1128 3283 1245 3332 homines
1286 3284 1394 3339 Remissi,
1420 3284 1462 3349 qni

313 3348 437 3405 maledico,
461 3364 539 3396 nonne
562 3347 604 3395 tibi
624 3350 752 3397 verendum
774 3358 819 3405 eat,
840 3364 871 3397 ne
903 3349 963 3397 vires
982 3364 1031 3397 non
1050 3348 1186 3403 intendunt,
1203 3346 1269 3395 arcui
1286 3348 1366 3395 laxato
1385 3357 1410 3396 et
1425 3365 1460 3397 re·

312 3411 375 3459 idem
387 3411 458 3478 paulo
470 3422 522 3476 post
533 3412 575 3460 tibi
587 3412 696 3461 accidat!
902 3414 976 3460 misso
987 3422 1045 3462 sunt
1055 3414 1152 3463 similes.

346 3478 387 3523 82.
407 3476 479 3523 Dente
492 3477 613 3524 Theonino.
649 3477 731 3534 Theon,
745 3486 771 3526 ut
781 3494 811 3526 cx
825 3476 870 3524 hoc
934 3479 1041 3526 91-93.
1059 3479 1150 3525 Potoros
1165 3476 1378 3531 bibuli-Faunei,
1393 3477 1460 3525 biba·

313 3540 366 3587 loco
376 3550 481 3605 apparet,
489 3540 558 3588 homo
569 3540 613 3588 luit
623 3540 869 3597 maledicentissima,
902 3556 943 3589 ces
954 3541 1003 3589 vini
1017 3542 1119 3598 Falerni,
1130 3541 1185 3589 vino
1198 3540 1299 3589 Falerno
1317 3539 1348 3587 ad
1359 3541 1460 3589 mediam

313 3604 362 3653 sive
378 3604 421 3653 iste
436 3604 507 3653 t‘uerit
517 3604 650 3659 libertinus,
663 3615 691 3654 ut
707 3606 776 3655 tradit
787 3604 869 3654 Schol.
902 3621 978 3678 usque
990 3614 1083 3654 noctem
1093 3620 1145 3654 sese
1156 3605 1344 3669 ingurgitantes:
1362 3604 1397 3653 sic
1408 3622 1461 3671 sup.

314 3668 625 3733 Cruq.‚sive,quodmulto
637 3669 869 3735 probabilius,igno·
903 3670 981 3734 Epist.
1002 3670 1019 3724 i,
1038 3672 1076 3727 14,
1094 3672 1135 3727 34,
1157 3671 1229 3724 Quem
1252 3670 1356 3717 bibulum
1378 3672 1461 3733 liqnidi

312 3733 368 3781 bilis
379 3731 477 3797 quidam
490 3744 566 3797 poeta.
902 3737 977 3781 nudie
988 3738 1016 3782 de
1035 3737 1084 3781 lnce
1103 3735 1198 3782 Falerni
1212 3735 1281 3781 Cena
1299 3736 1373 3781 irenis
1380 3738 1462 3795 janot.

346 3800 385 3847 86.
398 3799 480 3845 Dulcis
490 3800 611 3859 inerpertis
620 3800 713 3847 caritura
727 3801 806 3845 unrici:
819 3809 869 3846 stu·
904 3800 1009 3846 Oderunt
1020 3809 1125 3860 porrecta
1136 3808 1255 3861 rregnntesn
1265 3799 1357 3858 pocula.
1370 3806 1427 3845 cett.
1439 3809 1462 3846 te

312 3862 388 3918 diurn,
403 3862 466 3927 quod
485 3863 508 3909 in
528 3862 627 3911 colendo
644 3862 774 3927 potentiore
793 3864 871 3910 amico
903 3878 951 3910 non
970 3863 1029 3912 ferre
1047 3872 1155 3928 possunt,
1173 3862 1193 3910 si
1213 3862 1294 3909 oblata
1311 3860 1356 3909 tibi
1376 3862 1463 3924 pocula

345 3928 416 3982 nitur,
427 3929 493 3975 dolce
502 3926 594 3975 videtur
603 3928 632 3973 iis
647 3926 688 3990 qui
701 3926 806 3974 nondum
817 3928 871 3991 ejus
903 3928 1057 3983 recusaveris,
1069 3926 1177 3991 quamvis
1193 3926 1236 3973 tibi
1252 3941 1267 3973 a
1284 3927 1407 3973 nocturnis
1420 3942 1461 3973 vs·

321 4000 419 4041 ecerunt
430 3991 560 4056 periculum
571 4010 578 4051 ;
592 4000 615 4038 at
625 3991 643 4038 ii
653 3990 694 4054 qui
707 3990 768 4039 illud
777 3992 870 4055 experi-
903 3992 1000 4055 poribus
1012 3991 1145 4039 cavendum
1155 4006 1207 4039 esse
1216 3990 1291 4055 jures.
1310 3990 1358 4037 Per
1367 4002 1463 4037 noctar-

312 4056 376 4105 entia
386 4065 556 4118 cognoverunt,
568 4071 615 4103 non
627 4056 678 4102 sina
690 4056 773 4104 timore
790 4064 815 4103 et
825 4053 871 4103 cir·
904 4073 943 4103 nos
957 4072 1047 4117 vapores
1059 4056 1166 4118 intellige
1178 4063 1271 4110 aestum,
1301 4069 1333 4101 no
1344 4053 1370 4101 in
1379 4069 1464 4102 somno

313 4120 490 4186 cumspectione
501 4120 522 4167 ei
534 4135 629 4184 operam
641 4120 708 4168 dant.
904 4119 1032 4181 agitantur,
1044 4120 1086 4183 qui
1102 4134 1155 4167 sera
1169 4128 1238 4168 nocte
1253 4070 1382 4180 selargius
1392 4118 1463 4166 larvi-

345 4186 386 4241 87,
399 4186 439 4232 88.
457 4184 502 4239 Tu,
521 4186 576 4231 dnm
594 4194 634 4231 tun
652 4186 726 4239 araris,
740 4193 797 4232 cett.
817 4199 871 4231 curu
904 4183 969 4231 diore
985 4184 1040 4231 vino
1057 4185 1203 4233 invitarunt:
1221 4198 1274 4247 sup.
1294 4181 1372 4246 Epod.
1384 4183 1409 4238 ³,
1423 4185 1462 4237 ts,

311 4247 415 4296 incultu
424 4248 563 4313 potentioris
571 4263 681 4358 prospero
689 4263 802 4295 successu
813 4265 872 4296 usus
906 4249 955 4296 Neo
971 4258 1051 4297 tonius
1067 4266 1169 4311 unquam
1184 4250 1284 4295 siderum
1299 4248 1382 4293 insedit
1394 4263 1465 4308 anper

312 4327 347 4369 ea,
359 4312 383 4361 id
396 4328 448 4375 ago,
460 4320 482 4361 et
495 4312 539 4359 hoc
551 4313 569 4359 ti
587 4311 595 4358 i
609 4314 642 4359 sit
651 4328 722 4365 curse,
736 4328 765 4361 ne
776 4312 807 4360 de
819 4314 872 4361 loco
905 4313 1006 4375 (astus)
1017 4315 1143 4360 siticuloso
1154 4314 1254 4374 Apulia.

312 4392 361 4441 quo
378 4392 514 4442 progressus
531 4391 564 4431 es,
576 4374 699 4439 rejiciens,
712 4376 736 4423 h.
747 4392 770 4424 e.
787 4392 817 4425 ne
833 4386 870 4425 se·
935 4379 976 4426 94.
996 4378 1066 4424 Deme
1076 4379 1198 4439 supercilio
1209 4378 1304 4424 nubem:
1322 4374 1385 4439 pelle
1403 4390 1462 4423 con·

313 4440 493 4491 cundasortuna
505 4440 529 4488 in
541 4438 663 4487 adversam
673 4448 785 4487 mutetur.
805 4442 869 4489 Ima·
902 4450 1001 4491 tractans
1018 4441 1043 4488 in
1060 4439 1186 4505 supercilio
1205 4441 1290 4488 nubem
1303 4440 1346 4502 (τὸ
1357 4444 1408 4488 τῶν
1419 4442 1464 4503 89·

311 4505 366 4567 gine
383 4520 397 4553 a
412 4514 481 4554 vento
499 4502 603 4553 secundo
620 4513 662 4551 ant
680 4504 787 4559 advorso,
800 4505 837 4555 vel
856 4522 869 4553 a
901 4506 970 4569 prior
990 4503 1085 4570 νέφος),
1106 4506 1131 4553 b.
1150 4521 1173 4554 e.
1194 4503 1332 4564 uatium,
1360 4503 1463 4554 troumm
