3150 5200
712 358 1009 426 CARMINUM

549 515 649 581 Nunc
662 524 696 578 et
709 511 839 578 latentis
854 512 1002 596 proditor
1017 510 1130 574 intimo

548 617 673 681 Gratus
687 613 804 700 puellae
817 613 902 677 risus
917 613 959 676 ab
973 610 1105 696 angulo,

589 717 779 802 Pignusque
794 717 966 799 dereptum
978 713 1120 788 lacertis,

630 815 700 882 Aut
715 816 819 902 digito
833 814 915 879 male
930 813 1100 898 pertinaci.

726 1153 931 1220 CARMEN
955 1154 1000 1216 X.

692 1365 749 1414 AD
772 1363 1044 1413 MERCURIUM.

543 1522 722 1599 Mannum,
737 1520 877 1585 facunde
892 1542 993 1604 nepos
1010 1518 1164 1595 Atlantis,

545 1624 613 1698 Qui
627 1621 713 1689 ieros
727 1621 834 1686 cultus
849 1615 1014 1686 hominum
1027 1630 1193 1685 recentum

546 1725 638 1792 Voce
654 1723 801 1788 formasti
815 1732 919 1798 catus,
935 1733 969 1787 et
983 1723 1111 1787 decorae

847 1821 943 1888 More
958 1824 1136 1909 palaestrae:

287 1976 332 2025 ini.
345 1976 422 2042 Epist.
434 1975 460 2033 ii,
472 1978 497 2033 2,
510 1977 567 2034 150,
573 1976 672 2040 fugeres
684 1972 787 2037 (nolles)
803 1991 844 2021 eu·
879 1971 933 2021 Non
940 1985 1015 2022 tomen
1054 1975 1144 2044 egisses,
1154 1977 1201 2017 tota
1211 1968 1321 2034 (utbene
1329 1985 1379 2036 pro,
1390 1973 1438 2020 tale

287 2043 372 2089 rarior.
409 2042 441 2089 Iu
463 2039 613 2094 sententiam,
635 2053 684 2103 qua
705 2037 795 2085 ridetur
815 2035 846 2085 de
877 2037 989 2086 emendat
1010 2037 1051 2085 C.
1072 2033 1187 2097 Mrtscb.)
1205 2037 1276 2083 latere
1291 2036 1375 2092 solens,
1392 2036 1437 2084 Sed

287 2105 385 2152 crastini
400 2104 449 2152 diei
465 2111 527 2152 sorte
543 2103 689 2158 sollicitudo,
702 2099 786 2173 laudat
802 2100 845 2174 til.
878 2104 951 2164 magis
972 2117 999 2148 er
1021 2100 1101 2162 aliquo
1126 2100 1231 2160 cupiebat
1252 2107 1321 2160 purte
1342 2101 1435 2158 vidam

287 2166 387 2216 Mitsch.
399 2168 469 2217 Grot.
480 2169 593 2250 Excerpt.
604 2183 628 2232 p.
641 2165 697 2222 875,
710 2165 751 2212 ubi
762 2164 844 2213 Phile·
879 2164 914 2212 lo
919 2169 964 2213 tior
974 2166 1014 2211 boc
1024 2165 1104 2220 multo,
1114 2163 1174 2224 qaod
1184 2163 1243 2210 mnis
1252 2161 1391 2224 tertasoret.

284 2237 356 2280 trenta
370 2230 442 2295 jubet
458 2231 523 2280 baud
541 2249 575 2290 εις
594 2231 680 2295 αὔριον
694 2229 847 2340 ppovrllup.

285 2293 310 2342 ri
328 2295 452 2345 trimas.
484 2297 556 2353 Puer,
565 2295 641 2346 donec
655 2294 682 2342 iu
711 2306 751 2341 ore
769 2300 847 2340 retanr
1055 2289 1209 2340 CARMEN
1225 2289 1259 2337 X.

284 2359 473 2408 constitutores.
910 2356 974 2404 Cum
984 2353 1363 2417 totumhoccarmensecundum
1375 2354 1433 2403 Por·

320 2421 425 2470 17-20.
444 2423 534 2470 Virtuti
544 2421 564 2470 si
597 2420 717 2468 ificantius
727 2434 778 2484 pro,
789 2420 844 2468 tibi.
876 2419 998 2483 phyrionis
1008 2419 1125 2474 scholion,
1137 2417 1279 2481 Hymettia
1292 2419 1434 2468 Mercurium

286 2483 385 2546 Campus
401 2493 423 2532 et
439 2502 497 2558 arse
510 2486 569 2564 intel
581 2486 619 2595 ip?
634 2483 809 2557 ambulationes
819 2484 845 2558 in
877 2485 989 2558 obsitare
1001 2486 1153 2557 iprieopoetc,
1164 2497 1193 2529 er
1202 2481 1288 2529 Alcaeo
1296 2495 1433 2556 expressum

285 2549 596 2679 estimetur
611 2546 844 2687 ..tiatira
876 2554 923 2659 :tr
934 2543 1432 2687 rettulitretiulit:

283 2675 420 2788 l'liiill.10
428 2677 614 2798 lm?
614 2688 744 2787 tttt't
751 2690 843 2789 ..⁰3²2
874 2676 1120 2805 affixit&
1135 2674 1432 2790 tttldtlttffl

284 2803 414 2853 amantium
429 2805 636 2854 confabulationes
652 2803 787 2868 (daprrpol,
799 2803 841 2869 ψι·
875 2804 936 2851 curii
946 2805 1031 2853 laudes
1042 2804 1146 2869 attingit,
1156 2801 1335 2866 adbymnorum
1343 2811 1431 2862 tamem

283 2866 444 2932 dvplrpara).
462 2869 596 2932 Composita,
606 2884 636 2918 ex
646 2868 776 2933 composito
785 2884 842 2917 con·
875 2867 917 2941 qui
934 2868 961 2915 in
975 2869 1074 2917 deorum
1089 2868 1189 2933 origine,
1200 2866 1347 2925 muneribus,
1358 2868 1432 2919 virtu·

282 2930 380 2992 stituta;
403 2948 455 2990 nos,
472 2935 611 2983 smabedct.
645 2932 799 2994 Reparatur,
816 2932 841 2982 b.
874 2933 949 2989 trbus,
960 2933 1059 2989 meritis,
1070 2931 1210 2982 etinventis
1220 2931 1369 2980 celebrandis
1379 2948 1431 2983 rer-

280 2995 493 3062 edsintegrovel
508 2998 596 3063 raepius
612 2995 764 3045 misceantur.
793 2996 840 3047 Ce·
873 3004 965 3054 santur,
977 3012 1064 3062 genera
1079 3005 1142 3046 recte
1158 2994 1237 3045 reierri
1254 3003 1341 3059 potest.
1374 2998 1431 3047 Jam

281 3066 357 3108 tarum
375 3060 401 3109 in
417 3062 568 3119 sententiam,
583 3060 657 3110 amori
673 3069 698 3109 et
711 3060 840 3125 voluptati·
874 3074 928 3108 vero
939 3078 994 3109 cum
1007 3061 1129 3110 Mercurio
1138 3060 1256 3109 tribuatur
1270 3060 1379 3125 inprimis
1393 3063 1431 3111 in·

282 3122 335 3180 bur,
353 3132 480 3191 antequam
498 3125 561 3175 iners
582 3134 640 3173 etas
658 3140 700 3172 nos
718 3126 839 3190 subrepat,
872 3125 970 3234 ponium
987 3125 1099 3190 prudens,
1114 3125 1207 3181 sollers,
1219 3130 1291 3188 atque
1305 3123 1429 3186 callidum,

281 3185 347 3236 indul
379 3190 453 3239 ndum
470 3204 532 3247 esse,
547 3195 669 3255 comparat
682 3188 722 3236 Cl.
739 3187 840 3238 Mitsch.
882 3204 927 3237 aus
953 3204 1050 3254 quoque
1072 3189 1126 3253 ejus
1147 3188 1173 3237 in
1196 3187 1268 3236 rebus
1293 3188 1429 3253 pnrdenter,

281 3250 340 3299 Anti
375 3269 415 3301 an.
431 3254 478 3319 Ep.
493 3255 518 3313 2,
535 3254 559 3311 ³,
573 3252 649 3300 Anth.
663 3252 708 3300 Gr.
726 3252 756 3299 Τ.
772 3252 797 3308 ii,
813 3270 838 3318 p.
872 3251 987 3309 sollerter,
994 3262 1018 3303 et
1026 3253 1115 3302 callide
1123 3251 1277 3308 absumens,
1286 3253 1429 3304 continetur.

283 3316 328 3363 188
355 3316 413 3365 edit.
425 3316 495 3379 Jac.)
508 3324 533 3366 et
549 3316 634 3366 Rufin.
646 3315 692 3381 Ep.
706 3316 838 3382 lo,2sqq.
871 3316 993 3381 Itaqusin
1006 3318 1051 3367 boc
1063 3318 1168 3367 carmine
1180 3315 1296 3364 Mercurii
1321 3316 1430 3367 rudentis

281 3378 357 3427 Antb.
369 3380 414 3429 Gr.
428 3382 459 3428 T.
470 3380 506 3437 iii,
518 3397 543 3446 p.
557 3380 612 3428 101.
871 3388 896 3429 et
918 3382 1044 3447 sapientia,
1066 3396 1117 3445 qua
1135 3396 1183 3428 uon
1204 3380 1283 3428 solum
1304 3332 1429 3431 iominnm

312 3442 419 3492 21-24.
431 3444 533 3493 Noncet
544 3446 636 3493 latentis
646 3450 701 3493 cett.
715 3459 778 3491 nunc
789 3450 839 3493 tam
871 3444 964 3493 animos
980 3445 1075 3494 dicendi
1093 3452 1143 3493 arte
1160 3444 1276 3501 imbuere,
1289 3444 1331 3493 sed
1346 3460 1428 3495 eorum

280 3506 349 3563 risus,
360 3522 408 3572 quo
423 3508 506 3573 puella
521 3522 546 3557 se
561 3507 637 3572 ipsam
653 3507 679 3555 in
693 3506 778 3556 intimo
793 3523 836 3556 an·
869 3524 967 3574 corpora
977 3525 1075 3622 qpooque
1085 3508 1240 3575 gymnasticis
1252 3508 1427 3558 exercitationi-

278 3570 654 3637 gulolateutemprodit,quampi
687 3571 836 3630 usdelectat,
869 3573 991 3621 buscorro
1023 3572 1214 3632 rarestuduerit5
1230 3571 1284 3636 ejus
1295 3572 1320 3620 in
1328 3574 1427 3638 explen-

279 3634 343 3707 quod
354 3634 407 3699 ejus
418 3635 513 3684 lacertis
524 3636 562 3683 vel
574 3634 649 3699 digito
673 3644 779 3700 ereptum
787 3643 837 3695 est,
869 3636 907 3684 dis
929 3637 1008 3686 nuntii
1027 3638 1092 3703 apud
1112 3638 1198 3686 lovem
1217 3645 1242 3685 et
1259 3644 1348 3685 ceteros
1371 3637 1427 3687 deos

278 3698 836 3764 sire,nunejucundissimusestillelususama·
868 3700 977 3765 partibus
991 3702 1126 3757 dexteritas,
1145 3708 1177 3758 et,
1197 3715 1247 3765 qua
1267 3699 1343 3764 lyram
1358 3700 1425 3751 inve-

278 3761 623 3876 tfittrlttttlttltt
633 3761 835 3875 bulliit?
868 3764 1427 3878 ltttwlttiitttttltttist

277 3889 310 3937 mi
322 3890 346 3938 la
359 3890 389 3940 de
400 3891 453 3956 ejus
464 3890 567 3947 lacertis,
579 3843 731 3939 velldnuulusi
740 3890 770 3940 de
782 3890 835 3955 ejus
868 3865 959 3951 lucerii,
969 3846 1045 3958 {dim
1054 3845 1139 3959 vigiled
1150 3893 1266 3941 incastris
1276 3846 1425 3952 Grecorldm:

275 3952 350 4017 digito
367 3964 480 4021 tanquam
500 3955 588 4022 pignus
607 3954 694 4004 amoris
712 3955 836 4021 deripitur.
868 3957 991 4006 Priamum
1010 3974 1051 4023 per
1069 3972 1099 4005 ea
1116 3956 1146 4004 ad
1165 3956 1288 4005 Achillem
1306 3956 1425 4015 ducendo,

277 4016 832 4085 Digitomalspertr'nsei:iacetedepuella,qum
866 4019 985 4078 ieiellerit,
1006 4021 1148 4080 calliditas,
1172 4018 1226 4085 ejus
1243 4020 1357 4084 denique,
1376 4037 1425 4085 quo

277 4096 325 4131 non
339 4082 443 4140 vincere,
463 4084 505 4133 sed
524 4082 588 4132 vinci
603 4084 628 4132 in
646 4083 701 4132 lusu
718 4084 833 4133 amatorie
865 4085 958 4133 animas
979 4085 1010 4133 ad
1028 4084 1117 4133 inferos
1133 4083 1246 4142 deducat,
1266 4084 1424 4134 ministerium

274 4146 353 4212 cupit;
365 4146 526 4213 sjusdigitmi
544 4148 833 4213 'tur,hauditacompres·
865 4148 1058 4213 laudaturatque
1072 4150 1220 4197 celebratur:
1237 4149 1347 4207 breviter,
1360 4150 1423 4199 cele·

275 4226 316 4259 sus
330 4219 357 4259 ut
372 4228 434 4277 egre
445 4228 474 4261 ax
486 4227 514 4260 eo
542 4212 617 4261 strabi
629 4214 705 4279 possit
717 4214 830 4270 annulus,
864 4213 946 4262 bratur
957 4212 1094 4261 Mercurius
1104 4212 1129 4260 in
1138 4212 1183 4260 hoc
1194 4214 1300 4262 carmine
1309 4221 1424 4277 tanquam

274 4284 310 4323 est
328 4277 395 4333 mals,
414 4276 438 4324 b.
456 4290 478 4324 e.
496 4277 582 4332 minua,
595 4281 709 4339 pertinax.
742 4278 830 4325 Totum
863 4276 1029 4342 deusltbyroc,
1045 4276 1190 4343 ἐναγώνιος,
1203 4278 1312 4343 ἅγγελος
1327 4276 1423 4327 ἀθανά-

273 4338 336 4388 hune
349 4340 437 4396 locum,
449 4347 476 4387 ut
485 4340 546 4388 bene
556 4340 664 4389 observat
676 4341 716 4390 cl.
729 4340 830 4389 Mitscb.
862 4358 922 4397 των,
935 4341 1107 4406 αἱμυλόμηης,
1117 4340 1299 4406 ψυχοπομπός.

272 4400 378 4451 imitatus
389 4413 426 4452 est
434 4405 525 4451 Auctor
537 4404 621 4469 Elegg.
634 4421 688 4469 quse
699 4406 743 4453 sub
755 4406 828 4454 Corn.
895 4407 967 4455 1-4.
981 4406 1089 4454 Facundo
1097 4404 1345 4470 (tarantasmum
1356 4403 1424 4453 enim

274 4465 342 4515 Galli
359 4466 453 4517 nomine
466 4467 671 4527 circumferuntur,
689 4468 706 4525 i,
724 4470 772 4517 67:
796 4469 829 4517 Et
861 4467 969 4533 inprimis
981 4470 1121 4535 postulabat
1130 4469 1203 4533 legati
1211 4468 1262 4519 sive
1271 4467 1350 4518 nuntii
1356 4468 1423 4532 apud

272 4546 333 4578 anns
352 4534 471 4581 subridens
492 4534 589 4581 latebras
600 4532 710 4597 fugitiva
728 4535 827 4594 petebat,
860 4532 917 4581 deos
929 4550 1034 4593 munus;
1051 4534 1108 4582 binc
1119 4533 1264 4598 eloquentie
1275 4541 1342 4598 pater
1351 4532 1421 4581 babi-
