3150 5200
695 312 1001 380 CARMINUM

433 468 453 531 5
487 466 585 533 Vivet
599 475 733 532 extento
748 465 939 530 Proculeius
954 488 1024 529 aevo

484 570 595 634 Notus
611 571 644 633 in
659 569 776 633 fratres
792 568 889 630 animi
903 568 1048 651 paterni:

486 671 581 735 Illum
596 680 671 755 aget
686 692 795 754 penna
808 679 972 733 metuente
988 668 1067 732 solvi

470 832 472 835 .
789 771 891 835 Fama
906 780 1083 854 superstes.

486 876 602 940 Latius
618 897 735 960 regnes
751 875 882 938 avidum
897 872 1060 936 domando

424 978 464 1040 10
487 977 655 1061 Spiritum,
672 998 768 1061 qnam
785 976 812 1037 si
828 974 967 1057 Libyam
981 974 1113 1037 remotis

488 1078 640 1143 Gadibus
652 1080 784 1164 jungas,
801 1086 835 1140 et
849 1085 988 1158 uterque
1003 1074 1127 1138 Poenus

791 1177 919 1241 Serviat
934 1177 1001 1239 uni.

487 1282 615 1346 Crescit
629 1278 803 1363 indulgens
819 1277 882 1342 sibi
897 1278 989 1341 dirus
1002 1276 1161 1360 hydrops,

489 1384 563 1448 Nec
580 1384 665 1447 sitim
680 1382 783 1467 pellit,
799 1380 862 1443 nisi
874 1402 973 1444 causa
986 1378 1091 1442 morbi

430 1486 470 1547 15
491 1483 628 1569 Fugerit
642 1485 744 1560 venis,
760 1492 794 1546 et
809 1502 952 1564 aquosus
967 1479 1043 1544 albo

793 1583 940 1665 Corpore
955 1581 1102 1665 languor.

489 1686 672 1753 Redditum
689 1685 767 1769 Cyri
782 1683 864 1747 solio
879 1682 1055 1747 Phraatem

490 1788 667 1854 Dissidens
682 1786 771 1871 plebi
786 1806 921 1848 numero
935 1785 1106 1847 beatorum

491 1890 617 1953 Eximit
631 1889 758 1965 Virtus,
775 1885 997 1971 populumque
1011 1884 1100 1948 falsis

426 1992 470 2055 20
792 1987 945 2052 Dedocet
960 1988 1009 2050 nti

274 2177 420 2251 pecuniam
442 2178 519 2225 lamna
534 2178 696 2251 proulamina,
711 2182 837 2237 argentum
869 2175 893 2229 5,
917 2174 958 2221 65.
1002 2173 1127 2284 dupqntes,
1150 2170 1186 2283 qd·
1202 2170 1431 2283 Ffflfmidmm'

274 2242 837 2379 lllilliiffidil'.lbilddffiilii
870 2238 1315 2374 ‘¹⁰3⁶J’ft?“t.†..i:⁰.⁰⁰.i¹tt.tt¹
1326 2237 1433 2348 ..itit

275 2384 332 2417 eum
358 2385 401 2433 qur
427 2368 545 2417 tenendus
572 2375 609 2417 est
636 2367 742 2422 modurn,
766 2366 792 2414 h.
814 2381 836 2413 e.
870 2366 987 2431 majomrn
1004 2364 1140 2413 divitiarum
1155 2363 1285 2429 cupiditate
1300 2362 1394 2420 domas,
1409 2372 1434 2413 et

274 2441 349 2480 recto.
372 2431 504 2506 Comque
512 2447 567 2479 cum
577 2431 695 2506 sententia
705 2432 780 2513 hujus
791 2429 838 2477 loci
870 2428 911 2504 iis.
920 2446 974 2494 qua
985 2430 1144 2503 habearamus
1156 2427 1240 2502 uteris,
1251 2427 1318 2477 haud
1329 2428 1389 2504 scio,
1401 2444 1433 2501 an

275 2494 839 2625 titt?‘53⁰tltt.t;.⁴.⁴'.ttziti.;
870 2492 1434 2623 isiffifflibibhiffldidii

275 2623 288 2672 ἔ
306 2641 351 2673 ειν·
377 2623 448 2674 Ἀλλ’
495 2641 571 2681 urus,
591 2625 617 2674 εὖ
637 2641 662 2673 rs
685 2624 776 2674 παθεῖν
797 2625 839 2672 sal
870 2621 1339 2688 possidemetcmnsginiensesumin
1348 2622 1434 2671 Airioa

276 2643 389 2744 dimicat,
399 2688 478 2750 φίλοις
488 2687 613 2753 ἐξαρκέων.
870 2703 944 2752 qnam
960 2688 986 2735 in
999 2687 1117 2752 Hispania
1129 2687 1172 2735 tibi
1187 2685 1229 2734 uni
1244 2684 1348 2734 serviant
1355 2705 1363 2746 ;
1380 2687 1434 2736 hre-

309 2751 589 2826 5-a.1taqusgtoria,
607 2767 680 2816 quarn
698 2751 839 2800 liberalitate
870 2751 932 2808 vius,
954 2751 1061 2817 sapiente
1084 2759 1165 2799 autem
1183 2749 1318 2798 divitimm
1337 2759 1435 2800 tuarum

277 2815 303 2864 in
328 2816 411 2865 iratres
437 2815 482 2864 srbi
511 2831 563 2865 corn
596 2815 656 2864 ravit
687 2815 838 2871 Proculeius,
871 2816 1056 2880 usulongeeris
1067 2814 1252 2880 potentissimus.
1285 2815 1435 2879 Lotimreg-
1516 2837 1523 2848 ·

277 2880 565 3006 nitidi-‚titt
585 2879 838 3010 tittttitli
870 2896 924 2992 tt.
947 2878 1436 3010 tutttttitttffiitti‘it

318 2979 325 2993 s
832 2979 839 3001 s
1144 2980 1150 2990 ·
1243 2979 1249 2990 ·
1321 2978 1327 2991 ¹
1361 2980 1368 2998 r

278 3017 348 3058 notus
405 3018 472 3058 terno
501 3010 589 3058 animo.
641 3009 671 3058 C.
698 3007 840 3056 Proculeius
874 3009 929 3057 Post
948 3011 1046 3071 aliquot,
1065 3025 1115 3055 msa
1135 3024 1208 3070 regna
1226 3009 1312 3064 uidem,
1333 2980 1438 3056 mii-ahoi

279 3075 356 3123 Varro
402 3089 492 3132 urana,
504 3090 578 3138 eques
595 3073 731 3130 Romanus,
745 3081 769 3121 et
783 3071 839 3120 inti·
873 3075 972 3120 arr'stasi
988 3073 1021 3121 cl.
1039 3072 1216 3127 Geoiitttt.
1249 3071 1355 3134 autam.
1369 3071 1436 3121 Afri·

277 3154 331 3186 mns
345 3139 451 3202 Augusti
467 3138 567 3195 amicus,
583 3146 632 3186 tam
645 3137 684 3202 pio
700 3135 841 3201 liberalique
873 3151 936 3194 earn,
948 3136 990 3184 uhi
1007 3135 1133 3184 latifundia
1149 3151 1194 3184 sua
1209 3136 1328 3184 habebant
1341 3135 1437 3185 Roma·

278 3201 304 3250 in
315 3202 399 3250 iratres
411 3203 455 3264 (L.
468 3201 589 3250 Licinium
601 3203 732 3250 Varronem
748 3202 840 3248 Mura-
874 3215 959 3248 norum
970 3199 1089 3249 ditissimi.
1107 3202 1208 3248 Remotis
1219 3200 1331 3248 Gadibus.
1349 3199 1438 3258 Gades,

278 3265 687 3315 namethl.TerentiumVarronem
695 3266 839 3322 Murenam,
873 3263 954 3312 insula
965 3280 1037 3329 prope
1052 3264 1139 3313 fretum
1151 3264 1310 3320 Gaditanum,
1338 3279 1365 3311 ro
1378 3265 1438 3312 His·

278 3328 410 3377 secundum
437 3329 547 3376 Messon.
571 3328 623 3388 Vit.
646 3329 705 3376 Hor.
728 3346 753 3393 p.
777 3328 840 3390 304)
923 3329 953 3385 ia,
969 3330 1007 3377 vel
1024 3328 1149 3394 Hesperia,
1168 3345 1223 3392 qua
1239 3338 1301 3376 terra
1385 3330 1440 3377 anis

277 3391 348 3440 bouis
359 3391 408 3439 suis
419 3391 443 3438 in
455 3391 526 3440 bellis
536 3390 646 3440 civilibus
662 3399 747 3440 erutos
762 3393 841 3440 animo
874 3344 921 3439 liii
937 3392 1107 3451 remotissima;
1124 3392 1180 3440 hinc
1192 3408 1246 3458 sup.
1258 3392 1275 3447 i,
1287 3393 1328 3452 36,
1338 3395 1365 3449 4,
1378 3393 1439 3441 Hes·

278 3455 352 3504 luisse
363 3455 457 3511 dicitur,
468 3465 495 3503 ut
506 3454 641 3520 patrimonii
654 3455 690 3503 sui
706 3463 797 3521 partem
812 3456 842 3504 de
873 3459 940 3518 peria
961 3459 1054 3505 ultima.
1087 3458 1188 3521 Juugas,
1206 3457 1279 3504 simul
1298 3456 1438 3520 possideas:

278 3519 371 3582 integro
385 3519 459 3584 equis
476 3519 583 3582 partibus
599 3535 656 3568 curn
672 3519 702 3568 iis
717 3519 842 3568 divideret.
875 3520 976 3569 eandem
989 3520 1128 3570 sententiam
1140 3520 1238 3570 variant
1249 3521 1337 3569 Noster
1346 3519 1391 3568 inf.
1401 3520 1439 3580 iii,

279 3583 378 3631 Estcuto
395 3600 447 3639 coo,
465 3598 508 3647 pro
525 3584 624 3647 vulgari,
640 3584 705 3648 apud
721 3593 842 3650 posteros3
878 3586 916 3640 16,
936 3587 968 3632 39
990 3601 1044 3649 sqq.
1066 3586 1189 3633 Connacm
1207 3588 1288 3634 melius
1304 3601 1379 3646 parca
1396 3601 1440 3633 ra-

279 3645 386 3696 extendit
402 3646 465 3695 enim
482 3663 567 3706 avum,
586 3647 629 3711 qui
644 3648 743 3711 gloriam
756 3648 843 3697 virtute
873 3652 954 3710 pidins
968 3651 1095 3713 Vectigalia
1106 3652 1234 3711 porrigam,
1247 3651 1323 3703 Quam
1333 3651 1352 3696 si
1364 3649 1439 3713 Myg-

279 3719 370 3776 partam
394 3710 424 3758 ad
445 3720 550 3775 posteros
571 3719 706 3776 propagat;
735 3711 844 3760 similiter
875 3715 950 3760 doniis
964 3730 1062 3775 regnum
1073 3714 1178 3777 Alyattei
1195 3715 1286 3774 Campis
1299 3715 1441 3761 continuem.

281 3774 445 3837 'Virg.AEn.x,
454 3776 510 3832 468,
510 3775 603 3840 famam
611 3776 844 3840 uturdsrafactis.et
879 3777 900 3824 U
902 3787 979 3839 terqua
992 3779 1085 3835 Pauus,
1097 3777 1157 3826 nter
1169 3788 1193 3825 et
1208 3777 1341 3842 Hispanus,
1354 3777 1443 3826 veteris

280 3837 376 3895 ibid.vi,
384 3840 441 3894 aot,
449 3841 557 3887 virtutem
565 3842 683 3888 ssimdsre
687 3840 763 3904 factis
773 3840 843 3888 dixit.
876 3848 900 3887 et
928 3856 996 3889 nova
1023 3842 1063 3905 (in
1087 3857 1128 3890 ora
1153 3841 1279 3906 Hispania
1304 3841 1440 3905 maritima)

280 3905 349 3967 Agat,
359 3902 464 3960 extollet,
474 3904 571 3962 evehet;
584 3919 660 3964 pertua
669 3907 843 3952 metirentesolri
877 3905 1029 3969 Carthaginis
1040 3905 1134 3954 incole.

281 3967 368 4015 Facta:
386 3967 496 4015 adsumas
509 3965 663 4016 aeternitatem
672 3967 844 4031 designandam
911 3969 1014 4017 13-16.
1048 3970 1144 4017 Avarus
1170 3969 1244 4024 enim,
1275 3971 1317 4034 qui
1348 3985 1445 4043 semper

281 4031 419 4080 tribuuntur
428 4031 518 4086 Fama,
528 4039 555 4079 ut
563 4030 614 4080 dee
623 4031 702 4090 nata,
709 4039 788 4094 parua
798 4049 843 4080 me·
877 4033 948 4097 plura
965 4033 1065 4098 appetit,
1076 4033 1160 4081 similis
1170 4043 1207 4082 est
1218 4033 1359 4098 hydmpico,
1371 4049 1403 4082 cu
1414 4051 1445 4083 ua

281 4097 442 4150 tuentrssolvi,
455 4111 510 4159 quae
518 4095 699 4145 sihicaventue
712 4096 844 4151 solvantur,
879 4096 939 4152 sitis,
951 4096 1067 4161 quamdiu
1078 4113 1152 4145 eausa
1163 4097 1239 4146 morbi
1249 4098 1275 4144 in
1286 4099 1354 4146 venis
1408 4108 1444 4156 et,
1471 4137 1475 4142 .

280 4159 306 4207 h.
322 4175 344 4209 c.
360 4175 414 4224 qua
433 4175 557 4224 nunquam
572 4160 705 4218 solvuntur,
722 4176 846 4225 nunquam
878 4176 1000 4225 nunquam
1017 4161 1106 4226 esplen'
1125 4169 1210 4226 potest.
1243 4161 1358 4210 Similiter
1379 4178 1449 4212 cres-

281 4223 450 4288 lang'usscunt,
476 4239 598 4287 nunquam
625 4225 715 4273 volatui
743 4225 831 4274 desunt
838 4242 845 4284 ;
878 4225 1451 4294 centemavarorumcupiditatemcumhydrope

281 4287 316 4336 sic
334 4288 422 4352 passim
438 4298 545 4346 metuere,
557 4296 584 4338 ut
597 4289 736 4338 Graeorum
752 4288 844 4354 φυλὰτ-
878 4299 998 4352 comparat
1020 4287 1092 4337 Osid.
1113 4290 1179 4337 Fast.
1198 4289 1216 4344 i,
1234 4292 1293 4345 all,
1314 4292 1451 4341 Crsocruur

282 4352 376 4408 τεσθαι,
393 4351 523 4417 periphrasi
543 4355 587 4402 τοῦ
607 4369 652 4400 nan
670 4353 706 4401 vel
727 4371 845 4416 tranquaut
878 4364 899 4400 et
916 4369 977 4414 opst,
991 4365 1013 4401 et
1030 4371 1098 4416 opum
1106 4353 1203 4418 furiosa
1219 4357 1320 4416 eupido3
1338 4350 1380 4410 Et,
1391 4373 1450 4404 cum

282 4413 387 4464 inservit.
415 4416 483 4478 virg.
495 4417 556 4466 Geo.
567 4416 583 4470 i,
597 4417 654 4471 246,
668 4418 748 4465 Arctos
761 4420 847 4465 Oceani
878 4419 1007 4478 possideant
1017 4419 1130 4478 plurima,
1138 4419 1209 4479 plura
1217 4421 1308 4467 voluut-
1340 4419 1380 4467 Sic
1391 4424 1449 4482 qui-

283 4489 406 4528 metuentes
422 4497 509 4544 aquare
524 4483 600 4545 tingi.-
617 4480 648 4528 cs.
660 4479 704 4528 ini.
715 4481 746 4528 ad
758 4483 808 4528 Sat.
819 4481 845 4535 ii,
880 4483 920 4527 hus
937 4484 1051 4529 intumuit
1066 4481 1155 4545 suffusa
1171 4492 1252 4529 venter
1262 4486 1291 4530 ah
1306 4484 1383 4538 uada,
1396 4485 1454 4538 Quo
