<?xml version="1.0" encoding="UTF-8"?>
<!DOCTYPE html PUBLIC "-//W3C//DTD XHTML 1.0 Transitional//EN"
    "http://www.w3.org/TR/xhtml1/DTD/xhtml1-transitional.dtd">
<html xmlns="http://www.w3.org/1999/xhtml" xml:lang="en" lang="en">
 <head>
  <title>
</title>
<meta http-equiv="Content-Type" content="text/html;charset=utf-8" />
  <meta name='ocr-system' content='tesseract 3.04.00' />
  <meta name='ocr-capabilities' content='ocr_page ocr_carea ocr_par ocr_line ocrx_word'/>
</head>
<body>
  <div class='ocr_page' id='page_1' title='image "./operaomniaillus00horagoog_0532.png"; bbox 0 0 3150 5200; ppageno 0'>
   <div class='ocr_carea' id='block_1_1' title="bbox 292 369 1069 436">
    <p class='ocr_par' dir='ltr' id='par_1_1' title="bbox 292 369 1069 436">
     <span class='ocr_line' id='line_1_1' title="bbox 292 369 1069 436; baseline -0.001 -1"><span class='ocrx_word' id='word_1_1' title='bbox 292 371 356 435; x_wconf 82' lang='lat'>490</span> <span class='ocrx_word' id='word_1_2' title='bbox 674 369 1069 436; x_wconf 88' lang='lat' dir='ltr'>EPISTOLARUM</span> 
     </span>
    </p>
   </div>
   <div class='ocr_carea' id='block_1_2' title="bbox 315 519 1233 2337">
    <p class='ocr_par' dir='ltr' id='par_1_2' title="bbox 379 519 1156 606">
     <span class='ocr_line' id='line_1_2' title="bbox 379 519 1156 606; baseline -0.003 -20"><span class='ocrx_word' id='word_1_3' title='bbox 379 521 533 587; x_wconf 89' lang='lat' dir='ltr'>Moribus</span> <span class='ocrx_word' id='word_1_4' title='bbox 548 519 732 605; x_wconf 81' lang='lat' dir='ltr'>Amphion3</span> <span class='ocrx_word' id='word_1_5' title='bbox 757 533 794 586; x_wconf 87' lang='lat' dir='ltr'>tu</span> <span class='ocrx_word' id='word_1_6' title='bbox 809 523 889 586; x_wconf 88' lang='lat' dir='ltr'>cede</span> <span class='ocrx_word' id='word_1_7' title='bbox 904 522 1046 606; x_wconf 86' lang='lat' dir='ltr'>potentis</span> <span class='ocrx_word' id='word_1_8' title='bbox 1063 521 1156 586; x_wconf 88' lang='lat' dir='ltr'>amici</span> 
     </span>
    </p>

    <p class='ocr_par' dir='ltr' id='par_1_3' title="bbox 315 624 1218 1115">
     <span class='ocr_line' id='line_1_3' title="bbox 315 624 1218 709; baseline -0.002 -20"><span class='ocrx_word' id='word_1_9' title='bbox 315 626 357 689; x_wconf 83' lang='lat'>45</span> <span class='ocrx_word' id='word_1_10' title='bbox 380 624 528 689; x_wconf 88' lang='lat' dir='ltr'>Lenibus</span> <span class='ocrx_word' id='word_1_11' title='bbox 543 624 687 706; x_wconf 89' lang='lat' dir='ltr'>imperiis</span> <span class='ocrx_word' id='word_1_12' title='bbox 700 651 708 702; x_wconf 89' lang='lat'><strong>;</strong></span> <span class='ocrx_word' id='word_1_13' title='bbox 731 625 924 709; x_wconf 87' lang='lat' dir='ltr'>quotiesque</span> <span class='ocrx_word' id='word_1_14' title='bbox 940 624 1059 688; x_wconf 84' lang='lat' dir='ltr'>educet</span> <span class='ocrx_word' id='word_1_15' title='bbox 1074 625 1108 687; x_wconf 91' lang='lat' dir='ltr'>in</span> <span class='ocrx_word' id='word_1_16' title='bbox 1122 646 1218 708; x_wconf 83' lang='lat' dir='ltr'>agros</span> 
     </span>
     <span class='ocr_line' id='line_1_4' title="bbox 380 725 1118 810; baseline 0 -20"><span class='ocrx_word' id='word_1_17' title='bbox 380 725 502 790; x_wconf 86' lang='lat' dir='ltr'>AEtolis</span> <span class='ocrx_word' id='word_1_18' title='bbox 518 735 651 788; x_wconf 88' lang='lat' dir='ltr'>onerata</span> <span class='ocrx_word' id='word_1_19' title='bbox 665 725 770 810; x_wconf 84' lang='lat' dir='ltr'>plagis</span> <span class='ocrx_word' id='word_1_20' title='bbox 781 727 930 809; x_wconf 87' lang='lat' dir='ltr'>jumenta</span> <span class='ocrx_word' id='word_1_21' title='bbox 944 747 1118 809; x_wconf 78' lang='lat' dir='ltr'>canesque,</span> 
     </span>
     <span class='ocr_line' id='line_1_5' title="bbox 381 827 1210 912; baseline 0.001 -20"><span class='ocrx_word' id='word_1_22' title='bbox 381 827 486 912; x_wconf 84' lang='lat' dir='ltr'><strong>Surge</strong></span> <span class='ocrx_word' id='word_1_23' title='bbox 502 839 535 891; x_wconf 90' lang='lat' dir='ltr'>et</span> <span class='ocrx_word' id='word_1_24' title='bbox 549 827 733 891; x_wconf 73' lang='lat' dir='ltr'>inhumanas</span> <span class='ocrx_word' id='word_1_25' title='bbox 749 830 874 892; x_wconf 90' lang='lat' dir='ltr'>senium</span> <span class='ocrx_word' id='word_1_26' title='bbox 889 829 1017 912; x_wconf 91' lang='lat' dir='ltr'>depone</span> <span class='ocrx_word' id='word_1_27' title='bbox 1033 828 1210 903; x_wconf 87' lang='lat' dir='ltr'>Camoenae,</span> 
     </span>
     <span class='ocr_line' id='line_1_6' title="bbox 381 929 1161 1013; baseline 0.001 -19"><span class='ocrx_word' id='word_1_28' title='bbox 381 931 500 994; x_wconf 87' lang='lat' dir='ltr'>Coenet</span> <span class='ocrx_word' id='word_1_29' title='bbox 516 939 552 993; x_wconf 91' lang='lat' dir='ltr'>ut</span> <span class='ocrx_word' id='word_1_30' title='bbox 566 930 689 1013; x_wconf 87' lang='lat' dir='ltr'>pariter</span> <span class='ocrx_word' id='word_1_31' title='bbox 703 929 869 1013; x_wconf 89' lang='lat' dir='ltr'>pulmenta</span> <span class='ocrx_word' id='word_1_32' title='bbox 882 929 1050 994; x_wconf 75' lang='lat' dir='ltr'>laboribus</span> <span class='ocrx_word' id='word_1_33' title='bbox 1065 941 1161 995; x_wconf 89' lang='lat' dir='ltr'>emta.</span> 
     </span>
     <span class='ocr_line' id='line_1_7' title="bbox 381 1031 1103 1115; baseline 0 -20"><span class='ocrx_word' id='word_1_34' title='bbox 381 1032 538 1097; x_wconf 89' lang='lat' dir='ltr'>Romanis</span> <span class='ocrx_word' id='word_1_35' title='bbox 556 1031 695 1095; x_wconf 82' lang='lat' dir='ltr'>solemne</span> <span class='ocrx_word' id='word_1_36' title='bbox 711 1032 787 1094; x_wconf 92' lang='lat' dir='ltr'>viris</span> <span class='ocrx_word' id='word_1_37' title='bbox 803 1053 898 1115; x_wconf 86' lang='lat' dir='ltr'>opus,</span> <span class='ocrx_word' id='word_1_38' title='bbox 914 1031 993 1095; x_wconf 92' lang='lat' dir='ltr'>utile</span> <span class='ocrx_word' id='word_1_39' title='bbox 1009 1031 1103 1095; x_wconf 83' lang='lat' dir='ltr'>famae</span> 
     </span>
    </p>

    <p class='ocr_par' dir='ltr' id='par_1_4' title="bbox 316 1133 1233 1624">
     <span class='ocr_line' id='line_1_8' title="bbox 316 1133 1233 1216; baseline -0.001 -19"><span class='ocrx_word' id='word_1_40' title='bbox 316 1135 359 1198; x_wconf 84' lang='lat'>50</span> <span class='ocrx_word' id='word_1_41' title='bbox 381 1133 534 1216; x_wconf 87' lang='lat' dir='ltr'>Vitaeque</span> <span class='ocrx_word' id='word_1_42' title='bbox 549 1143 582 1196; x_wconf 91' lang='lat' dir='ltr'>et</span> <span class='ocrx_word' id='word_1_43' title='bbox 597 1133 767 1206; x_wconf 89' lang='lat' dir='ltr'>membris;</span> <span class='ocrx_word' id='word_1_44' title='bbox 791 1134 972 1216; x_wconf 78' lang='lat' dir='ltr'>praesertim</span> <span class='ocrx_word' id='word_1_45' title='bbox 988 1155 1062 1198; x_wconf 90' lang='lat' dir='ltr'>cum</span> <span class='ocrx_word' id='word_1_46' title='bbox 1076 1133 1184 1197; x_wconf 85' lang='lat' dir='ltr'>valeas</span> <span class='ocrx_word' id='word_1_47' title='bbox 1199 1145 1233 1197; x_wconf 93' lang='lat' dir='ltr'>et</span> 
     </span>
     <span class='ocr_line' id='line_1_9' title="bbox 382 1234 1191 1320; baseline -0.004 -20"><span class='ocrx_word' id='word_1_48' title='bbox 382 1235 446 1300; x_wconf 92' lang='lat' dir='ltr'>Vel</span> <span class='ocrx_word' id='word_1_49' title='bbox 461 1257 558 1300; x_wconf 90' lang='lat' dir='ltr'>cursu</span> <span class='ocrx_word' id='word_1_50' title='bbox 573 1256 728 1320; x_wconf 88' lang='lat' dir='ltr'>superare</span> <span class='ocrx_word' id='word_1_51' title='bbox 744 1257 856 1299; x_wconf 90' lang='lat' dir='ltr'>canem</span> <span class='ocrx_word' id='word_1_52' title='bbox 871 1235 922 1299; x_wconf 90' lang='lat' dir='ltr'>vel</span> <span class='ocrx_word' id='word_1_53' title='bbox 936 1234 1060 1300; x_wconf 87' lang='lat' dir='ltr'>viribus</span> <span class='ocrx_word' id='word_1_54' title='bbox 1075 1256 1191 1320; x_wconf 90' lang='lat' dir='ltr'>aprum</span> 
     </span>
     <span class='ocr_line' id='line_1_10' title="bbox 382 1337 1158 1421; baseline -0.004 -19"><span class='ocrx_word' id='word_1_55' title='bbox 382 1338 513 1417; x_wconf 80' lang='lat' dir='ltr'>Possis3</span> <span class='ocrx_word' id='word_1_56' title='bbox 537 1337 634 1414; x_wconf 88' lang='lat' dir='ltr'>adde,</span> <span class='ocrx_word' id='word_1_57' title='bbox 650 1337 754 1400; x_wconf 89' lang='lat' dir='ltr'>virilia</span> <span class='ocrx_word' id='word_1_58' title='bbox 769 1337 858 1421; x_wconf 90' lang='lat' dir='ltr'>quod</span> <span class='ocrx_word' id='word_1_59' title='bbox 874 1337 1053 1420; x_wconf 81' lang='lat' dir='ltr'>speciosius</span> <span class='ocrx_word' id='word_1_60' title='bbox 1069 1357 1158 1400; x_wconf 90' lang='lat' dir='ltr'>arma</span> 
     </span>
     <span class='ocr_line' id='line_1_11' title="bbox 380 1437 1213 1525; baseline -0.002 -22"><span class='ocrx_word' id='word_1_61' title='bbox 380 1439 461 1503; x_wconf 94' lang='lat' dir='ltr'>Non</span> <span class='ocrx_word' id='word_1_62' title='bbox 475 1452 526 1504; x_wconf 89' lang='lat' dir='ltr'>est</span> <span class='ocrx_word' id='word_1_63' title='bbox 540 1441 597 1525; x_wconf 92' lang='lat' dir='ltr'>qui</span> <span class='ocrx_word' id='word_1_64' title='bbox 611 1449 729 1504; x_wconf 87' lang='lat' dir='ltr'>tractet</span> <span class='ocrx_word' id='word_1_65' title='bbox 745 1437 832 1520; x_wconf 88' lang='lat' dir='ltr'>(scis,</span> <span class='ocrx_word' id='word_1_66' title='bbox 848 1461 914 1523; x_wconf 93' lang='lat' dir='ltr'>quo</span> <span class='ocrx_word' id='word_1_67' title='bbox 930 1438 1068 1503; x_wconf 89' lang='lat' dir='ltr'>clamore</span> <span class='ocrx_word' id='word_1_68' title='bbox 1084 1460 1213 1503; x_wconf 83' lang='lat' dir='ltr'>coronae</span> 
     </span>
     <span class='ocr_line' id='line_1_12' title="bbox 382 1541 1220 1624; baseline -0.002 -20"><span class='ocrx_word' id='word_1_69' title='bbox 382 1541 505 1605; x_wconf 92' lang='lat' dir='ltr'>Proelia</span> <span class='ocrx_word' id='word_1_70' title='bbox 520 1542 680 1606; x_wconf 88' lang='lat' dir='ltr'>sustineas</span> <span class='ocrx_word' id='word_1_71' title='bbox 696 1541 923 1624; x_wconf 84' lang='lat' dir='ltr'>campestria);</span> <span class='ocrx_word' id='word_1_72' title='bbox 947 1541 1088 1624; x_wconf 92' lang='lat' dir='ltr'>denique</span> <span class='ocrx_word' id='word_1_73' title='bbox 1103 1563 1220 1604; x_wconf 75' lang='lat' dir='ltr'>saevam</span> 
     </span>
    </p>

    <p class='ocr_par' dir='ltr' id='par_1_5' title="bbox 319 1641 1231 2131">
     <span class='ocr_line' id='line_1_13' title="bbox 319 1641 1118 1727; baseline -0.004 -19"><span class='ocrx_word' id='word_1_74' title='bbox 319 1644 362 1708; x_wconf 77' lang='lat'>55</span> <span class='ocrx_word' id='word_1_75' title='bbox 383 1643 535 1706; x_wconf 80' lang='lat' dir='ltr'>Militiam</span> <span class='ocrx_word' id='word_1_76' title='bbox 549 1663 631 1727; x_wconf 89' lang='lat' dir='ltr'>puer</span> <span class='ocrx_word' id='word_1_77' title='bbox 645 1652 678 1706; x_wconf 89' lang='lat' dir='ltr'>et</span> <span class='ocrx_word' id='word_1_78' title='bbox 693 1641 890 1706; x_wconf 87' lang='lat' dir='ltr'>Cantabrica</span> <span class='ocrx_word' id='word_1_79' title='bbox 904 1642 990 1706; x_wconf 91' lang='lat' dir='ltr'>bella</span> <span class='ocrx_word' id='word_1_80' title='bbox 1005 1643 1118 1719; x_wconf 89' lang='lat' dir='ltr'>tulisti,</span> 
     </span>
     <span class='ocr_line' id='line_1_14' title="bbox 382 1743 1227 1830; baseline -0.001 -22"><span class='ocrx_word' id='word_1_81' title='bbox 382 1746 453 1809; x_wconf 89' lang='lat' dir='ltr'>Sub</span> <span class='ocrx_word' id='word_1_82' title='bbox 468 1746 563 1821; x_wconf 87' lang='lat' dir='ltr'>duce,</span> <span class='ocrx_word' id='word_1_83' title='bbox 581 1745 636 1827; x_wconf 94' lang='lat' dir='ltr'>qui</span> <span class='ocrx_word' id='word_1_84' title='bbox 652 1743 780 1828; x_wconf 89' lang='lat' dir='ltr'>templis</span> <span class='ocrx_word' id='word_1_85' title='bbox 797 1743 995 1807; x_wconf 84' lang='lat' dir='ltr'>Parthorum</span> <span class='ocrx_word' id='word_1_86' title='bbox 1011 1745 1103 1830; x_wconf 88' lang='lat' dir='ltr'>signa</span> <span class='ocrx_word' id='word_1_87' title='bbox 1117 1743 1227 1827; x_wconf 86' lang='lat' dir='ltr'>refigit</span> 
     </span>
     <span class='ocr_line' id='line_1_15' title="bbox 383 1844 1225 1929; baseline -0.002 -19"><span class='ocrx_word' id='word_1_88' title='bbox 383 1847 495 1924; x_wconf 89' lang='lat' dir='ltr'>Nunc,</span> <span class='ocrx_word' id='word_1_89' title='bbox 511 1856 555 1922; x_wconf 91' lang='lat' dir='ltr'>et,</span> <span class='ocrx_word' id='word_1_90' title='bbox 573 1846 693 1929; x_wconf 91' lang='lat' dir='ltr'>siquid</span> <span class='ocrx_word' id='word_1_91' title='bbox 709 1847 814 1923; x_wconf 85' lang='lat' dir='ltr'>abest,</span> <span class='ocrx_word' id='word_1_92' title='bbox 830 1844 920 1909; x_wconf 89' lang='lat' dir='ltr'>Italis</span> <span class='ocrx_word' id='word_1_93' title='bbox 935 1845 1104 1929; x_wconf 89' lang='lat' dir='ltr'>adjudicat</span> <span class='ocrx_word' id='word_1_94' title='bbox 1118 1845 1225 1908; x_wconf 89' lang='lat' dir='ltr'>armis.</span> 
     </span>
     <span class='ocr_line' id='line_1_16' title="bbox 382 1946 1157 2030; baseline -0.004 -19"><span class='ocrx_word' id='word_1_95' title='bbox 382 1946 434 2012; x_wconf 89' lang='lat' dir='ltr'>Ac</span> <span class='ocrx_word' id='word_1_96' title='bbox 451 1947 503 2030; x_wconf 89' lang='lat' dir='ltr'>(ne</span> <span class='ocrx_word' id='word_1_97' title='bbox 518 1959 550 2013; x_wconf 85' lang='lat' dir='ltr'>tc</span> <span class='ocrx_word' id='word_1_98' title='bbox 565 1947 712 2012; x_wconf 84' lang='lat' dir='ltr'>retrahas</span> <span class='ocrx_word' id='word_1_99' title='bbox 728 1959 762 2012; x_wconf 90' lang='lat' dir='ltr'>ct</span> <span class='ocrx_word' id='word_1_100' title='bbox 776 1947 1007 2012; x_wconf 82' lang='lat' dir='ltr'>inexcusabilis</span> <span class='ocrx_word' id='word_1_101' title='bbox 1022 1947 1157 2030; x_wconf 82' lang='lat' dir='ltr'>abates),</span> 
     </span>
     <span class='ocr_line' id='line_1_17' title="bbox 383 2049 1231 2131; baseline -0.001 -19"><span class='ocrx_word' id='word_1_102' title='bbox 383 2050 540 2122; x_wconf 84' lang='lat' dir='ltr'>Quamvis</span> <span class='ocrx_word' id='word_1_103' title='bbox 553 2050 598 2114; x_wconf 90' lang='lat' dir='ltr'>nil</span> <span class='ocrx_word' id='word_1_104' title='bbox 613 2060 707 2114; x_wconf 88' lang='lat' dir='ltr'>extra</span> <span class='ocrx_word' id='word_1_105' title='bbox 722 2071 889 2113; x_wconf 89' lang='lat' dir='ltr'>numerum</span> <span class='ocrx_word' id='word_1_106' title='bbox 905 2049 1021 2113; x_wconf 87' lang='lat' dir='ltr'>fecisse</span> <span class='ocrx_word' id='word_1_107' title='bbox 1036 2049 1231 2131; x_wconf 91' lang='lat' dir='ltr'>modumque</span> 
     </span>
    </p>

    <p class='ocr_par' dir='ltr' id='par_1_6' title="bbox 317 2151 1107 2337">
     <span class='ocr_line' id='line_1_18' title="bbox 317 2151 1089 2235; baseline -0.003 -19"><span class='ocrx_word' id='word_1_108' title='bbox 317 2153 361 2216; x_wconf 84' lang='lat'>60</span> <span class='ocrx_word' id='word_1_109' title='bbox 383 2151 499 2230; x_wconf 88' lang='lat' dir='ltr'>Curas,</span> <span class='ocrx_word' id='word_1_110' title='bbox 514 2153 678 2217; x_wconf 88' lang='lat' dir='ltr'>interdum</span> <span class='ocrx_word' id='word_1_111' title='bbox 694 2152 826 2235; x_wconf 85' lang='lat' dir='ltr'>nugaris</span> <span class='ocrx_word' id='word_1_112' title='bbox 842 2171 917 2215; x_wconf 85' lang='lat' dir='ltr'>rure</span> <span class='ocrx_word' id='word_1_113' title='bbox 932 2163 1089 2235; x_wconf 87' lang='lat' dir='ltr'>paterno:</span> 
     </span>
     <span class='ocr_line' id='line_1_19' title="bbox 383 2253 1107 2337; baseline -0.007 -19"><span class='ocrx_word' id='word_1_114' title='bbox 383 2253 529 2320; x_wconf 90' lang='lat' dir='ltr'>Partitur</span> <span class='ocrx_word' id='word_1_115' title='bbox 543 2255 655 2320; x_wconf 83' lang='lat' dir='ltr'>lintres</span> <span class='ocrx_word' id='word_1_116' title='bbox 671 2254 857 2331; x_wconf 79' lang='lat' dir='ltr'>exercitus3</span> <span class='ocrx_word' id='word_1_117' title='bbox 881 2254 981 2318; x_wconf 86' lang='lat' dir='ltr'>Actia</span> <span class='ocrx_word' id='word_1_118' title='bbox 995 2274 1107 2337; x_wconf 88' lang='lat' dir='ltr'>pugna</span> 
     </span>
    </p>
   </div>
   <div class='ocr_carea' id='block_1_3' title="bbox 297 2421 1453 2819">
    <p class='ocr_par' dir='ltr' id='par_1_7' title="bbox 297 2421 1451 2488">
     <span class='ocr_line' id='line_1_20' title="bbox 297 2421 1451 2488; baseline -0.002 -15"><span class='ocrx_word' id='word_1_119' title='bbox 297 2421 453 2474; x_wconf 80' lang='lat' dir='ltr'>severioribus</span> <span class='ocrx_word' id='word_1_120' title='bbox 463 2423 542 2488; x_wconf 84' lang='lat' dir='ltr'>(operi</span> <span class='ocrx_word' id='word_1_121' title='bbox 552 2423 654 2488; x_wconf 88' lang='lat' dir='ltr'>rustico)</span> <span class='ocrx_word' id='word_1_122' title='bbox 664 2423 777 2484; x_wconf 84' lang='lat' dir='ltr'>adsueto;</span> <span class='ocrx_word' id='word_1_123' title='bbox 796 2422 858 2487; x_wconf 87' lang='lat' dir='ltr'>apud</span> <span class='ocrx_word' id='word_1_124' title='bbox 892 2423 1034 2470; x_wconf 77' lang='lat' dir='ltr'>Parthorum</span> <span class='ocrx_word' id='word_1_125' title='bbox 1053 2422 1120 2483; x_wconf 80' lang='lat' dir='ltr'>siguo</span> <span class='ocrx_word' id='word_1_126' title='bbox 1135 2421 1213 2486; x_wconf 75' lang='lat' dir='ltr'>refigit</span> <span class='ocrx_word' id='word_1_127' title='bbox 1231 2421 1317 2470; x_wconf 80' lang='lat' dir='ltr'>Naso.-</span> <span class='ocrx_word' id='word_1_128' title='bbox 1333 2437 1362 2469; x_wconf 88' lang='lat' dir='ltr'>su</span> <span class='ocrx_word' id='word_1_129' title='bbox 1381 2421 1451 2471; x_wconf 87' lang='lat' dir='ltr'>.0d.</span> 
     </span>
    </p>

    <p class='ocr_par' dir='ltr' id='par_1_8' title="bbox 298 2484 1452 2552">
     <span class='ocr_line' id='line_1_21' title="bbox 298 2484 1452 2552; baseline -0.005 -14"><span class='ocrx_word' id='word_1_130' title='bbox 298 2487 435 2538; x_wconf 88' lang='lat' dir='ltr'>Lucretium</span> <span class='ocrx_word' id='word_1_131' title='bbox 454 2503 549 2552; x_wconf 84' lang='lat' dir='ltr'>quoque</span> <span class='ocrx_word' id='word_1_132' title='bbox 567 2489 676 2546; x_wconf 85' lang='lat' dir='ltr'>v,1356,</span> <span class='ocrx_word' id='word_1_133' title='bbox 692 2487 803 2552; x_wconf 76' lang='lat' dir='ltr'>agricolas</span> <span class='ocrx_word' id='word_1_134' title='bbox 821 2485 858 2535; x_wconf 89' lang='lat' dir='ltr'>di·</span> <span class='ocrx_word' id='word_1_135' title='bbox 890 2484 923 2543; x_wconf 84' lang='lat' dir='ltr'>iv,</span> <span class='ocrx_word' id='word_1_136' title='bbox 936 2488 975 2543; x_wconf 81' lang='lat'>15,</span> <span class='ocrx_word' id='word_1_137' title='bbox 984 2487 1009 2542; x_wconf 84' lang='lat'>6,</span> <span class='ocrx_word' id='word_1_138' title='bbox 1020 2484 1052 2534; x_wconf 83' lang='lat' dir='ltr'>Et</span> <span class='ocrx_word' id='word_1_139' title='bbox 1062 2487 1130 2549; x_wconf 79' lang='lat' dir='ltr'>tigna</span> <span class='ocrx_word' id='word_1_140' title='bbox 1139 2493 1215 2533; x_wconf 79' lang='lat' dir='ltr'>nostro</span> <span class='ocrx_word' id='word_1_141' title='bbox 1224 2487 1350 2549; x_wconf 84' lang='lat' dir='ltr'>restituit(</span> <span class='ocrx_word' id='word_1_142' title='bbox 1377 2501 1452 2549; x_wconf 77' lang='lat' dir='ltr'>ugus·</span> 
     </span>
    </p>

    <p class='ocr_par' dir='ltr' id='par_1_9' title="bbox 298 2547 1453 2681">
     <span class='ocr_line' id='line_1_22' title="bbox 298 2547 1453 2614; baseline -0.001 -14"><span class='ocrx_word' id='word_1_143' title='bbox 298 2561 385 2601; x_wconf 86' lang='lat' dir='ltr'>cuntur</span> <span class='ocrx_word' id='word_1_144' title='bbox 394 2555 474 2600; x_wconf 82' lang='lat' dir='ltr'>seueri.</span> <span class='ocrx_word' id='word_1_145' title='bbox 890 2550 943 2614; x_wconf 84' lang='lat' dir='ltr'>tus)</span> <span class='ocrx_word' id='word_1_146' title='bbox 969 2551 1030 2608; x_wconf 83' lang='lat' dir='ltr'>Jooi,</span> <span class='ocrx_word' id='word_1_147' title='bbox 1053 2547 1154 2613; x_wconf 72' lang='lat' dir='ltr'>Dempta</span> <span class='ocrx_word' id='word_1_148' title='bbox 1184 2549 1323 2598; x_wconf 75' lang='lat' dir='ltr'>Parthorum</span> <span class='ocrx_word' id='word_1_149' title='bbox 1350 2551 1453 2613; x_wconf 76' lang='lat' dir='ltr'>superbis</span> 
     </span>
     <span class='ocr_line' id='line_1_23' title="bbox 331 2614 1008 2681; baseline 0 -18"><span class='ocrx_word' id='word_1_150' title='bbox 331 2618 371 2665; x_wconf 78' lang='grc'>46.</span> <span class='ocrx_word' id='word_1_151' title='bbox 389 2616 481 2670; x_wconf 75' lang='lat' dir='ltr'>AEtolis,</span> <span class='ocrx_word' id='word_1_152' title='bbox 499 2614 620 2681; x_wconf 85' lang='lat' dir='ltr'>epitheton</span> <span class='ocrx_word' id='word_1_153' title='bbox 636 2632 732 2673; x_wconf 88' lang='lat' dir='ltr'>ornans,</span> <span class='ocrx_word' id='word_1_154' title='bbox 749 2626 858 2681; x_wconf 86' lang='lat' dir='ltr'>respectu</span> <span class='ocrx_word' id='word_1_155' title='bbox 892 2618 1008 2663; x_wconf 80' lang='lat' dir='ltr'>Postibus.</span> 
     </span>
    </p>

    <p class='ocr_par' dir='ltr' id='par_1_10' title="bbox 298 2678 1452 2753">
     <span class='ocr_line' id='line_1_24' title="bbox 298 2678 1452 2753; baseline -0.001 -25"><span class='ocrx_word' id='word_1_156' title='bbox 298 2678 380 2729; x_wconf 89' lang='lat' dir='ltr'>habito</span> <span class='ocrx_word' id='word_1_157' title='bbox 398 2680 521 2743; x_wconf 80' lang='lat' dir='ltr'>Meleagri,</span> <span class='ocrx_word' id='word_1_158' title='bbox 532 2680 592 2743; x_wconf 85' lang='lat' dir='ltr'>regis</span> <span class='ocrx_word' id='word_1_159' title='bbox 611 2680 718 2736; x_wconf 80' lang='lat' dir='ltr'>AEtolire,</span> <span class='ocrx_word' id='word_1_160' title='bbox 731 2696 802 2753; x_wconf 89' lang='lat' dir='ltr'>quem</span> <span class='ocrx_word' id='word_1_161' title='bbox 820 2680 857 2727; x_wconf 92' lang='lat' dir='ltr'>in·</span> <span class='ocrx_word' id='word_1_162' title='bbox 922 2680 962 2728; x_wconf 85' lang='grc'>57.</span> <span class='ocrx_word' id='word_1_163' title='bbox 988 2680 1086 2742; x_wconf 79' lang='lat' dir='ltr'>Siquid</span> <span class='ocrx_word' id='word_1_164' title='bbox 1106 2680 1175 2735; x_wconf 68' lang='lat' dir='ltr'>nbat,</span> <span class='ocrx_word' id='word_1_165' title='bbox 1191 2678 1211 2726; x_wconf 86' lang='lat' dir='ltr'>si</span> <span class='ocrx_word' id='word_1_166' title='bbox 1231 2694 1279 2742; x_wconf 89' lang='lat' dir='ltr'>qna</span> <span class='ocrx_word' id='word_1_167' title='bbox 1298 2686 1361 2727; x_wconf 84' lang='lat' dir='ltr'>terra</span> <span class='ocrx_word' id='word_1_168' title='bbox 1378 2687 1452 2727; x_wconf 83' lang='lat' dir='ltr'>restat</span> 
     </span>
    </p>

    <p class='ocr_par' dir='ltr' id='par_1_11' title="bbox 298 2741 1452 2819">
     <span class='ocr_line' id='line_1_25' title="bbox 298 2741 1452 2819; baseline -0.002 -26"><span class='ocrx_word' id='word_1_169' title='bbox 298 2752 392 2808; x_wconf 75' lang='lat' dir='ltr'>gentem</span> <span class='ocrx_word' id='word_1_170' title='bbox 411 2759 494 2808; x_wconf 87' lang='lat' dir='ltr'>apnrm</span> <span class='ocrx_word' id='word_1_171' title='bbox 514 2744 674 2819; x_wconf 72' lang='lat' dir='ltr'>Calydonium</span> <span class='ocrx_word' id='word_1_172' title='bbox 691 2758 782 2810; x_wconf 84' lang='lat' dir='ltr'>ceptssa</span> <span class='ocrx_word' id='word_1_173' title='bbox 801 2758 858 2793; x_wconf 92' lang='lat' dir='ltr'>con·</span> <span class='ocrx_word' id='word_1_174' title='bbox 890 2743 995 2792; x_wconf 86' lang='lat' dir='ltr'>nondum</span> <span class='ocrx_word' id='word_1_175' title='bbox 1022 2741 1106 2791; x_wconf 90' lang='lat' dir='ltr'>ditioni</span> <span class='ocrx_word' id='word_1_176' title='bbox 1141 2742 1306 2791; x_wconf 88' lang='lat' dir='ltr'>Romanorum</span> <span class='ocrx_word' id='word_1_177' title='bbox 1334 2742 1452 2808; x_wconf 80' lang='lat' dir='ltr'>subjttcta.</span> 
     </span>
    </p>
   </div>
   <div class='ocr_carea' id='block_1_4' title="bbox 298 2806 1552 2871">
    <p class='ocr_par' dir='ltr' id='par_1_12' title="bbox 298 2806 1552 2871">
     <span class='ocr_line' id='line_1_26' title="bbox 298 2806 1552 2871; baseline 0.002 -16"><span class='ocrx_word' id='word_1_178' title='bbox 298 2816 359 2857; x_wconf 83' lang='lat' dir='ltr'>stat:</span> <span class='ocrx_word' id='word_1_179' title='bbox 378 2808 451 2856; x_wconf 81' lang='lat' dir='ltr'>ovid.</span> <span class='ocrx_word' id='word_1_180' title='bbox 462 2808 523 2857; x_wconf 89' lang='lat' dir='ltr'>Met.</span> <span class='ocrx_word' id='word_1_181' title='bbox 535 2809 585 2864; x_wconf 88' lang='lat' dir='ltr'>vui,</span> <span class='ocrx_word' id='word_1_182' title='bbox 597 2809 645 2856; x_wconf 78' lang='lat'>270</span> <span class='ocrx_word' id='word_1_183' title='bbox 657 2824 710 2871; x_wconf 87' lang='lat' dir='ltr'>sqq.</span> <span class='ocrx_word' id='word_1_184' title='bbox 891 2808 1006 2857; x_wconf 86' lang='lat' dir='ltr'>Horatius</span> <span class='ocrx_word' id='word_1_185' title='bbox 1027 2807 1134 2855; x_wconf 86' lang='lat' dir='ltr'>innuisse</span> <span class='ocrx_word' id='word_1_186' title='bbox 1154 2806 1249 2855; x_wconf 85' lang='lat' dir='ltr'>videtur</span> <span class='ocrx_word' id='word_1_187' title='bbox 1271 2807 1383 2855; x_wconf 86' lang='lat' dir='ltr'>Bentleio</span> <span class='ocrx_word' id='word_1_188' title='bbox 1403 2806 1451 2855; x_wconf 82' lang='lat' dir='ltr'>Ar·</span> <span class='ocrx_word' id='word_1_189' title='bbox 1551 2843 1552 2858; x_wconf 71' lang='lat'>.</span> 
     </span>
    </p>
   </div>
   <div class='ocr_carea' id='block_1_5' title="bbox 294 2871 1452 4488">
    <p class='ocr_par' dir='ltr' id='par_1_13' title="bbox 297 2871 1452 3260">
     <span class='ocr_line' id='line_1_27' title="bbox 330 2871 1452 2936; baseline -0.001 -16"><span class='ocrx_word' id='word_1_190' title='bbox 330 2874 371 2920; x_wconf 82' lang='lat'>47.</span> <span class='ocrx_word' id='word_1_191' title='bbox 389 2872 421 2920; x_wconf 86' lang='lat' dir='ltr'>Et</span> <span class='ocrx_word' id='word_1_192' title='bbox 438 2874 566 2921; x_wconf 75' lang='lat' dir='ltr'>inhumana</span> <span class='ocrx_word' id='word_1_193' title='bbox 577 2876 664 2921; x_wconf 83' lang='lat' dir='ltr'>senium</span> <span class='ocrx_word' id='word_1_194' title='bbox 675 2876 759 2935; x_wconf 76' lang='lat' dir='ltr'>depone</span> <span class='ocrx_word' id='word_1_195' title='bbox 771 2873 858 2921; x_wconf 77' lang='lat' dir='ltr'>Como-</span> <span class='ocrx_word' id='word_1_196' title='bbox 891 2871 1003 2928; x_wconf 85' lang='lat' dir='ltr'>menium,</span> <span class='ocrx_word' id='word_1_197' title='bbox 1014 2871 1097 2920; x_wconf 83' lang='lat' dir='ltr'>eodem</span> <span class='ocrx_word' id='word_1_198' title='bbox 1109 2888 1180 2926; x_wconf 90' lang='lat' dir='ltr'>anno,</span> <span class='ocrx_word' id='word_1_199' title='bbox 1190 2888 1239 2936; x_wconf 93' lang='lat' dir='ltr'>quo</span> <span class='ocrx_word' id='word_1_200' title='bbox 1249 2872 1317 2935; x_wconf 84' lang='lat' dir='ltr'>signa</span> <span class='ocrx_word' id='word_1_201' title='bbox 1328 2886 1343 2918; x_wconf 87' lang='lat' dir='ltr'>a</span> <span class='ocrx_word' id='word_1_202' title='bbox 1356 2872 1452 2919; x_wconf 79' lang='lat' dir='ltr'>Parthis</span> 
     </span>
     <span class='ocr_line' id='line_1_28' title="bbox 297 2936 1451 3003; baseline -0.003 -19"><span class='ocrx_word' id='word_1_203' title='bbox 297 2954 340 2993; x_wconf 80' lang='lat' dir='ltr'>no,</span> <span class='ocrx_word' id='word_1_204' title='bbox 360 2944 384 2985; x_wconf 86' lang='lat' dir='ltr'>et</span> <span class='ocrx_word' id='word_1_205' title='bbox 404 2937 494 3003; x_wconf 88' lang='lat' dir='ltr'>depone</span> <span class='ocrx_word' id='word_1_206' title='bbox 511 2937 677 2992; x_wconf 85' lang='lat' dir='ltr'>momsitatem.</span> <span class='ocrx_word' id='word_1_207' title='bbox 696 2952 745 3000; x_wconf 89' lang='lat' dir='ltr'>qua</span> <span class='ocrx_word' id='word_1_208' title='bbox 761 2938 860 2986; x_wconf 84' lang='lat' dir='ltr'>versans</span> <span class='ocrx_word' id='word_1_209' title='bbox 892 2945 988 3002; x_wconf 85' lang='lat' dir='ltr'>recepta</span> <span class='ocrx_word' id='word_1_210' title='bbox 1016 2946 1081 2994; x_wconf 89' lang='lat' dir='ltr'>sunt,</span> <span class='ocrx_word' id='word_1_211' title='bbox 1111 2944 1272 3002; x_wconf 81' lang='lat' dir='ltr'>expugnatam</span> <span class='ocrx_word' id='word_1_212' title='bbox 1302 2950 1326 2983; x_wconf 86' lang='lat' dir='ltr'>a.</span> <span class='ocrx_word' id='word_1_213' title='bbox 1357 2937 1391 2985; x_wconf 89' lang='lat' dir='ltr'>U.</span> <span class='ocrx_word' id='word_1_214' title='bbox 1420 2936 1451 2984; x_wconf 89' lang='lat' dir='ltr'>C.</span> 
     </span>
     <span class='ocr_line' id='line_1_29' title="bbox 298 3000 1452 3063; baseline -0.001 -15"><span class='ocrx_word' id='word_1_215' title='bbox 298 3000 324 3048; x_wconf 92' lang='lat' dir='ltr'>in</span> <span class='ocrx_word' id='word_1_216' title='bbox 344 3000 428 3051; x_wconf 86' lang='lat' dir='ltr'>studiis</span> <span class='ocrx_word' id='word_1_217' title='bbox 440 3016 454 3049; x_wconf 90' lang='lat' dir='ltr'>a</span> <span class='ocrx_word' id='word_1_218' title='bbox 466 3000 577 3050; x_wconf 88' lang='lat' dir='ltr'>comitate</span> <span class='ocrx_word' id='word_1_219' title='bbox 593 3010 618 3049; x_wconf 87' lang='lat' dir='ltr'>et</span> <span class='ocrx_word' id='word_1_220' title='bbox 633 3000 746 3050; x_wconf 85' lang='lat' dir='ltr'>facilitate</span> <span class='ocrx_word' id='word_1_221' title='bbox 764 3000 859 3049; x_wconf 88' lang='lat' dir='ltr'>alienis.</span> <span class='ocrx_word' id='word_1_222' title='bbox 892 3017 1035 3049; x_wconf 81' lang='lat' dir='ltr'>nccxxxrv.</span> <span class='ocrx_word' id='word_1_223' title='bbox 1045 3001 1112 3049; x_wconf 75' lang='lat' dir='ltr'>ltalia</span> <span class='ocrx_word' id='word_1_224' title='bbox 1120 3004 1240 3063; x_wconf 79' lang='lat' dir='ltr'>adjudicat</span> <span class='ocrx_word' id='word_1_225' title='bbox 1249 3002 1452 3055; x_wconf 62' lang='lat' dir='ltr'>omniaomnia</span> 
     </span>
     <span class='ocr_line' id='line_1_30' title="bbox 299 3062 1448 3131; baseline 0 -18"><span class='ocrx_word' id='word_1_226' title='bbox 299 3066 401 3122; x_wconf 76' lang='lat' dir='ltr'>Serrium,</span> <span class='ocrx_word' id='word_1_227' title='bbox 414 3065 444 3115; x_wconf 89' lang='lat' dir='ltr'>de</span> <span class='ocrx_word' id='word_1_228' title='bbox 455 3065 523 3115; x_wconf 86' lang='lat' dir='ltr'>senili</span> <span class='ocrx_word' id='word_1_229' title='bbox 536 3066 680 3123; x_wconf 78' lang='lat' dir='ltr'>morositate,</span> <span class='ocrx_word' id='word_1_230' title='bbox 693 3073 717 3114; x_wconf 84' lang='lat' dir='ltr'>et</span> <span class='ocrx_word' id='word_1_231' title='bbox 728 3065 812 3114; x_wconf 84' lang='lat' dir='ltr'>tetrica</span> <span class='ocrx_word' id='word_1_232' title='bbox 821 3081 859 3113; x_wconf 89' lang='lat' dir='ltr'>se·</span> <span class='ocrx_word' id='word_1_233' title='bbox 892 3065 915 3112; x_wconf 85' lang='lat' dir='ltr'>vi</span> <span class='ocrx_word' id='word_1_234' title='bbox 932 3080 1012 3131; x_wconf 84' lang='lat' dir='ltr'>parere</span> <span class='ocrx_word' id='word_1_235' title='bbox 1021 3064 1092 3129; x_wconf 89' lang='lat' dir='ltr'>jubet</span> <span class='ocrx_word' id='word_1_236' title='bbox 1101 3065 1202 3128; x_wconf 74' lang='lat' dir='ltr'>(ltalia)</span> <span class='ocrx_word' id='word_1_237' title='bbox 1216 3065 1329 3112; x_wconf 85' lang='lat' dir='ltr'>Romano</span> <span class='ocrx_word' id='word_1_238' title='bbox 1343 3062 1448 3129; x_wconf 79' lang='lat' dir='ltr'>imperio,</span> 
     </span>
     <span class='ocr_line' id='line_1_31' title="bbox 298 3128 1449 3197; baseline -0.002 -20"><span class='ocrx_word' id='word_1_239' title='bbox 298 3130 406 3186; x_wconf 83' lang='lat' dir='ltr'>veritate,</span> <span class='ocrx_word' id='word_1_240' title='bbox 429 3138 455 3178; x_wconf 88' lang='lat' dir='ltr'>ut</span> <span class='ocrx_word' id='word_1_241' title='bbox 478 3133 545 3178; x_wconf 78' lang='lat' dir='ltr'>triste</span> <span class='ocrx_word' id='word_1_242' title='bbox 566 3134 654 3178; x_wconf 73' lang='lat' dir='ltr'>tertiam</span> <span class='ocrx_word' id='word_1_243' title='bbox 679 3146 767 3178; x_wconf 80' lang='lat' dir='ltr'>morum</span> <span class='ocrx_word' id='word_1_244' title='bbox 795 3128 858 3197; x_wconf 85' lang='lat' dir='ltr'>apud</span> <span class='ocrx_word' id='word_1_245' title='bbox 891 3130 929 3178; x_wconf 87' lang='lat' dir='ltr'>vel</span> <span class='ocrx_word' id='word_1_246' title='bbox 942 3130 1118 3194; x_wconf 83' lang='lat' dir='ltr'>parere(ltatis</span> <span class='ocrx_word' id='word_1_247' title='bbox 1134 3130 1220 3191; x_wconf 79' lang='lat' dir='ltr'>amis)</span> <span class='ocrx_word' id='word_1_248' title='bbox 1233 3128 1341 3177; x_wconf 82' lang='lat' dir='ltr'>Rotnani</span> <span class='ocrx_word' id='word_1_249' title='bbox 1357 3128 1449 3193; x_wconf 82' lang='lat' dir='ltr'>imperii</span> 
     </span>
     <span class='ocr_line' id='line_1_32' title="bbox 300 3194 1013 3260; baseline -0.001 -18"><span class='ocrx_word' id='word_1_250' title='bbox 300 3196 384 3245; x_wconf 79' lang='lat' dir='ltr'>Senes.</span> <span class='ocrx_word' id='word_1_251' title='bbox 398 3194 497 3260; x_wconf 89' lang='lat' dir='ltr'>Hippol.</span> <span class='ocrx_word' id='word_1_252' title='bbox 509 3212 533 3242; x_wconf 84' lang='lat' dir='ltr'>v.</span> <span class='ocrx_word' id='word_1_253' title='bbox 544 3194 601 3242; x_wconf 83' lang='lat'>917.</span> <span class='ocrx_word' id='word_1_254' title='bbox 892 3194 1013 3257; x_wconf 73' lang='lat' dir='ltr'>potentis.</span> 
     </span>
    </p>

    <p class='ocr_par' dir='ltr' id='par_1_14' title="bbox 298 3256 1451 3515">
     <span class='ocr_line' id='line_1_33' title="bbox 331 3256 1450 3316; baseline -0.004 -9"><span class='ocrx_word' id='word_1_255' title='bbox 331 3261 370 3307; x_wconf 77' lang='lat' dir='ltr'>ta.</span> <span class='ocrx_word' id='word_1_256' title='bbox 384 3260 515 3316; x_wconf 72' lang='lat' dir='ltr'>Primatum,</span> <span class='ocrx_word' id='word_1_257' title='bbox 526 3274 555 3306; x_wconf 84' lang='lat' dir='ltr'>ex</span> <span class='ocrx_word' id='word_1_258' title='bbox 566 3273 637 3308; x_wconf 82' lang='lat' dir='ltr'>carne</span> <span class='ocrx_word' id='word_1_259' title='bbox 648 3258 723 3308; x_wconf 80' lang='lat' dir='ltr'>terina</span> <span class='ocrx_word' id='word_1_260' title='bbox 732 3259 857 3307; x_wconf 85' lang='lat' dir='ltr'>conlecta:</span> <span class='ocrx_word' id='word_1_261' title='bbox 923 3260 983 3307; x_wconf 77' lang='lat' dir='ltr'>ta-</span> <span class='ocrx_word' id='word_1_262' title='bbox 989 3258 1029 3305; x_wconf 88' lang='grc'>60.</span> <span class='ocrx_word' id='word_1_263' title='bbox 1048 3256 1084 3303; x_wconf 85' lang='lat' dir='ltr'>Nt</span> <span class='ocrx_word' id='word_1_264' title='bbox 1102 3266 1124 3303; x_wconf 81' lang='lat' dir='ltr'>tc</span> <span class='ocrx_word' id='word_1_265' title='bbox 1140 3258 1253 3311; x_wconf 76' lang='lat' dir='ltr'>retrahas,</span> <span class='ocrx_word' id='word_1_266' title='bbox 1271 3264 1329 3305; x_wconf 79' lang='lat' dir='ltr'>cett.</span> <span class='ocrx_word' id='word_1_267' title='bbox 1362 3258 1450 3303; x_wconf 81' lang='lat' dir='ltr'>Sensus</span> 
     </span>
     <span class='ocr_line' id='line_1_34' title="bbox 298 3318 1448 3433; baseline -0.002 -63"><span class='ocrx_word' id='word_1_268' title='bbox 298 3322 328 3370; x_wconf 89' lang='lat' dir='ltr'>cl.</span> <span class='ocrx_word' id='word_1_269' title='bbox 341 3338 394 3433; x_wconf 64' lang='lat' dir='ltr'>sup.</span> <span class='ocrx_word' id='word_1_270' title='bbox 406 3322 436 3370; x_wconf 91' lang='lat' dir='ltr'>ad</span> <span class='ocrx_word' id='word_1_271' title='bbox 454 3326 505 3370; x_wconf 88' lang='lat' dir='ltr'>Sat.</span> <span class='ocrx_word' id='word_1_272' title='bbox 516 3321 542 3377; x_wconf 91' lang='lat' dir='ltr'>ii,</span> <span class='ocrx_word' id='word_1_273' title='bbox 555 3324 579 3378; x_wconf 81' lang='lat'>2,</span> <span class='ocrx_word' id='word_1_274' title='bbox 597 3324 637 3371; x_wconf 81' lang='lat'>³4.</span> <span class='ocrx_word' id='word_1_275' title='bbox 672 3323 749 3380; x_wconf 79' lang='lat' dir='ltr'>Eorta,</span> <span class='ocrx_word' id='word_1_276' title='bbox 762 3332 857 3388; x_wconf 86' lang='lat' dir='ltr'>parata:</span> <span class='ocrx_word' id='word_1_277' title='bbox 892 3322 965 3387; x_wconf 89' lang='lat' dir='ltr'>hujus</span> <span class='ocrx_word' id='word_1_278' title='bbox 981 3321 1036 3380; x_wconf 91' lang='lat' dir='ltr'>loci,</span> <span class='ocrx_word' id='word_1_279' title='bbox 1053 3328 1081 3368; x_wconf 90' lang='lat' dir='ltr'>ut</span> <span class='ocrx_word' id='word_1_280' title='bbox 1095 3320 1153 3368; x_wconf 90' lang='lat' dir='ltr'>mihi</span> <span class='ocrx_word' id='word_1_281' title='bbox 1169 3320 1269 3378; x_wconf 85' lang='lat' dir='ltr'>videtur,</span> <span class='ocrx_word' id='word_1_282' title='bbox 1286 3329 1323 3368; x_wconf 87' lang='lat' dir='ltr'>est</span> <span class='ocrx_word' id='word_1_283' title='bbox 1338 3318 1395 3369; x_wconf 88' lang='lat' dir='ltr'>hic:</span> <span class='ocrx_word' id='word_1_284' title='bbox 1413 3334 1448 3376; x_wconf 81' lang='lat' dir='ltr'>sc,</span> 
     </span>
     <span class='ocr_line' id='line_1_35' title="bbox 298 3384 1451 3451; baseline -0.001 -18"><span class='ocrx_word' id='word_1_285' title='bbox 298 3402 353 3451; x_wconf 90' lang='lat' dir='ltr'>sup.</span> <span class='ocrx_word' id='word_1_286' title='bbox 387 3386 442 3451; x_wconf 86' lang='lat' dir='ltr'>pist.</span> <span class='ocrx_word' id='word_1_287' title='bbox 455 3386 471 3443; x_wconf 91' lang='lat' dir='ltr'>i,</span> <span class='ocrx_word' id='word_1_288' title='bbox 482 3388 507 3442; x_wconf 81' lang='lat'>2,</span> <span class='ocrx_word' id='word_1_289' title='bbox 521 3390 561 3441; x_wconf 82' lang='lat'>55,</span> <span class='ocrx_word' id='word_1_290' title='bbox 571 3387 656 3448; x_wconf 79' lang='lat' dir='ltr'>Speras</span> <span class='ocrx_word' id='word_1_291' title='bbox 667 3390 805 3450; x_wconf 80' lang='lat' dir='ltr'>voluptates:</span> <span class='ocrx_word' id='word_1_292' title='bbox 818 3404 858 3435; x_wconf 87' lang='lat' dir='ltr'>uo·</span> <span class='ocrx_word' id='word_1_293' title='bbox 891 3401 922 3435; x_wconf 84' lang='lat' dir='ltr'>ne</span> <span class='ocrx_word' id='word_1_294' title='bbox 941 3397 964 3435; x_wconf 89' lang='lat' dir='ltr'>te</span> <span class='ocrx_word' id='word_1_295' title='bbox 979 3400 994 3434; x_wconf 89' lang='lat' dir='ltr'>a</span> <span class='ocrx_word' id='word_1_296' title='bbox 1009 3384 1135 3434; x_wconf 85' lang='lat' dir='ltr'>venatione</span> <span class='ocrx_word' id='word_1_297' title='bbox 1152 3400 1208 3433; x_wconf 90' lang='lat' dir='ltr'>cum</span> <span class='ocrx_word' id='word_1_298' title='bbox 1226 3384 1358 3449; x_wconf 84' lang='lat' dir='ltr'>potentiore</span> <span class='ocrx_word' id='word_1_299' title='bbox 1376 3384 1451 3432; x_wconf 84' lang='lat' dir='ltr'>amico</span> 
     </span>
     <span class='ocr_line' id='line_1_36' title="bbox 299 3448 1449 3515; baseline -0.002 -18"><span class='ocrx_word' id='word_1_300' title='bbox 299 3462 333 3498; x_wconf 80' lang='lat' dir='ltr'>cet</span> <span class='ocrx_word' id='word_1_301' title='bbox 344 3460 403 3499; x_wconf 81' lang='lat' dir='ltr'>emto</span> <span class='ocrx_word' id='word_1_302' title='bbox 415 3452 490 3498; x_wconf 81' lang='lat' dir='ltr'>dolore</span> <span class='ocrx_word' id='word_1_303' title='bbox 501 3452 615 3512; x_wconf 81' lang='lat' dir='ltr'>uoluptas.</span> <span class='ocrx_word' id='word_1_304' title='bbox 891 3451 985 3499; x_wconf 88' lang='lat' dir='ltr'>retineri</span> <span class='ocrx_word' id='word_1_305' title='bbox 996 3448 1100 3515; x_wconf 86' lang='lat' dir='ltr'>patiaris,</span> <span class='ocrx_word' id='word_1_306' title='bbox 1109 3448 1239 3505; x_wconf 80' lang='lat' dir='ltr'>erratione,</span> <span class='ocrx_word' id='word_1_307' title='bbox 1248 3464 1303 3513; x_wconf 74' lang='lat' dir='ltr'>qun</span> <span class='ocrx_word' id='word_1_308' title='bbox 1313 3448 1449 3511; x_wconf 87' lang='lat' dir='ltr'>neutiquam</span> 
     </span>
    </p>

    <p class='ocr_par' dir='ltr' id='par_1_15' title="bbox 331 3512 1449 3577">
     <span class='ocr_line' id='line_1_37' title="bbox 331 3512 1449 3577; baseline 0 -17"><span class='ocrx_word' id='word_1_309' title='bbox 331 3515 372 3562; x_wconf 80' lang='lat' dir='ltr'>ts.</span> <span class='ocrx_word' id='word_1_310' title='bbox 391 3515 462 3577; x_wconf 75' lang='lat' dir='ltr'>Opus,</span> <span class='ocrx_word' id='word_1_311' title='bbox 475 3530 509 3564; x_wconf 91' lang='lat' dir='ltr'>sc.</span> <span class='ocrx_word' id='word_1_312' title='bbox 523 3514 612 3572; x_wconf 86' lang='lat' dir='ltr'>venari,</span> <span class='ocrx_word' id='word_1_313' title='bbox 624 3514 728 3564; x_wconf 86' lang='lat' dir='ltr'>venatio.</span> <span class='ocrx_word' id='word_1_314' title='bbox 891 3522 915 3563; x_wconf 85' lang='lat' dir='ltr'>te</span> <span class='ocrx_word' id='word_1_315' title='bbox 932 3522 1038 3571; x_wconf 85' lang='lat' dir='ltr'>excuset,</span> <span class='ocrx_word' id='word_1_316' title='bbox 1052 3513 1164 3562; x_wconf 86' lang='lat' dir='ltr'>inductus</span> <span class='ocrx_word' id='word_1_317' title='bbox 1178 3515 1210 3560; x_wconf 90' lang='lat' dir='ltr'>ab</span> <span class='ocrx_word' id='word_1_318' title='bbox 1225 3529 1254 3561; x_wconf 83' lang='lat' dir='ltr'>aa</span> <span class='ocrx_word' id='word_1_319' title='bbox 1271 3512 1345 3570; x_wconf 83' lang='lat' dir='ltr'>absis,</span> <span class='ocrx_word' id='word_1_320' title='bbox 1364 3514 1449 3575; x_wconf 74' lang='lat' dir='ltr'>cogita,</span> 
     </span>
    </p>

    <p class='ocr_par' dir='ltr' id='par_1_16' title="bbox 296 3575 1452 3966">
     <span class='ocr_line' id='line_1_38' title="bbox 331 3575 1450 3690; baseline -0.001 -64"><span class='ocrx_word' id='word_1_321' title='bbox 331 3579 371 3626; x_wconf 80' lang='grc'>52.</span> <span class='ocrx_word' id='word_1_322' title='bbox 396 3581 470 3635; x_wconf 80' lang='lat' dir='ltr'>Adde,</span> <span class='ocrx_word' id='word_1_323' title='bbox 486 3582 566 3627; x_wconf 69' lang='lat' dir='ltr'>sariba</span> <span class='ocrx_word' id='word_1_324' title='bbox 586 3582 654 3642; x_wconf 86' lang='lat' dir='ltr'>quod,</span> <span class='ocrx_word' id='word_1_325' title='bbox 673 3587 729 3627; x_wconf 86' lang='lat' dir='ltr'>cett.</span> <span class='ocrx_word' id='word_1_326' title='bbox 763 3580 859 3642; x_wconf 81' lang='lat' dir='ltr'>Juuget</span> <span class='ocrx_word' id='word_1_327' title='bbox 892 3594 984 3690; x_wconf 77' lang='lat' dir='ltr'>quaeso,</span> <span class='ocrx_word' id='word_1_328' title='bbox 1003 3586 1026 3626; x_wconf 92' lang='lat' dir='ltr'>te</span> <span class='ocrx_word' id='word_1_329' title='bbox 1044 3576 1132 3642; x_wconf 89' lang='lat' dir='ltr'>ipsum,</span> <span class='ocrx_word' id='word_1_330' title='bbox 1152 3575 1262 3642; x_wconf 84' lang='lat' dir='ltr'>quamvis</span> <span class='ocrx_word' id='word_1_331' title='bbox 1283 3578 1314 3625; x_wconf 88' lang='lat' dir='ltr'>ab</span> <span class='ocrx_word' id='word_1_332' title='bbox 1335 3593 1365 3625; x_wconf 85' lang='lat' dir='ltr'>eo</span> <span class='ocrx_word' id='word_1_333' title='bbox 1387 3576 1450 3641; x_wconf 89' lang='lat' dir='ltr'>quod</span> 
     </span>
     <span class='ocr_line' id='line_1_39' title="bbox 298 3644 861 3707; baseline 0.004 -18"><span class='ocrx_word' id='word_1_334' title='bbox 298 3644 366 3700; x_wconf 81' lang='lat' dir='ltr'>adds,</span> <span class='ocrx_word' id='word_1_335' title='bbox 378 3646 437 3705; x_wconf 88' lang='lat' dir='ltr'>quod</span> <span class='ocrx_word' id='word_1_336' title='bbox 448 3662 494 3692; x_wconf 84' lang='lat' dir='ltr'>uon</span> <span class='ocrx_word' id='word_1_337' title='bbox 511 3656 542 3693; x_wconf 83' lang='lat' dir='ltr'>est</span> <span class='ocrx_word' id='word_1_338' title='bbox 558 3648 598 3707; x_wconf 81' lang='lat' dir='ltr'>qui</span> <span class='ocrx_word' id='word_1_339' title='bbox 609 3662 674 3691; x_wconf 86' lang='lat' dir='ltr'>ormo</span> <span class='ocrx_word' id='word_1_340' title='bbox 685 3644 765 3691; x_wconf 82' lang='lat' dir='ltr'>virilia</span> <span class='ocrx_word' id='word_1_341' title='bbox 778 3654 861 3692; x_wconf 81' lang='lat' dir='ltr'>tractet</span> 
     </span>
     <span class='ocr_line' id='line_1_40' title="bbox 297 3706 1450 3772; baseline -0.002 -17"><span class='ocrx_word' id='word_1_342' title='bbox 297 3710 424 3769; x_wconf 78' lang='lat' dir='ltr'>speciosius,</span> <span class='ocrx_word' id='word_1_343' title='bbox 446 3724 479 3757; x_wconf 90' lang='lat' dir='ltr'>sc.</span> <span class='ocrx_word' id='word_1_344' title='bbox 497 3718 538 3767; x_wconf 89' lang='lat' dir='ltr'>te;</span> <span class='ocrx_word' id='word_1_345' title='bbox 563 3709 682 3772; x_wconf 84' lang='lat' dir='ltr'>eleganter</span> <span class='ocrx_word' id='word_1_346' title='bbox 700 3715 779 3755; x_wconf 88' lang='lat' dir='ltr'>autem</span> <span class='ocrx_word' id='word_1_347' title='bbox 796 3707 858 3756; x_wconf 85' lang='lat' dir='ltr'>dixit</span> <span class='ocrx_word' id='word_1_348' title='bbox 889 3722 1060 3771; x_wconf 86' lang='lat' dir='ltr'>nonnunquam</span> <span class='ocrx_word' id='word_1_349' title='bbox 1070 3706 1163 3755; x_wconf 88' lang='lat' dir='ltr'>ludicra</span> <span class='ocrx_word' id='word_1_350' title='bbox 1171 3722 1224 3754; x_wconf 82' lang='lat' dir='ltr'>rure</span> <span class='ocrx_word' id='word_1_351' title='bbox 1234 3714 1332 3771; x_wconf 85' lang='lat' dir='ltr'>paterno</span> <span class='ocrx_word' id='word_1_352' title='bbox 1340 3714 1450 3753; x_wconf 79' lang='lat' dir='ltr'>tractare.</span> 
     </span>
     <span class='ocr_line' id='line_1_41' title="bbox 296 3770 1449 3839; baseline 0 -21"><span class='ocrx_word' id='word_1_353' title='bbox 296 3774 424 3833; x_wconf 76' lang='lat' dir='ltr'>speciosius,</span> <span class='ocrx_word' id='word_1_354' title='bbox 436 3774 494 3837; x_wconf 89' lang='lat' dir='ltr'>quia</span> <span class='ocrx_word' id='word_1_355' title='bbox 505 3772 606 3839; x_wconf 80' lang='lat' dir='ltr'>species,</span> <span class='ocrx_word' id='word_1_356' title='bbox 615 3780 700 3827; x_wconf 84' lang='lat' dir='ltr'>status,</span> <span class='ocrx_word' id='word_1_357' title='bbox 711 3786 757 3826; x_wconf 83' lang='lat' dir='ltr'>ars,</span> <span class='ocrx_word' id='word_1_358' title='bbox 765 3780 789 3820; x_wconf 85' lang='lat' dir='ltr'>et</span> <span class='ocrx_word' id='word_1_359' title='bbox 797 3770 855 3820; x_wconf 85' lang='lat' dir='ltr'>dex·</span> <span class='ocrx_word' id='word_1_360' title='bbox 888 3772 917 3819; x_wconf 79' lang='lat' dir='ltr'>Se</span> <span class='ocrx_word' id='word_1_361' title='bbox 933 3773 1058 3827; x_wconf 78' lang='lat' dir='ltr'>retrahere,</span> <span class='ocrx_word' id='word_1_362' title='bbox 1075 3787 1124 3819; x_wconf 87' lang='lat' dir='ltr'>rem</span> <span class='ocrx_word' id='word_1_363' title='bbox 1141 3771 1247 3835; x_wconf 87' lang='lat' dir='ltr'>aliquam</span> <span class='ocrx_word' id='word_1_364' title='bbox 1263 3784 1317 3818; x_wconf 86' lang='lat' dir='ltr'>ase</span> <span class='ocrx_word' id='word_1_365' title='bbox 1336 3778 1449 3825; x_wconf 75' lang='lat' dir='ltr'>evenere,</span> 
     </span>
     <span class='ocr_line' id='line_1_42' title="bbox 298 3833 1451 3902; baseline -0.003 -18"><span class='ocrx_word' id='word_1_366' title='bbox 298 3836 378 3885; x_wconf 80' lang='lat' dir='ltr'>teritus</span> <span class='ocrx_word' id='word_1_367' title='bbox 389 3852 505 3886; x_wconf 86' lang='lat' dir='ltr'>annorum</span> <span class='ocrx_word' id='word_1_368' title='bbox 518 3836 693 3886; x_wconf 83' lang='lat' dir='ltr'>tractandorum</span> <span class='ocrx_word' id='word_1_369' title='bbox 709 3836 736 3882; x_wconf 93' lang='lat' dir='ltr'>in</span> <span class='ocrx_word' id='word_1_370' title='bbox 747 3845 857 3902; x_wconf 85' lang='lat' dir='ltr'>spectan-</span> <span class='ocrx_word' id='word_1_371' title='bbox 889 3834 923 3884; x_wconf 87' lang='lat' dir='ltr'>rei</span> <span class='ocrx_word' id='word_1_372' title='bbox 941 3836 1014 3884; x_wconf 86' lang='lat' dir='ltr'>alicui</span> <span class='ocrx_word' id='word_1_373' title='bbox 1031 3848 1057 3883; x_wconf 85' lang='lat' dir='ltr'>sc</span> <span class='ocrx_word' id='word_1_374' title='bbox 1075 3834 1216 3892; x_wconf 87' lang='lat' dir='ltr'>subducere,</span> <span class='ocrx_word' id='word_1_375' title='bbox 1235 3850 1260 3883; x_wconf 88' lang='lat' dir='ltr'>re</span> <span class='ocrx_word' id='word_1_376' title='bbox 1278 3834 1361 3899; x_wconf 81' lang='lat' dir='ltr'>aliqua</span> <span class='ocrx_word' id='word_1_377' title='bbox 1378 3833 1451 3881; x_wconf 86' lang='lat' dir='ltr'>absti-</span> 
     </span>
     <span class='ocr_line' id='line_1_43' title="bbox 298 3898 1452 3966; baseline -0.003 -18"><span class='ocrx_word' id='word_1_378' title='bbox 298 3900 357 3949; x_wconf 91' lang='lat' dir='ltr'>tium</span> <span class='ocrx_word' id='word_1_379' title='bbox 369 3901 451 3950; x_wconf 90' lang='lat' dir='ltr'>oculos</span> <span class='ocrx_word' id='word_1_380' title='bbox 462 3901 569 3950; x_wconf 85' lang='lat' dir='ltr'>incurrit.</span> <span class='ocrx_word' id='word_1_381' title='bbox 891 3915 955 3957; x_wconf 87' lang='lat' dir='ltr'>nere,</span> <span class='ocrx_word' id='word_1_382' title='bbox 973 3900 1045 3966; x_wconf 86' lang='lat' dir='ltr'>plane</span> <span class='ocrx_word' id='word_1_383' title='bbox 1062 3908 1091 3947; x_wconf 91' lang='lat' dir='ltr'>ut</span> <span class='ocrx_word' id='word_1_384' title='bbox 1110 3915 1161 3957; x_wconf 88' lang='lat' dir='ltr'>nos,</span> <span class='ocrx_word' id='word_1_385' title='bbox 1179 3900 1226 3947; x_wconf 78' lang='lat' dir='ltr'>siclt</span> <span class='ocrx_word' id='word_1_386' title='bbox 1243 3916 1287 3946; x_wconf 79' lang='lat' dir='ltr'>oon</span> <span class='ocrx_word' id='word_1_387' title='bbox 1302 3903 1367 3946; x_wconf 64' lang='lat' dir='ltr'>muer</span> <span class='ocrx_word' id='word_1_388' title='bbox 1381 3898 1452 3945; x_wconf 69' lang='lat' dir='ltr'>Saone</span> 
     </span>
    </p>

    <p class='ocr_par' dir='ltr' id='par_1_17' title="bbox 297 3962 1452 4158">
     <span class='ocr_line' id='line_1_44' title="bbox 330 3962 1452 4030; baseline -0.004 -16"><span class='ocrx_word' id='word_1_389' title='bbox 330 3966 370 4014; x_wconf 80' lang='grc'>53.</span> <span class='ocrx_word' id='word_1_390' title='bbox 399 3966 450 4019; x_wconf 80' lang='lat' dir='ltr'>Quo</span> <span class='ocrx_word' id='word_1_391' title='bbox 476 3968 581 4021; x_wconf 72' lang='lat' dir='ltr'>ammosa,</span> <span class='ocrx_word' id='word_1_392' title='bbox 604 3980 653 4030; x_wconf 89' lang='lat' dir='ltr'>qua</span> <span class='ocrx_word' id='word_1_393' title='bbox 678 3964 858 4021; x_wconf 75' lang='lat' dir='ltr'>acclamatione,</span> <span class='ocrx_word' id='word_1_394' title='bbox 891 3965 1069 4013; x_wconf 65' lang='lat' dir='ltr'>aurichalcha:</span> <span class='ocrx_word' id='word_1_395' title='bbox 1095 3964 1255 4019; x_wconf 68' lang='lat' dir='ltr'>Catullus,</span> <span class='ocrx_word' id='word_1_396' title='bbox 1272 3962 1375 4019; x_wconf 53' lang='lat' dir='ltr'>&amp;Idem</span> <span class='ocrx_word' id='word_1_397' title='bbox 1389 3979 1452 4010; x_wconf 79' lang='lat' dir='ltr'>ausc</span> 
     </span>
     <span class='ocr_line' id='line_1_45' title="bbox 298 4029 1031 4095; baseline -0.001 -18"><span class='ocrx_word' id='word_1_398' title='bbox 298 4044 345 4093; x_wconf 91' lang='lat' dir='ltr'>quo</span> <span class='ocrx_word' id='word_1_399' title='bbox 364 4029 490 4095; x_wconf 87' lang='lat' dir='ltr'>applausu,</span> <span class='ocrx_word' id='word_1_400' title='bbox 503 4048 596 4086; x_wconf 79' lang='lat' dir='ltr'>corona,</span> <span class='ocrx_word' id='word_1_401' title='bbox 612 4044 647 4078; x_wconf 89' lang='lat' dir='ltr'>sc.</span> <span class='ocrx_word' id='word_1_402' title='bbox 658 4038 817 4094; x_wconf 87' lang='lat' dir='ltr'>spectatomm</span> <span class='ocrx_word' id='word_1_403' title='bbox 836 4039 860 4079; x_wconf 84' lang='lat' dir='ltr'>ta</span> <span class='ocrx_word' id='word_1_404' title='bbox 891 4031 990 4077; x_wconf 73' lang='lat' dir='ltr'>retrahis</span> <span class='ocrx_word' id='word_1_405' title='bbox 1001 4039 1031 4076; x_wconf 81' lang='lat' dir='ltr'>te.</span> 
     </span>
     <span class='ocr_line' id='line_1_46' title="bbox 297 4088 1452 4158; baseline -0.003 -17"><span class='ocrx_word' id='word_1_406' title='bbox 297 4094 453 4158; x_wconf 81' lang='lat' dir='ltr'>cingentium.</span> <span class='ocrx_word' id='word_1_407' title='bbox 923 4096 964 4141; x_wconf 81' lang='lat'>59.</span> <span class='ocrx_word' id='word_1_408' title='bbox 984 4094 1057 4141; x_wconf 82' lang='lat' dir='ltr'>Eatro</span> <span class='ocrx_word' id='word_1_409' title='bbox 1068 4108 1187 4140; x_wconf 75' lang='lat' dir='ltr'>summm</span> <span class='ocrx_word' id='word_1_410' title='bbox 1199 4094 1341 4155; x_wconf 59' lang='lat' dir='ltr'>nodamus.</span> <span class='ocrx_word' id='word_1_411' title='bbox 1364 4088 1452 4138; x_wconf 79' lang='lat' dir='ltr'>Nasse-</span> 
     </span>
    </p>

    <p class='ocr_par' dir='ltr' id='par_1_18' title="bbox 294 4154 1452 4415">
     <span class='ocr_line' id='line_1_47' title="bbox 329 4154 1452 4223; baseline -0.004 -16"><span class='ocrx_word' id='word_1_412' title='bbox 329 4160 370 4207; x_wconf 76' lang='lat'>54.</span> <span class='ocrx_word' id='word_1_413' title='bbox 390 4159 539 4223; x_wconf 80' lang='lat' dir='ltr'>campestria,</span> <span class='ocrx_word' id='word_1_414' title='bbox 552 4158 728 4207; x_wconf 84' lang='lat' dir='ltr'>exercitationis</span> <span class='ocrx_word' id='word_1_415' title='bbox 745 4173 819 4207; x_wconf 88' lang='lat' dir='ltr'>causa</span> <span class='ocrx_word' id='word_1_416' title='bbox 834 4160 858 4207; x_wconf 91' lang='lat' dir='ltr'>in</span> <span class='ocrx_word' id='word_1_417' title='bbox 890 4174 931 4206; x_wconf 81' lang='lat' dir='ltr'>rm</span> <span class='ocrx_word' id='word_1_418' title='bbox 940 4168 961 4206; x_wconf 82' lang='lat' dir='ltr'>et</span> <span class='ocrx_word' id='word_1_419' title='bbox 971 4161 1050 4205; x_wconf 71' lang='lat' dir='ltr'>modste</span> <span class='ocrx_word' id='word_1_420' title='bbox 1059 4165 1115 4205; x_wconf 89' lang='lat' dir='ltr'>sunt</span> <span class='ocrx_word' id='word_1_421' title='bbox 1125 4157 1217 4223; x_wconf 84' lang='lat' dir='ltr'>proprie</span> <span class='ocrx_word' id='word_1_422' title='bbox 1224 4154 1349 4221; x_wconf 82' lang='lat' dir='ltr'>rhythmus</span> <span class='ocrx_word' id='word_1_423' title='bbox 1359 4162 1384 4203; x_wconf 89' lang='lat' dir='ltr'>et</span> <span class='ocrx_word' id='word_1_424' title='bbox 1394 4154 1452 4203; x_wconf 79' lang='lat' dir='ltr'>certi</span> 
     </span>
     <span class='ocr_line' id='line_1_48' title="bbox 298 4219 1452 4288; baseline -0.003 -17"><span class='ocrx_word' id='word_1_425' title='bbox 298 4222 392 4288; x_wconf 90' lang='lat' dir='ltr'>Campo</span> <span class='ocrx_word' id='word_1_426' title='bbox 413 4223 503 4273; x_wconf 87' lang='lat' dir='ltr'>Martio</span> <span class='ocrx_word' id='word_1_427' title='bbox 523 4232 638 4288; x_wconf 85' lang='lat' dir='ltr'>pugnata.</span> <span class='ocrx_word' id='word_1_428' title='bbox 679 4224 741 4272; x_wconf 77' lang='lat' dir='ltr'>Sava</span> <span class='ocrx_word' id='word_1_429' title='bbox 763 4225 858 4278; x_wconf 80' lang='lat' dir='ltr'>militia,</span> <span class='ocrx_word' id='word_1_430' title='bbox 891 4223 973 4287; x_wconf 85' lang='lat' dir='ltr'>pedes,</span> <span class='ocrx_word' id='word_1_431' title='bbox 996 4221 1085 4286; x_wconf 90' lang='lat' dir='ltr'>quibus</span> <span class='ocrx_word' id='word_1_432' title='bbox 1105 4237 1186 4270; x_wconf 81' lang='lat' dir='ltr'>versus</span> <span class='ocrx_word' id='word_1_433' title='bbox 1207 4219 1452 4285; x_wconf 64' lang='lat' dir='ltr'>compositarum</span> 
     </span>
     <span class='ocr_line' id='line_1_49' title="bbox 294 4282 1452 4361; baseline -0.004 -26"><span class='ocrx_word' id='word_1_434' title='bbox 294 4286 345 4351; x_wconf 80' lang='lat' dir='ltr'>J&#39;am</span> <span class='ocrx_word' id='word_1_435' title='bbox 358 4288 485 4361; x_wconf 88' lang='lat' dir='ltr'>opponitur</span> <span class='ocrx_word' id='word_1_436' title='bbox 496 4287 626 4336; x_wconf 85' lang='lat' dir='ltr'>incruentis</span> <span class='ocrx_word' id='word_1_437' title='bbox 635 4288 660 4335; x_wconf 89' lang='lat' dir='ltr'>in</span> <span class='ocrx_word' id='word_1_438' title='bbox 669 4288 762 4353; x_wconf 90' lang='lat' dir='ltr'>Campo</span> <span class='ocrx_word' id='word_1_439' title='bbox 770 4286 859 4336; x_wconf 82' lang='lat' dir='ltr'>exerci-</span> <span class='ocrx_word' id='word_1_440' title='bbox 892 4303 1012 4334; x_wconf 75' lang='lat' dir='ltr'>assuerum</span> <span class='ocrx_word' id='word_1_441' title='bbox 1032 4289 1174 4349; x_wconf 73' lang='lat' dir='ltr'>modumqooe,</span> <span class='ocrx_word' id='word_1_442' title='bbox 1196 4294 1265 4333; x_wconf 84' lang='lat' dir='ltr'>extra</span> <span class='ocrx_word' id='word_1_443' title='bbox 1294 4298 1400 4331; x_wconf 88' lang='lat' dir='ltr'>normam</span> <span class='ocrx_word' id='word_1_444' title='bbox 1420 4282 1452 4331; x_wconf 78' lang='lat' dir='ltr'>ad</span> 
     </span>
     <span class='ocr_line' id='line_1_50' title="bbox 296 4346 1451 4415; baseline -0.003 -17"><span class='ocrx_word' id='word_1_445' title='bbox 296 4351 434 4401; x_wconf 87' lang='lat' dir='ltr'>tatiom&#39;ous.</span> <span class='ocrx_word' id='word_1_446' title='bbox 905 4366 961 4398; x_wconf 90' lang='lat' dir='ltr'>uam</span> <span class='ocrx_word' id='word_1_447' title='bbox 973 4350 1065 4415; x_wconf 90' lang='lat' dir='ltr'>aliquid</span> <span class='ocrx_word' id='word_1_448' title='bbox 1075 4349 1138 4414; x_wconf 80' lang='lat' dir='ltr'>exigi</span> <span class='ocrx_word' id='word_1_449' title='bbox 1150 4350 1233 4408; x_wconf 63' lang='lat' dir='ltr'>debon</span> <span class='ocrx_word' id='word_1_450' title='bbox 1250 4357 1276 4397; x_wconf 86' lang='lat' dir='ltr'>et</span> <span class='ocrx_word' id='word_1_451' title='bbox 1292 4349 1318 4395; x_wconf 92' lang='lat' dir='ltr'>in</span> <span class='ocrx_word' id='word_1_452' title='bbox 1334 4347 1380 4395; x_wconf 86' lang='lat' dir='ltr'>hoc</span> <span class='ocrx_word' id='word_1_453' title='bbox 1394 4346 1451 4410; x_wconf 89' lang='lat' dir='ltr'>qui-</span> 
     </span>
    </p>

    <p class='ocr_par' dir='ltr' id='par_1_19' title="bbox 329 4367 1452 4488">
     <span class='ocr_line' id='line_1_51' title="bbox 329 4367 1452 4488; baseline -0.005 -24"><span class='ocrx_word' id='word_1_454' title='bbox 329 4419 370 4465; x_wconf 79' lang='lat'>55.</span> <span class='ocrx_word' id='word_1_455' title='bbox 389 4417 528 4465; x_wconf 77' lang='lat' dir='ltr'>Casrtobsico</span> <span class='ocrx_word' id='word_1_456' title='bbox 548 4418 621 4463; x_wconf 78' lang='lat' dir='ltr'>betta.-</span> <span class='ocrx_word' id='word_1_457' title='bbox 643 4414 692 4465; x_wconf 86' lang='lat' dir='ltr'>vid.</span> <span class='ocrx_word' id='word_1_458' title='bbox 704 4414 735 4464; x_wconf 86' lang='lat' dir='ltr'>ad</span> <span class='ocrx_word' id='word_1_459' title='bbox 750 4416 827 4480; x_wconf 85' lang='lat' dir='ltr'>Epist.</span> <span class='ocrx_word' id='word_1_460' title='bbox 839 4415 856 4473; x_wconf 87' lang='lat' dir='ltr'>i,</span> <span class='ocrx_word' id='word_1_461' title='bbox 888 4367 1016 4472; x_wconf 75' lang='lat' dir='ltr'>damloco,</span> <span class='ocrx_word' id='word_1_462' title='bbox 1030 4414 1245 4488; x_wconf 79' lang='lat' dir='ltr'>pruterdecorum,</span> <span class='ocrx_word' id='word_1_463' title='bbox 1274 4420 1383 4460; x_wconf 77' lang='lat' dir='ltr'>ratores</span> <span class='ocrx_word' id='word_1_464' title='bbox 1396 4425 1452 4475; x_wconf 70' lang='lat' dir='ltr'>qua</span> 
     </span>
    </p>
   </div>
   <div class='ocr_carea' id='block_1_6' title="bbox 909 3640 1552 3710">
    <p class='ocr_par' dir='ltr' id='par_1_20' title="bbox 909 3640 1552 3710">
     <span class='ocr_line' id='line_1_52' title="bbox 909 3640 1552 3710; baseline -0.002 -19"><span class='ocrx_word' id='word_1_465' title='bbox 909 3652 962 3691; x_wconf 88' lang='lat' dir='ltr'>ecet</span> <span class='ocrx_word' id='word_1_466' title='bbox 977 3650 1001 3691; x_wconf 87' lang='lat' dir='ltr'>et</span> <span class='ocrx_word' id='word_1_467' title='bbox 1018 3650 1108 3691; x_wconf 85' lang='lat' dir='ltr'>rectum</span> <span class='ocrx_word' id='word_1_468' title='bbox 1124 3650 1161 3691; x_wconf 90' lang='lat' dir='ltr'>est</span> <span class='ocrx_word' id='word_1_469' title='bbox 1179 3640 1244 3698; x_wconf 88' lang='lat' dir='ltr'>haud</span> <span class='ocrx_word' id='word_1_470' title='bbox 1258 3641 1329 3690; x_wconf 79' lang='lat' dir='ltr'>facile</span> <span class='ocrx_word' id='word_1_471' title='bbox 1345 3640 1450 3697; x_wconf 66' lang='lat' dir='ltr'>racadu,</span> <span class='ocrx_word' id='word_1_472' title='bbox 1551 3701 1552 3710; x_wconf 11' lang='grc' dir='ltr'>ἵ</span> 
     </span>
    </p>
   </div>
   <div class='ocr_carea' id='block_1_7' title="bbox 298 4477 1552 4537">
    <p class='ocr_par' dir='ltr' id='par_1_21' title="bbox 298 4477 1552 4537">
     <span class='ocr_line' id='line_1_53' title="bbox 298 4477 1552 4537; baseline -0.011 -2"><span class='ocrx_word' id='word_1_473' title='bbox 298 4482 338 4534; x_wconf 75' lang='lat'>12.</span> <span class='ocrx_word' id='word_1_474' title='bbox 350 4482 391 4529; x_wconf 77' lang='lat'>26·</span> <span class='ocrx_word' id='word_1_475' title='bbox 889 4480 983 4537; x_wconf 87' lang='lat' dir='ltr'>decent,</span> <span class='ocrx_word' id='word_1_476' title='bbox 992 4479 1066 4528; x_wconf 83' lang='lat' dir='ltr'>ettrbi</span> <span class='ocrx_word' id='word_1_477' title='bbox 1074 4479 1228 4529; x_wconf 83' lang='lat' dir='ltr'>conveniunt.</span> <span class='ocrx_word' id='word_1_478' title='bbox 1266 4477 1451 4531; x_wconf 73' lang='lat' dir='ltr'>uisse-Caras,</span> <span class='ocrx_word' id='word_1_479' title='bbox 1551 4505 1552 4508; x_wconf 56' lang='lat'><em>=</em></span> 
     </span>
    </p>
   </div>
   <div class='ocr_carea' id='block_1_8' title="bbox 329 4544 1049 4608">
    <p class='ocr_par' dir='ltr' id='par_1_22' title="bbox 329 4544 1049 4608">
     <span class='ocr_line' id='line_1_54' title="bbox 329 4544 1049 4608; baseline 0 -16"><span class='ocrx_word' id='word_1_480' title='bbox 329 4545 369 4592; x_wconf 79' lang='lat'>56.</span> <span class='ocrx_word' id='word_1_481' title='bbox 400 4544 446 4592; x_wconf 84' lang='lat' dir='ltr'>Sub</span> <span class='ocrx_word' id='word_1_482' title='bbox 469 4547 534 4601; x_wconf 70' lang='lat' dir='ltr'>dirce,</span> <span class='ocrx_word' id='word_1_483' title='bbox 560 4546 677 4608; x_wconf 82' lang='lat' dir='ltr'>Augusto,</span> <span class='ocrx_word' id='word_1_484' title='bbox 706 4547 745 4605; x_wconf 79' lang='lat' dir='ltr'>qui</span> <span class='ocrx_word' id='word_1_485' title='bbox 769 4547 859 4606; x_wconf 79' lang='lat' dir='ltr'>templis</span> <span class='ocrx_word' id='word_1_486' title='bbox 890 4544 967 4593; x_wconf 86' lang='lat' dir='ltr'>iacere</span> <span class='ocrx_word' id='word_1_487' title='bbox 979 4544 1049 4592; x_wconf 88' lang='lat' dir='ltr'>soles.</span> 
     </span>
    </p>
   </div>
   <div class='ocr_carea' id='block_1_9' title="bbox 0 0 1581 5200">
    <p class='ocr_par' dir='ltr' id='par_1_23' title="bbox 0 0 1581 5200">
     <span class='ocr_line' id='line_1_55' title="bbox 0 0 1581 5200; baseline 0 0"><span class='ocrx_word' id='word_1_488' title='bbox 0 0 1581 5200; x_wconf 95' lang='lat' dir='ltr'> </span> 
     </span>
    </p>
   </div>
  </div>
 </body>
</html>
