3150 5200
707 345 1004 413 CARMINUM

658 699 863 767 CARMEN
887 700 1056 766 xxviii.

736 911 977 961 euchirius,

411 1088 465 1154 ΤΕ
480 1089 577 1153 maris
592 1098 626 1153 et
640 1099 736 1153 terrae
751 1108 949 1169 numeroque
964 1086 1105 1151 carentis
1120 1108 1227 1150 arenae

453 1190 644 1255 Mensorem
660 1188 826 1263 cohibent,
841 1185 1000 1271 Archyta,

410 1292 557 1355 Pulveris
573 1292 683 1375 exigui
699 1311 801 1374 prope
815 1288 891 1351 litus
907 1311 1008 1371 parve
1022 1287 1186 1351 Matinum

457 1391 614 1455 Munera:
639 1413 698 1455 nec
713 1390 892 1473 quidquam
906 1390 966 1454 tibi
982 1389 1117 1474 prodest

358 1495 379 1556 5
411 1492 529 1558 Aerias
545 1503 687 1557 tentasse
703 1492 828 1567 domos,
843 1491 1014 1574 animoque
1030 1489 1207 1553 rotundum

457 1594 662 1658 Percurrisse
676 1592 798 1677 polum,
813 1592 980 1655 morituro.

284 1759 371 1809 amoris
386 1758 478 1823 laqueis
488 1760 518 1807 ab
528 1758 574 1807 hac
583 1758 705 1807 meretrice
718 1758 844 1805 irretitum.
874 1758 955 1806 Greci
971 1756 1098 1823 eujusdam
1115 1762 1200 1821 poete,
1212 1754 1302 1820 quibus
1319 1755 1438 1807 Horatius

285 1821 841 1872 Beneinhancsententiamatiulitciitnisch.
874 1821 992 1879 institerit,
1003 1821 1095 1885 ubique
1104 1820 1131 1868 in
1142 1819 1187 1868 hoc
1203 1820 1307 1869 carmine
1322 1836 1439 1886 expressa

285 1888 332 1952 Ep.
343 1886 417 1943 xxxii,
426 1884 529 1935 Ἀδισπ.
539 1886 564 1933 iu
573 1886 673 1933 Anthol.
684 1886 763 1935 Graec.
770 1885 840 1943 Τήν,
874 1885 1055 1934 animadvertes.

284 1967 308 2030 p.
317 1952 372 2007 124,
382 1948 489 2013 Παιδείᾳ
499 1949 669 2014 θρασὺβουλε,
682 1949 843 2013 σαγηνευθιῖς
908 1951 980 1998 1-6.
1005 1950 1087 1997 Nauta
1107 1963 1185 2011 iisque
1204 1947 1235 1995 ad
1250 1963 1275 1995 v.
1289 1948 1304 1995 7
1320 1947 1438 2012 loquitur.

286 2012 327 2063 vrr'
345 2014 357 2063 ἔ
372 2032 416 2063 ωτι
431 2012 595 2079 'Antiptiinsic⁸
607 2012 688 2077 δελφὶς
704 2014 738 2070 ὥς
752 2030 791 2071 τις
805 2012 844 2062 ἐπ’
877 2012 953 2061 Marii
962 2024 984 2061 et
995 2024 1060 2060 terre
1068 2028 1197 2068 mensorem,
1208 2021 1361 2075 geometram.
1379 2014 1437 2061 Nu-

284 2076 328 2142 αίγ
372 2079 399 2127 οὕ
417 2077 534 2143 Κύματος
551 2078 657 2142 ἱμείρων·
677 2077 804 2141 δρέπανον
820 2076 844 2127 δέ
876 2094 978 2139 meroque
997 2080 1096 2124 carentis
1113 2092 1187 2125 arene
1205 2092 1339 2123 memorem:
1359 2075 1437 2124 erith-

284 2158 323 2191 σοι
333 2140 387 2191 otti
395 2142 422 2191 τὸ
433 2140 543 2206 Περσέως
551 2144 633 2205 Ἀρκεῖ
642 2141 784 2206 ἀποτμῆξαι
793 2139 844 2190 ‹iir-
876 2141 977 2198 meticae,
1000 2156 1048 2204 qua
1069 2140 1189 2187 infinitum
1207 2154 1286 2187 arenae
1309 2155 1437 2189 numenim

284 2222 354 2317 Ιτυοέ,
364 2204 393 2317 pli
405 2204 516 2319 1δὲἑεσιιιι
525 2206 842 2318 Γἓῐ.“11ιιιο“ιῌ4.6Ει).Ῑιιιιιίἰί,
875 2204 1008 2315 spbdupere
1024 2203 1148 2259 didicerat,
1166 2202 1278 2315 perpprupih3
1305 2205 1438 2317 jgstpihbpt

285 2284 310 2317 iii
347 2287 363 2318 n
390 2285 423 2317 o.
460 2284 515 2319 riec.
549 2286 601 2325 .iii,
631 2303 637 2316 .
684 2302 690 2317 .
875 2284 932 2316 oim
969 2283 1188 2317 earenirriumero
1272 2283 1304 2314 im
1424 2286 1438 2317 r

613 2285 628 2333 p
874 2333 1009 2396 Ψαμμίτης
1038 2331 1175 2396 inscriptus.
1228 2330 1307 2379 Parce
1338 2349 1437 2381 mutim

413 2397 566 2446 CARMEN
584 2396 713 2445 XXVIII.
875 2399 953 2469 erigut
963 2398 1075 2458 pulveris,
1084 2402 1166 2443 ornate
1174 2410 1225 2459 pro,
1234 2394 1313 2459 pulvis
1323 2394 1436 2459 exiguus,

318 2457 439 2524 Archytas
477 2460 629 2517 Tarentinus,
670 2460 843 2523 Pythagoreus,
875 2475 965 2523 exigua
974 2459 1079 2524 pulveris
1088 2474 1155 2532 pars:
1172 2476 1264 2514 manus,
1273 2467 1301 2506 ut
1311 2475 1384 2523 sepe,
1395 2460 1436 2508 in·

284 2522 543 2586 protundageoinetriae
554 2522 737 2571 etastionomiai
744 2524 845 2573 scientia
876 2524 948 2572 servit
968 2523 1107 2589 periphrasi,
1125 2520 1211 2570 utini.
1232 2521 1281 2570 Od.
1298 2522 1324 2580 ii,
1349 2526 1371 2579 l,
1393 2526 1435 2573 38.

284 2585 371 2652 pariter
393 2603 421 2636 ac
443 2594 526 2642 morte,
548 2603 604 2652 qua,
625 2586 749 2650 naufragio
767 2606 841 2655 prope
875 2589 997 2637 cohihent:
1021 2586 1128 2654 apposite
1149 2593 1174 2636 et
1193 2603 1249 2636 cum
1271 2585 1365 2636 delectu
1381 2588 1435 2652 jani

285 2651 383 2714 Apuliae
394 2651 452 2700 litus
459 2651 529 2709 facto,
539 2651 636 2715 periisse
643 2650 750 2707 traditur,
760 2662 839 2712 notus,
873 2652 952 2717 pulvis
973 2652 1076 2715 exiguus
1092 2651 1131 2699 vel
1152 2653 1257 2715 spatium
1275 2652 1436 2702 arctissimum

280 2712 366 2776 jamin
378 2713 424 2763 hoc
432 2713 544 2772 cuimine,
552 2714 615 2778 quod
624 2720 700 2762 totum
707 2717 839 2774 sententie,
870 2718 980 2774 coitum,
987 2717 1012 2763 h.
1019 2731 1042 2764 e.
1051 2731 1143 2779 capere,
1153 2715 1261 2770 retinere,
1271 2729 1389 2770 coercere,
1396 2717 1436 2765 di-

283 2779 311 2824 de
321 2783 433 2828 communi
444 2782 556 2826 moriendi
566 2781 704 2835 necessitate,
712 2781 843 2830 tractandie
875 2780 938 2828 citur
948 2780 1088 2844 Archytam,
1101 2779 1170 2843 cujus
1181 2778 1275 2826 animus
1286 2779 1437 2844 amplissime

284 2839 429 2890 destinatum
437 2850 480 2898 est,
487 2858 541 2890 eum
549 2851 623 2890 nauta
631 2841 734 2907 quodam
743 2843 843 2907 loquens
874 2843 955 2902 maiia,
974 2853 1050 2899 terre,
1068 2850 1092 2892 et
1108 2842 1166 2891 eoeii
1181 2844 1259 2908 spatia
1277 2852 1348 2891 autea
1366 2859 1435 2892 eoin·

284 2903 413 2955 inducitur.
438 2906 547 2970 Fingitur
554 2921 640 2970 nempe
652 2913 723 2954 nauta
733 2907 840 2970 quidam,
891 2908 958 2956 ierus
973 2918 998 2957 et
1016 2922 1126 2956 emensus
1143 2909 1233 2955 tuerat:
1252 2906 1295 2954 inf.
1311 2906 1336 2963 ii,
1353 2908 1395 2963 20,
1408 2910 1434 2968 8,

283 2981 338 3015 cum
361 2969 421 3018 torte
443 2970 468 3018 in
486 2970 600 3035 Archytae
618 2985 711 3034 corpus,
729 2971 841 3021 fluctibus
873 2923 974 3036 h'oeSty
992 2977 1015 3020 ia
1025 2973 1140 3018 cohibebor
1151 2973 1231 3029 unda5
1248 2969 1283 3026 iii,
1290 2973 1315 3027 4,
1323 2972 1363 3028 80,
1378 2971 1434 3020 Tre-

283 3046 356 3096 prope
371 3033 428 3082 litus
446 3034 568 3082 Matinum
582 3033 692 3098 ejectum,
709 3034 840 3093 incidisset,
873 3047 941 3084 cente
985 3035 1330 3084 testamenmentum.
1364 3035 1437 3086 Litus

283 3095 439 3146 mirabundus
455 3115 510 3148 euin
523 3097 557 3146 iu
572 3099 620 3146 ieie
638 3098 757 3146 allocutus
772 3115 839 3148 esse:
874 3100 1001 3157 Matinum,
1019 3100 1049 3147 de
1067 3113 1109 3146 ora
1126 3098 1246 3147 Calnbiiae
1265 3097 1434 3158 occidentalis,

284 3159 349 3223 Ergo
365 3177 394 3208 ne
410 3170 435 3210 tu
451 3162 555 3226 quidem,
569 3161 685 3226 Archyta,
696 3171 794 3210 mortem
805 3164 841 3210 ef·
874 3179 889 3212 a
906 3163 1025 3212 calabrie
1042 3162 1200 3226 promontorio
1218 3162 1319 3212 Mutine.
1351 3165 1436 3212 Aerias

284 3222 364 3286 fugere
383 3225 489 3288 potuisti,
512 3233 536 3273 et
555 3241 628 3280 nunc,
647 3225 689 3288 qui
705 3235 775 3274 antea
796 3228 841 3274 im·
874 3238 970 3275 tentasse
981 3230 1063 3283 domos,
1074 3229 1193 3288 oiiimopite
1202 3228 1327 3273 rotundum
1334 3243 1434 3288 pereur-

284 3301 364 3334 mensa
374 3288 454 3344 maris,
464 3298 539 3343 terrie,
550 3297 574 3337 et
581 3289 638 3336 coeli
647 3289 724 3354 sputa
731 3305 842 3339 emensus
873 3294 928 3339 risse
941 3293 1029 3352 polum,
1041 3306 1083 3355 pro
1094 3289 1195 3352 vulgari,
1212 3289 1361 3339 astronomiae
1375 3307 1434 3356 ope-

282 3363 317 3405 ns,
337 3358 384 3396 tam
404 3351 519 3414 exiguum
537 3361 603 3400 terrae
621 3353 723 3416 spatium
745 3369 841 3417 corpore
873 3370 924 3403 ram
951 3353 1053 3402 dedisse.
1086 3353 1200 3415 Similiter
1219 3354 1267 3402 sere
1288 3353 1314 3401 in
1337 3355 1385 3418 Ep.
1407 3355 1433 3413 ii,

283 3415 403 3476 occupas?
419 3414 466 3464 Cui
474 3414 586 3478 Archytae
598 3417 694 3474 Manes,
705 3415 761 3464 iude
770 3431 785 3463 a
794 3418 840 3466 v.7
873 3418 998 3467 Ptolemaei
1008 3419 1072 3481 Reg.
1081 3417 1183 3465 Anthol.
1192 3418 1273 3466 Grec.
1283 3419 1313 3466 Τ.
1321 3415 1348 3474 ii,
1357 3435 1383 3483 p.
1392 3421 1434 3476 65,

284 3489 360 3539 iisque
378 3475 409 3549 ad
427 3478 539 3550 carminis
549 3479 633 3527 finem:
653 3479 709 3527 Non
720 3487 764 3537 est,
777 3480 842 3544 quod
875 3481 934 3540 ott,
953 3480 991 3530 tn
1006 3483 1097 3538 θνατὸς
1111 3480 1158 3546 ἐγὼ
1174 3482 1216 3530 rui
1231 3478 1358 3562 lpiipspoc·
1373 3483 1435 3532 ἀλλ’

283 3553 322 3611 me
341 3539 455 3588 occidisse
475 3541 579 3590 mireris:
597 3543 714 3592 'santulus
734 3559 840 3617 quoque,
873 3545 936 3595 ὅταν
945 3547 1045 3609 ἄστρων
1057 3545 1179 3595 Μαστεύω
1194 3562 1300 3604 minuc
1313 3543 1434 3612 ἅμφιὸρό-

284 3601 410 3659 Tithonus,
429 3603 520 3661 Minoi,
537 3612 562 3652 et
577 3606 727 3670 Pythagoras
745 3607 840 3658 occide·
872 3628 933 3674 μους
942 3609 1034 3668 ἕλικας,
1047 3610 1097 3659 Οὐκ
1111 3607 1142 3658 ἔτ’
1154 3608 1268 3673 imperio
1285 3612 1346 3658 ποσὶ
1358 3611 1436 3672 γαίης

283 3667 619 3738 nint,neeullusquiaquiim
633 3669 747 3718 moriendi
759 3687 840 3721 neces·
874 3682 930 3723 cett.
965 3674 1063 3723 Tentare
1077 3676 1151 3721 aerius
1165 3673 1323 3737 domos,quod
1339 3673 1435 3738 adjecta

282 3735 352 3800 sitate
370 3740 478 3779 exemtus
494 3741 544 3792 ειη
562 3731 604 3780 sed
622 3733 712 3782 diverso
730 3734 843 3783 modoet
874 3737 964 3786 locutio
978 3741 1054 3785 animo
1070 3739 1194 3785 rotonum
1207 3738 1286 3798 potorii
1298 3753 1436 3798 pereunti-e

282 3791 376 3865 pireisa
392 3801 462 3843 etate
480 3794 611 3844 moriuntur
628 3795 752 3856 homines,
777 3798 840 3847 aliur
870 3802 947 3864 magii
960 3801 1073 3866 explicat,
1081 3801 1133 3866 jain
1150 3810 1201 3850 est:
1219 3802 1311 3849 coelum
1322 3801 1360 3850 vel
1375 3804 1434 3852 eoeti

282 3857 398 3929 inbono,
411 3858 472 3906 aliur
482 3858 507 3907 iii
518 3859 585 3918 inari,
597 3861 660 3909 alius
672 3859 839 3924 injuventute,
871 3865 948 3914 sidera
963 3866 1094 3931 explorare,
1110 3863 1258 3929 perterritam,
1273 3865 1381 3924 emetiri3
1398 3867 1433 3917 sic

283 3919 346 3968 nlius
356 3920 381 3969 in
392 3931 515 3972 senectute
525 3925 594 3974 morti
603 3925 753 3974 succumbit:
771 3927 840 3990 equi·
870 3929 960 3994 passim
979 3938 1068 3977 tentare
1089 3927 1230 3992 simpliciter
1270 3944 1295 3976 ro
1315 3932 1435 3991 explorare

282 3981 775 4058 dem'neusragioperii3inhumatoigitui
783 3990 842 4039 mihi
874 3992 975 4041 dicitur:
995 3991 1231 4057 Virg.AEn.iii‚³2,
1259 3997 1332 4042 'usas
1386 3997 1434 4042 itus

281 4049 401 4110 particula
428 4058 495 4101 terrae
517 4052 606 4116 injecta
630 4053 697 4118 justa
720 4055 827 4118 persolve
834 4073 842 4115 ;
874 4068 963 4106 terrm
979 4058 1083 4116 latentes,
1100 4064 1125 4106 et
1139 4072 1195 4121 sup.
1209 4056 1227 4113 i,
1242 4059 1281 4115 ll,
1293 4059 1318 4114 ³,
1381 4061 1433 4121 yto-

282 4111 347 4185 quofi
364 4113 387 4187 si¹
399 4115 491 4170 feceris,
501 4117 631 4165 secundem
643 4126 667 4166 et
678 4127 840 4181 questuosani
871 4124 920 4169 iiior
938 4137 1041 4169 numeros
1062 4130 1158 4170 uitare.
1191 4122 1279 4185 ltaque
1297 4122 1326 4170 ri
1344 4131 1435 4172 natan

282 4184 460 4238 navigationem
478 4179 521 4228 tibi
535 4195 664 4246 apprecor3
682 4181 785 4232 etsime
797 4199 838 4231 ne·
871 4184 903 4232 ad
914 4185 1014 4250 impium
1026 4200 1120 4242 ausum,
1131 4199 1181 4248 quo
1197 4185 1326 4250 Archytas,
1338 4194 1367 4234 ut
1378 4186 1433 4251 phi-

281 4236 390 4300 glexerit,
399 4241 466 4305 justa
475 4242 549 4307 hujus
556 4245 792 4309 sceleristetuosque
798 4262 840 4296 ne·
874 4248 997 4315 losophus,
1008 4248 1034 4295 in
1046 4257 1156 4297 naturum
1165 4247 1265 4298 deorum
1273 4248 1433 4313 inquisiverit,

280 4309 348 4410 potes
363 4305 469 4354 manebit
483 4321 573 4370 poena:
602 4308 711 4380 quamvis
731 4308 838 4366 festinas„
872 4327 929 4360 cum
952 4312 992 4360 ci.
1013 4312 1114 4361 Mitseh.
1135 4311 1219 4361 reterre
1242 4313 1326 4369 nolim,
1349 4314 1435 4362 Animo

299 4379 327 4413 oc
345 4375 425 4417 tamen
441 4369 537 4442 pietatis
548 4371 638 4442 officio,
651 4369 715 4444 quod
726 4373 838 4423 brevissi·
869 4391 1002 4436 percurrere
1009 4378 1088 4436 poium
1098 4376 1189 4426 dictum
1200 4386 1245 4434 est,
1255 4385 1283 4426 ut
1295 4388 1370 4426 mente
1379 4381 1433 4426 uni·

282 4440 350 4501 muni
365 4439 476 4497 temporis
493 4441 596 4497 spatium
614 4435 696 4497 exigit,
713 4445 841 4500 antequam
872 4456 951 4502 meque
971 4456 1035 4488 omne
1056 4444 1186 4490 immensum
1209 4459 1344 4505 peragrare,
1368 4441 1434 4507 apud

282 4489 382 4542 ultenur
393 4496 500 4560 nuvigas,
510 4496 607 4560 defungi
617 4499 712 4562 poteris.
721 4501 841 4564 'Vestigia
874 4503 970 4552 Lucret.
981 4503 998 4560 i,
1011 4503 1051 4550 ta.
