3150 5200
554 359 560 364 -
606 335 770 400 11111111
797 335 888 416 11,1.

258 484 304 548 Ut
321 486 597 570 sibi·praebentem
612 489 708 550 mimo
724 486 910 570 spectacula
924 487 1035 570 plura3
1087 523 1092 532 ·

256 586 440 670 Scriptores
456 597 563 651 autem
580 610 712 654 narrare
727 599 858 672 putaret
872 587 974 652 asello

167 686 232 748 200
254 687 420 752 Fabellam
438 689 557 754 surdo:
580 712 655 752 nam
669 713 743 772 quae
759 691 947 774 pervincere
961 713 1057 754 voees

253 789 416 854 Evaluere
432 813 557 868 sonum,
574 791 719 856 referunt
733 814 830 876 quem
844 795 955 856 nostre
970 791 1119 854 theatra?

253 890 444 975 Garganum
457 894 582 976 mugire
597 904 693 978 putes
707 916 831 970 nemus,
847 905 904 957 aut
918 916 1006 957 mare
1020 893 1184 957 Tuscum:

251 992 362 1058 Tanto
376 1015 450 1058 cum
465 995 603 1078 strepitu
618 994 687 1058 ludi
702 1005 892 1078 spectantur
905 1006 939 1058 et
953 1006 1052 1072 artes,

251 1093 449 1178 Divitiaeque
463 1097 662 1179 peregrinoe3
686 1097 805 1180 quibus
821 1095 941 1160 oblitus
956 1106 1048 1160 actor

162 1195 228 1257 205
251 1193 361 1267 Quum
377 1198 467 1260 stetit
482 1197 515 1260 in
531 1219 638 1273 scena,
655 1197 819 1260 concurrit
832 1197 968 1260 dextere
982 1195 1082 1260 loevae.

249 1296 346 1360 Dixit
360 1297 468 1361 adhuc
483 1297 628 1380 aliquid?
653 1297 712 1360 Nil
727 1320 815 1361 sane.
862 1297 953 1371 Quid
968 1296 1075 1380 placet
1089 1297 1192 1380 ergol

250 1397 343 1462 Lana
358 1387 539 1463 Tarenlino
554 1398 654 1461 violas
669 1399 794 1462 imitata
809 1421 943 1462 veneno.

247 1497 299 1563 Ac
315 1521 355 1564 ne
370 1499 454 1564 forte
468 1511 564 1583 putes
579 1521 641 1576 me,
657 1521 731 1582 quae
747 1498 854 1563 faeere
869 1501 940 1584 ipse
955 1521 1113 1577 recusem,

247 1599 359 1672 Quum
373 1613 460 1664 reete
476 1611 615 1665 tractent
630 1600 694 1678 alii,
709 1599 844 1664 laudare
859 1600 1014 1684 maligne;

159 1701 224 1763 210
246 1700 304 1765 llle
320 1722 380 1785 per
394 1712 561 1766 extentum
576 1692 686 1767 funem
699 1701 779 1764 mihi
794 1723 892 1786 posse
907 1703 1036 1767 videtur

156 1877 181 1918 et
197 1872 282 1920 statuis
299 1870 354 1920 inde
369 1869 453 1918 effictis
469 1870 581 1927 nobilem,
594 1871 636 1921 sed
653 1873 715 1920 rnul-
749 1870 813 1944 apud
831 1872 946 1932 Grecos3
964 1871 1145 1921 vid.Wesse1in
1165 1872 1214 1920 .ad
1234 1873 1309 1921 Diod.

157 1942 234 1983 tanim
244 1951 319 1984 rerum
330 1935 399 1999 copia
408 1934 568 1984 abundantem
577 1936 664 2000 posuit,
673 1936 715 1993 ita,
749 1934 886 1994 sre.iv,5;
903 1937 950 1984 uisi
967 1937 1022 2000 quis
1041 1946 1109 1992 ortes,
1170 1947 1309 1985 ornamenta

157 2006 184 2046 nt
196 2014 237 2064 per
250 2003 364 2073 captivom
375 1999 535 2046 Corinthums
553 1999 716 2050 lendidissime
749 2007 799 2046 arte
817 1999 947 2055 elaborate,
965 2016 1020 2063 quer
1040 2000 1078 2048 vel
1095 2000 1120 2047 in
1136 2015 1209 2048 scena
1229 2000 1266 2048 vel
1282 2000 1309 2048 111

157 2069 181 2110 et
192 2063 359 2128 pretiosissima
369 2077 470 2126 queque
482 2016 637 2126 intelligenda
648 2065 704 2114 sint.
748 2061 835 2110 vestitu
856 2062 996 2111 histrionum
1017 2063 1206 2127 conspiciuntur,
1223 2063 1308 2112 reterre

192 2129 328 2176 rer-196.
347 2129 503 2174 Democritus:
521 2127 559 2175 hic
577 2127 715 2176 notissimus
748 2125 824 2174 malit.

157 2189 321 2256 philosophus,
333 2191 435 2240 Abdere
452 2200 531 2248 natus,
543 2206 571 2238 su
590 2192 686 2256 .Epist.
697 2193 714 2250 i,
779 2191 836 2238 204.
860 2191 999 2264 Divitiisque
1023 2193 1164 2254 peregrine:
1191 2204 1305 2253 purpura,

160 2257 198 2310 12,
223 2257 262 2309 12,
286 2264 335 2304 toto
356 2255 436 2302 animo
456 2255 491 2303 ita
512 2255 537 2302 in
560 2208 715 2321 philosophie}
747 2269 855 2315 gemme,
865 2265 1006 2316 mnrgantae,
1018 2269 1110 2309 eurum,
1119 2261 1176 2300 cett.
1206 2253 1306 2309 Oblitus,

155 2319 234 2367 studio
245 2318 335 2368 defixus
346 2319 419 2368 luisse
427 2318 522 2375 dicitur,
535 2328 563 2367 ut
573 2335 667 2369 omnem
678 2337 714 2368 re·
747 2333 798 2381 pro,
810 2319 928 2373 obtectus,
941 2318 1047 2374 indutus,
1064 2316 1164 2374 obsitus,
1176 2331 1231 2364 cum
1248 2331 1306 2364 con·

154 2397 207 2431 rum
225 2398 321 2432 mamm
338 2398 420 2432 euram
435 2399 465 2431 ex
481 2385 559 2432 animo
570 2382 713 2438 dimitteret:
747 2389 822 2430 temtu
833 2382 912 2430 nimiae
924 2381 1113 2445 magnificentie.

155 2461 193 2494 seu
212 2447 342 2504 Diversum,
360 2456 426 2505 cett„
444 2446 493 2495 sive
512 2447 636 2512 panthera,
656 2463 713 2498 con·
779 2446 837 2494 205.
856 2447 914 2494 Cum
923 2448 986 2494 sterit
997 2449 1023 2493 in
1033 2461 1109 2500 trena,
1120 2443 1221 2492 simulac
1233 2459 1307 2492 scena

155 2509 208 2558 lusa
225 2512 332 2569 camelo;
350 2511 468 2560 diversum
488 2526 503 2558 a
520 2511 643 2575 panthere,
659 2528 713 2576 pro·
746 2524 761 2556 a
778 2517 853 2573 peret.
887 2511 1011 2558 Concurrit
1030 2511 1122 2556 dextere
1139 2510 1208 2564 teve,
1224 2508 1305 2556 statim

154 2574 204 2639 pris
227 2575 262 2624 sic
290 2575 364 2631 dicta,
390 2589 473 2639 genus,
500 2576 712 2637 Comelopardalir3
746 2525 883 2637 plautinum
900 2572 1033 2639 eleganter!
1052 2571 1230 2644 manuelenim,
1248 2587 1304 2621 eum

154 2640 242 2699 (Verr.
253 2641 283 2687 L.
294 2638 327 2695 iv,
338 2642 378 2693 20,
392 2642 533 2687 Alexandria
542 2642 711 2702 cameloporrlo-
746 2637 892 2701 plaudimus,
903 2646 1048 2686 concurrunt
1057 2645 1081 2684 et
1091 2634 1245 2683 colliduntur.

154 2704 183 2749 tis
200 2721 273 2765 nuper
283 2708 392 2760 adducto,
404 2722 453 2766 pum
470 2713 520 2751 erat
527 2704 622 2767 figura,
635 2715 661 2751 ut
672 2723 710 2753 co·
777 2702 834 2749 206.
854 2703 919 2749 01111
934 2704 1010 2749 attur
1023 2702 1130 2762 aliquid?
1146 2707 1204 2747 cett.
1221 2700 1303 2763 plebe·

152 2768 232 2823 melna,
253 2770 358 2823 marolis,
381 2778 408 2814 nt
435 2770 564 2829 panthere:
586 2768 617 2815 cl.
646 2768 710 2816 Ptin.
744 2764 798 2813 cula
807 2764 898 2813 scilieet
907 2765 1007 2830 plaudit,
1017 2772 1146 2827 antequam
1154 2762 1221 2825 loqui
1229 2762 1305 2827 coepit

153 2830 186 2879 11.
201 2832 234 2880 N.
252 2830 301 2888 viii,
316 2834 359 2894 18)
379 2830 428 2879 sive
447 2831 515 2879 elhus
533 2830 630 2895 elephas
644 2832 710 2895 vulgi
744 2837 818 2885 ector,
838 2829 889 2876 solo
911 2829 1075 2893 pretiosarum,
1094 2842 1154 2891 quas
1173 2826 1215 2874 ille
1234 2828 1303 2890 gerit,
1346 2884 1349 2889 Ι

151 2894 283 2944 oculosad
303 2904 455 2945 reverteret.
488 2895 573 2943 Cicero
592 2896 609 2942 1.
631 2896 649 2943 1.
662 2896 709 2944 Er-
743 2894 845 2941 vestium
856 2892 970 2957 adspectu
982 2905 1094 2956 percussa
1103 2899 1175 2953 atque
1185 2891 1292 2962 ahrepta.

152 2966 237 3008 tremus
254 2961 425 3021 elephantorum
440 2962 487 3007 dies
494 2960 560 3023 jiiit,
573 2962 597 3006 in
609 2977 653 3022 qno
666 2964 708 3008 ad·
775 2958 833 3004 207.
850 2957 917 3003 Leno
931 2956 1065 3009 Tarentino,
1078 2962 1134 3002 cett.
1154 2963 1227 3001 vesus
1245 2969 1303 3002 con·

151 3024 245 3071 miratio
254 3027 332 3087 magni
344 3026 409 3087 uulgi
421 3032 489 3086 utque
500 3025 580 3079 tnrhae,
591 3026 711 3072 delectatio
742 3018 806 3069 lecta
822 3036 835 3068 e
855 3021 920 3077 lana,
931 3037 987 3084 qure
996 3016 1094 3067 ‘latenti
1105 3016 1180 3089 tincta
1193 3025 1231 3064 est
1246 3033 1302 3079 pur·

152 3088 219 3134 nullo
230 3090 326 3135 exstitit.
743 3100 809 3147 purae
818 3084 896 3131 colore
905 3081 1107 3147 praestantissimo.
1114 3080 1245 3129 violaceum
1254 3079 1302 3128 iere

185 3152 241 3208 197,
255 3152 309 3200 198.
325 3152 441 3213 Spectoret
451 3152 571 3212 populum,
581 3158 638 3199 cett.
660 3152 709 3200 De·
743 3148 793 3196 sive
804 3147 939 3195 ianthinum
950 3147 1051 3195 colorem
1064 3145 1186 3193 referente.
1220 3142 1302 3207 Nepos

151 3214 262 3263 mocritus
294 3214 407 3263 attentius
438 3229 509 3279 qnam
544 3214 608 3278 ipsos
641 3214 710 3263 ludos
743 3212 870 3259 Cornelius
886 3212 950 3275 apud
966 3210 1032 3259 Pliu.
1044 3209 1078 3256 11.
1091 3208 1124 3256 N.
1135 3206 1170 3261 ix,
1182 3208 1223 3261 88,
1237 3206 1299 3253 Pur·

150 3287 268 3341 spectaret
286 3278 409 3343 populum,
427 3291 529 3342 stupore,
550 3294 597 3341 quo
617 3278 656 3327 ille
677 3278 708 3327 le·
741 3292 825 3335 pteram
838 3275 1173 3323 Turerrtinnmvoerrtrubrum.
1208 3270 1301 3325 Mein-

151 3356 230 3389 rarum
253 3342 381 3391 bestiarum
402 3341 596 3405 contemplationi
618 3341 710 3391 inhiare
741 3343 902 3401 qnit‚jurene,
913 3341 1012 3386 violaceo
1027 3353 1135 3399 purpura
1151 3335 1249 3397 rigebat,
1261 3350 1302 3381 rec

150 3405 219 3462 solet,
239 3406 316 3470 majus
337 3406 391 3461 sibi,
411 3421 483 3470 quam
505 3404 592 3453 mimus
612 3406 708 3471 aliquis,
742 3406 815 3451 merito
838 3413 886 3463 port
907 3405 981 3449 rubro
1005 3401 1139 3449 Tarentino.
1188 3398 1302 3470 Venenum

150 3470 312 3533 spectaculum
323 3470 476 3535 praebentem.
742 3467 908 3531 (φάρμακον),
915 3466 965 3529 jam
977 3466 1007 3513 de
1018 3464 1200 3519 medicamento,
1209 3462 1260 3534 sive
1272 3462 1300 3507 11-

184 3535 240 3582 199.
268 3534 308 3583 Ad
336 3533 484 3599 proverbium
509 3532 630 3589 Grrocum,
657 3534 709 3597 ὄνῳ
741 3530 1054 3593 quore,succo,luco‚quo
1069 3528 1132 3574 lame
1151 3524 1300 3573 eolorrndu-

150 3616 187 3653 τις
196 3597 263 3662 ἔλεγε
274 3599 363 3661 μῦθον.
740 3594 821 3641 citur:
846 3594 915 3654 Virg.
939 3592 1000 3641 Geo.
1023 3592 1048 3647 ii,
1071 3593 1128 3647 ret,
1150 3590 1211 3637 Atta
1232 3606 1302 3651 neque

181 3662 238 3719 200,
249 3664 306 3711 201.
324 3662 383 3711 Nrm
394 3678 451 3724 qur,
460 3669 516 3709 cett.
537 3662 638 3708 Sensus:
652 3674 707 3707 nam
741 3658 943 3721 Amprinfneutnr
954 3658 1009 3703 lrnrr
1022 3671 1115 3702 renero:
1133 3653 1241 3701 similiter
1255 3670 1300 3701 me-

148 3724 202 3787 quis
213 3725 296 3773 histrio
306 3726 340 3773 ita
353 3741 433 3773 vocem
451 3723 570 3773 intendere
584 3733 669 3797 potest,
682 3732 708 3771 ut
740 3724 818 3769 dicore
829 3719 1011 3783 (φαρμάσσειν)
1022 3734 1072 3783 pro,
1083 3718 1174 3780 tingere
1186 3732 1238 3780 sup·
1251 3716 1300 3789 (ld.

148 3788 271 3851 pertineat
280 3790 362 3855 populi
373 3790 398 3837 in
410 3790 507 3837 theatris
523 3798 608 3835 nostris
620 3788 707 3835 tumul·
740 3784 775 3841 iii,
785 3788 809 3842 5,
820 3786 860 3842 27,
870 3784 948 3845 Neque
958 3786 1048 3830 anrisnn
1058 3784 1140 3829 color-es
1149 3781 1215 3827 Lono
1227 3782 1300 3842 rejert

149 3852 239 3901 tuentis
257 3854 379 3919 strepitum
399 3861 422 3901 et
441 3854 564 3907 clamores,
577 3852 601 3899 h.
615 3868 636 3899 e.
653 3852 708 3915 quis
740 3850 927 3911 merlicotoj'nco.

148 3931 196 3979 prae
207 3916 302 3981 ingente
314 3920 339 3966 in
350 3916 447 3967 theatris
459 3916 542 3965 nostris
551 3914 648 3979 strepitu
658 3916 705 3963 his·
771 3912 910 3960 208-213.
940 3912 973 3957 rte
1000 3927 1028 3956 ne
1048 3911 1115 3975 sorte
1142 3917 1215 3967 putes,
1243 3914 1299 3977 cett.

148 3980 249 4029 trionum
262 3984 334 4031 verba
345 3982 442 4029 auribus
453 3980 573 4045 percipere
585 3982 673 4044 potest!
741 3978 813 4024 llunc
823 3976 912 4031 locum,
922 3973 998 4020 varias
1008 3974 1161 4036 interpretum
1171 3977 1301 4016 sententies

180 4046 237 4094 202.
256 4048 394 4111 Gorgonum
405 4048 494 4107 mugire
503 4054 576 4105 putea.
612 4044 706 4106 Gorgo·
739 4049 871 4104 expertum,
883 4039 918 4085 ita
933 4038 1087 4108 interpretorr
1105 4036 1143 4108 ¹Ne
1154 4034 1212 4104 torte
1223 4040 1300 4096 putes,

146 4126 199 4164 nur,
211 4124 280 4157 mons
294 4110 389 4175 Apulirr
407 4109 517 4163 silvosus,
529 4107 569 4156 ubi
585 4116 708 4155 ventorum
741 4104 860 4167 Auguste,
868 4119 906 4150 me
918 4116 965 4147 non
978 4100 1029 4148 sine
1040 4099 1131 4147 invidia
1141 4098 1223 4169 aliqua
1231 4112 1301 4159 parce

148 4172 256 4221 fremitus
270 4182 295 4221 et
312 4174 420 4222 arborum
438 4172 523 4219 stridor
534 4179 571 4219 est
582 4170 707 4219 vehemen·
742 4169 875 4231 (maligne)
888 4165 984 4214 laudare
1002 4174 1084 4228 poetas
1102 4175 1206 4210 comicos
1217 4168 1241 4208 et
1252 4169 1300 4206 tra·

148 4236 208 4295 tior;
226 4237 282 4285 hinc
299 4254 353 4303 sup.
371 4237 419 4285 0d.
437 4235 462 4292 11,
479 4238 504 4292 9,
523 4238 547 4291 0,
560 4237 710 4298 Aquilonibus
741 4232 816 4295 gicos,
835 4230 959 4295 quianon
977 4228 1054 4275 lacere
1075 4241 1173 4301 possum
1191 4224 1300 4286 (recino)

149 4302 262 4355 Querceto
273 4303 381 4365 Gorgoni
392 4303 506 4348 lrrhorurrt.
742 4296 806 4360 quod
824 4296 865 4343 alii
883 4302 944 4343 reete
960 4292 1059 4348 iaciunt,
1072 4308 1123 4365 pam
1141 4289 1219 4336 dream
1237 4286 1302 4350 quod

180 4366 238 4412 203.
256 4367 331 4423 Artes,
343 4383 377 4415 sc.
389 4364 528 4413 histrionum
541 4372 566 4411 et
575 4363 708 4418 mimorum,
742 4360 838 4409 sentio:
869 4359 910 4407 ille
937 4366 1015 4423 poeta,
1041 4373 1084 4419 qur
1111 4361 1194 4418 pectus
1222 4367 1302 4398 meum

164 4428 190 4476 ui
208 4428 349 4495 simpliciter
365 4430 413 4478 dici
433 4430 510 4478 solent
529 4430 642 4492 artifices:
662 4426 710 4475 vid.
744 4425 888 4487 (inaniter),
900 4424 926 4471 in
941 4438 965 4470 re
979 4423 1042 4474 fictu,
1055 4430 1168 4490 tanquam
1181 4429 1300 4487 vertigan·

173 4493 242 4541 ulcr.
262 4494 293 4543 erl
315 4494 369 4543 Liv.
392 4493 473 4548 xxxix,
491 4494 531 4548 22,
550 4503 578 4540 ut
598 4494 712 4557 τεχνῖται
735 4488 906 4601 lg2rrreopp1e15
924 4485 966 4551 qui
978 4485 1085 4533 animum
1099 4481 1198 4531 aduam
1210 4486 1303 4535 incrtat,

708 4572 722 4604 ι
