3150 5200
7 915 12 952 l

531 357 717 424 HORATH
738 357 901 422 Murus.
1236 375 1296 413 xxv

218 508 271 566 hoc
291 507 415 583 affirmo)
429 506 560 566 discessit
579 510 616 567 ab
635 509 689 568 hac
708 505 907 580 (observandae
924 525 1031 584 sempe
1051 505 1180 580 cesurae)
1193 500 1295 581 regula

219 601 327 660 Noster
340 601 370 658 ia
385 620 469 659 versu
484 599 701 679 Asclepiadeo.”

219 695 317 754 Semel
330 696 362 753 in
376 714 465 773 pausa
477 695 572 754 brevis
585 707 630 754 est
644 695 769 774 syllaba:

262 790 356 856 Quam
368 790 395 847 si
408 789 551 869 quidquid
561 799 630 848 orat
643 791 766 868 impiger
780 789 923 870 Appulus.
963 789 1006 859 iii,
1022 787 1069 858 16,
1082 787 1131 846 26.

221 884 276 942 Est
289 886 320 942 in
334 895 428 944 metro
441 887 462 954 i,
476 886 507 952 ii,
520 886 563 954 iii,
577 884 615 942 iv.

137 981 168 1038 9.
191 978 302 1038 Versus
321 979 530 1058 Asclepiadeus
551 980 641 1058 major
654 1001 676 1038 s.
691 979 899 1040 choriambicus
918 989 1097 1048 tetrameter,
1112 977 1294 1036 antecedenti

219 1073 330 1141 similis,
344 1073 401 1132 nisi
414 1074 491 1152 quod
504 1094 563 1133 uno
577 1074 671 1134 adhuc
684 1075 848 1134 choriambo
859 1075 970 1135 auctior
981 1087 1035 1135 est.

182 1267 257 1334 Quis
266 1277 332 1346 post
347 1269 415 1327 viae
427 1290 548 1348 gramm
562 1269 694 1330 militiam
708 1280 758 1330 aut
772 1270 938 1349 pauperiem
951 1279 1062 1350 crepat.
1097 1271 1118 1340 i,
1134 1269 1181 1339 18,
1193 1270 1222 1328 5.

220 1363 319 1422 Semel
332 1373 448 1422 tantum
462 1385 570 1424 casura
583 1377 648 1444 post
661 1366 821 1425 secundnm
835 1366 1030 1425 choriambum
1042 1367 1124 1426 abest

181 1459 432 1537 Arcauiqucstdes
441 1461 566 1540 prodiga
576 1461 755 1538 perlucidior
769 1460 853 1518 vitro.
892 1462 913 1529 i,
929 1460 976 1530 18,
994 1459 1039 1518 lu.

220 1554 274 1613 Est
288 1555 318 1611 in
332 1564 425 1612 metro
438 1576 465 1612 v.

141 1648 187 1706 10.
210 1647 320 1708 Versus
337 1649 577 1728 Aristophanicus
598 1673 621 1712 s.
637 1651 844 1711 choriambicus
865 1651 988 1710 dimeter
1000 1650 1159 1710 catalectus
1179 1649 1210 1706 in
1232 1669 1292 1706 sm-

219 1745 396 1825 phibrachyn
410 1746 437 1826 (v
447 1752 461 1762 ’
472 1746 499 1828 ⁰)
513 1757 564 1806 aut
577 1747 726 1806 bacchium
742 1745 768 1828 (⁹
778 1753 792 1763 '
803 1747 840 1827 ).

379 1943 441 2000 Cur
454 1963 543 2022 neque
556 1943 698 2001 militaris.
738 1943 759 2012 i,
773 1943 803 2012 8,
817 1943 846 2000 5.

221 2037 275 2096 Est
288 2039 320 2095 in
332 2049 425 2098 metro
438 2039 487 2098 vii.

141 2131 188 2200 ll.
218 2131 330 2192 Versus
357 2133 517 2212 Sapphicus
544 2133 646 2202 minor,
670 2153 693 2192 s.
717 2132 987 2211 epichoriambicum
1012 2129 1293 2208 hendecasyllabum,
1327 2151 1342 2168 ⁹

219 2238 352 2286 constans
365 2248 403 2287 ex
416 2227 532 2307 dipodia
545 2229 687 2288 trochaica
700 2239 730 2287 et
743 2248 830 2286 versu
844 2225 1035 2288 antecedenti.

342 2322 424 2342 -ν-ει
463 2329 467 2407 p
505 2329 519 2339 ⁸
549 2319 563 2410 ΙΙ
595 2322 657 2344 νυ·
692 2321 697 2403 1
729 2321 797 2342 νῡΗ

341 2425 432 2484 Ludit
446 2425 566 2483 berhoea
578 2445 665 2500 pecus
675 2445 755 2483 omne
767 2442 875 2500 cumpo.
914 2423 958 2492 iii,
973 2421 1021 2493 18,
1034 2423 1063 2481 2.

125 2519 129 2528 ’
221 2519 302 2599 Saepe
315 2541 422 2579 coesura
434 2532 479 2580 est
492 2531 557 2599 post
570 2519 710 2599 syllabam
724 2521 841 2579 brevem
854 2527 983 2577 sextam:

181 2616 311 2675 Dauaioe
324 2616 443 2694 defende
459 2614 473 2696 ΙΙ
490 2617 577 2674 decus
592 2615 742 2674 Camoenoe.
782 2616 822 2684 iv,
837 2614 866 2683 6,
879 2613 928 2682 27.

220 2714 378 2789 prasertim
398 2712 429 2769 in
449 2712 488 2779 iv,
502 2711 522 2768 2
535 2710 608 2779 etii,
623 2722 653 2770 et
669 2710 700 2768 in
714 2709 811 2769 Carm.
826 2710 896 2768 Suc.
936 2707 1033 2768 Semel
1051 2720 1156 2768 neutro
1173 2709 1204 2767 in
1221 2710 1293 2778 loco,

219 2807 239 2875 i,
257 2806 286 2875 2,
299 2805 347 2863 34.
388 2806 482 2865 Graeci
503 2805 620 2884 quidem
642 2817 769 2865 utuntur
789 2808 822 2864 in
842 2805 959 2865 exordio
976 2824 1077 2863 versus
1096 2815 1156 2863 tam
1178 2804 1294 2882 dipodia

219 2994 294 3052 ratio
319 2992 438 3071 placuit.
480 2994 569 3054 Porro
594 3016 732 3055 casuram
755 2996 898 3063 observat,
922 3016 1009 3073 quam
1033 2995 1128 3053 Greci
1150 2996 1293 3071 ignorant.

221 3088 373 3147 Interdum
386 3109 484 3149 versus
497 3091 682 3169 hypermeter
695 3099 749 3160 est,
763 3091 783 3149 i.
794 3110 820 3149 e.
834 3090 939 3148 ultima
951 3090 1015 3166 ejus
1028 3088 1136 3166 syllaba
1149 3088 1295 3166 superflua

218 3182 340 3242 eliditur
353 3184 443 3242 vocali
461 3206 547 3263 aqna
560 3186 737 3264 subsequens
750 3185 855 3263 incipit
867 3203 977 3252 versus,
990 3183 1022 3252 ii,
1036 3182 1066 3251 2,
1082 3182 1136 3252 18,
1158 3183 1197 3250 iv,
1210 3182 1240 3252 2,
1255 3183 1295 3240 22

219 3288 251 3336 et
262 3277 303 3336 23
311 3299 321 3348 ;
343 3278 439 3337 Germ.
454 3280 525 3339 Sec.
539 3278 589 3339 48.

221 3374 277 3432 Est
290 3375 321 3432 in
334 3386 427 3435 metro
439 3377 478 3435 ri.

142 3470 189 3527 12.
212 3468 326 3528 Versus
349 3470 511 3548 Sapphicus
532 3472 630 3549 major.
671 3470 775 3529 Oritur
795 3490 831 3528 ax
852 3488 936 3527 versu
959 3467 1102 3547 Sapphico
1122 3468 1294 3546 precedenti

221 3564 321 3625 eodem
342 3565 426 3625 modo
446 3577 480 3625 ut
495 3564 703 3644 Asclepiadeua
724 3565 815 3642 major
828 3563 922 3636 (nam.
937 3563 972 3640 9)
985 3582 1023 3621 ex
1038 3561 1226 3641 Asclepiaden
1240 3565 1294 3620 mi-

221 3661 284 3719 nori
299 3660 394 3733 (num.
408 3661 453 3739 8),
468 3663 575 3721 inserto
588 3660 725 3719 nimirum
738 3679 797 3718 uno
810 3658 905 3717 adbuc
917 3656 1089 3716 choriambo.

271 3751 953 3837 -ν--ΙιΙΙνν-ΙΙ·νν-Ιν·1

264 3839 346 3916 Soepe
359 3842 540 3917 transfluens
546 3839 650 3919 jaculo
664 3840 766 3901 nobilis
779 3840 917 3917 expedito.
957 3839 978 3907 i,
992 3837 1022 3906 8,
1039 3837 1085 3895 12.

223 3934 255 3992 Si
269 3946 348 3993 recte
362 3954 379 3995 a
393 3934 438 3993 Cl.
455 3935 624 3995 Hermanno
636 3934 684 3994 hic
697 3954 797 3994 versus
810 3936 888 3994 inter
901 3933 1103 3993 choriambicos
1116 3942 1296 4000 numeratur,

221 4042 304 4107 aequo
321 4030 388 4107 jure
410 4030 573 4108 sapphicus
589 4029 754 4108 precedens
774 4029 870 4089 locum
890 4029 968 4086 intes·
980 4025 1045 4084 illos
1065 4026 1194 4084 obtinere
1213 4044 1296 4102 possa

222 4122 347 4182 videtur.

224 4216 279 4275 Est
293 4218 323 4276 in
337 4230 429 4278 metro
441 4219 489 4277 vii.

560 4375 588 4433 d.
615 4374 721 4432 Versus
733 4372 879 4450 dactylici.

144 4504 189 4561 13.
213 4502 325 4562 Versus
339 4500 497 4572 Adonicus,
512 4524 534 4563 s.
549 4501 707 4580 dactylicus
721 4500 843 4560 dimeter
856 4496 1022 4559 catalectus.
