3150 5200
708 334 1009 402 CARMINUM

498 493 612 558 Judex
626 490 800 554 honestum
815 486 958 570 praetulit
972 485 1056 561 utili,
1071 497 1105 547 et

500 593 631 679 Rejecit
646 590 712 654 alto
727 589 814 652 done
827 588 1013 651 nocentium

544 694 660 769 Vultu,
676 702 709 756 et
725 713 784 774 per
799 690 967 752 obstantes
983 698 1129 752 catervas

590 792 761 877 Explicuit
776 812 836 853 sua
850 791 953 853 victor
967 811 1067 852 arma.

437 899 480 960 45
501 896 580 961 Non
596 893 817 979 possidentem
830 891 932 954 multa
946 891 1111 955 vocaveris

501 999 607 1062 Recte
622 997 773 1060 beatum:
797 993 918 1055 rectius
934 1001 1073 1074 occupat

547 1098 677 1160 Nomen
692 1095 792 1169 beati,
808 1093 864 1175 qui
879 1092 1026 1156 Deorum

590 1196 786 1260 Muneribus
803 1194 967 1278 sapienter
979 1196 1038 1270 uti,

505 1299 697 1379 Duramque
713 1295 809 1359 callet
823 1295 1012 1378 pauperiem
1025 1295 1106 1379 pati,

442 1400 485 1464 50
507 1399 672 1482 Pejusque
687 1397 753 1461 leto
768 1396 926 1479 flagitium
943 1397 1045 1472 timet,

547 1499 627 1564 Non
641 1498 694 1562 ille
710 1520 770 1581 pro
785 1498 869 1560 caris
883 1497 994 1560 amicis

591 1597 662 1662 Aut
677 1599 783 1682 patria
798 1597 930 1661 timidus
945 1598 1064 1681 perire.

733 1899 939 1963 CARMEN
964 1900 1009 1963 X.

667 2127 729 2175 nn
766 2125 1072 2186 trounruuiu.

381 2307 413 2369 Ο
430 2303 729 2379 cnunau1sadhuc,
746 2312 779 2365 et
795 2299 935 2364 Veneris
950 2301 1139 2364 muneribus
1153 2310 1282 2383 potens,

382 2407 553 2490 insperata
568 2417 633 2467 tuae
649 2426 748 2486 quum
762 2403 869 2466 veniet
885 2402 994 2484 pluma
1007 2401 1182 2484 superbiae,

296 2592 324 2634 ut
344 2584 370 2633 in
392 2593 531 2657 argumento
553 2587 697 2643 monuimus,
720 2587 765 2635 hoc
792 2602 855 2635 auno
887 2593 947 2643 tum,
958 2585 1060 2650 superbe
1074 2590 1099 2633 et
1113 2582 1234 2631 fastidiose
1251 2598 1314 2631 nunc
1331 2590 1447 2631 amatores

296 2648 381 2698 consul
392 2646 446 2704 luit,
459 2658 512 2713 post
526 2650 676 2699 consulatum
687 2666 782 2715 quoque
796 2666 854 2697 con·
888 2657 1037 2705 tractantem,
1048 2649 1079 2697 de
1089 2648 1170 2695 format
1186 2646 1310 2711 sortisque,
1323 2662 1378 2709 quai
1392 2662 1447 2695 eum

296 2712 398 2761 sularem
409 2710 549 2774 dignitatem
558 2713 673 2761 tuiturum
682 2730 733 2763 esse
744 2713 785 2769 ait,
792 2712 856 2776 quod
888 2722 992 2769 maneat,
1002 2712 1132 2760 mutatione
1147 2718 1172 2759 et
1182 2710 1317 2759 conditione
1333 2709 1446 2773 cogitare,

297 2775 327 2828 is,
335 2775 377 2837 qui
420 2782 443 2822 st
452 2782 530 2837 gestos
541 2777 642 2825 honores
653 2777 678 2825 in
684 2776 778 2824 virtutis
789 2792 856 2824 eser·
889 2784 913 2824 et
924 2777 1022 2841 proinde
1033 2791 1118 2825 vanam
1131 2775 1207 2830 illam,
1219 2789 1268 2837 qua
1278 2773 1407 2822 insolenter
1417 2774 1448 2822 de

296 2838 385 2887 citiori
402 2839 409 2884 i
426 2846 528 2897 constat,
544 2840 568 2887 in
581 2840 662 2889 eedem
675 2855 767 2904 semper
776 2839 856 2902 digni·
890 2840 965 2889 forma
974 2856 1019 2888 sua
1030 2856 1056 2888 se
1066 2839 1156 2895 efferat,
1164 2838 1280 2903 deponere
1285 2837 1357 2901 jubet
1365 2853 1448 2901 super·

297 2910 346 2951 tate
355 2909 442 2951 manet.
461 2902 855 2965 Hmoesrumprcmlituttttrcoiu-
888 2904 962 2953 biam.
996 2906 1095 2952 Poetam
1110 2904 1231 2956 Graecum,
1246 2917 1317 2964 quem
1334 2901 1451 2949 Horatius

297 2966 366 3014 mode
387 2965 411 3013 in
433 2967 494 3015 hanc
517 2968 658 3016 sententiam
679 2967 780 3017 laudent
801 2967 855 3016 Cic.
888 2967 994 3016 imitatus
1010 2978 1055 3022 est,
1074 2978 1121 3015 tam
1141 2965 1253 3013 carminis
1272 2974 1449 3038 argumentum.

299 3029 371 3077 Offic.
386 3027 420 3084 iii,
437 3033 461 3087 4,
479 3031 525 3084 Qui
542 3041 618 3080 autem
635 3035 710 3079 omnio
727 3034 857 3080 metiuntur
889 3046 960 3094 quam
972 3030 1084 3079 dictionis
1095 3032 1170 3079 tonna
1184 3036 1209 3076 et
1221 3028 1326 3078 elocutio
1339 3029 1399 3077 satis
1409 3029 1450 3077 lu·

297 3096 452 3141 emolumentis
467 3105 489 3142 rt
506 3099 630 3153 cornnwdir,
648 3113 718 3159 neque
735 3114 760 3144 ea
776 3096 857 3143 volunt
889 3094 996 3143 culenter
1007 3095 1117 3159 produnt.

296 3158 468 3218 preponderat-i
483 3160 604 3216 honestate,
615 3162 639 3207 tt
653 3162 724 3208 solent
734 3162 760 3207 in
771 3161 856 3206 deliba·
924 3160 994 3207 1-8.
1014 3160 1034 3205 0
1045 3160 1145 3207 crudelis
1154 3160 1239 3211 adlice,
1250 3173 1265 3204 o
1278 3163 1314 3211 tu,
1325 3156 1368 3229 qui
1383 3172 1451 3205 nunc

298 3223 372 3269 raudo
383 3222 499 3269 honestum
513 3240 563 3270 curn
579 3240 612 3280 so,
624 3226 683 3286 quod
695 3226 752 3272 utile
760 3232 855 3284 putant,
889 3222 986 3285 quidem
998 3232 1021 3270 te
1029 3222 1115 3270 durum
1125 3230 1150 3271 et
1158 3236 1268 3286 asperum
1278 3220 1338 3267 mihi
1347 3222 1450 3285 prebes,

298 3300 442 3345 comparare:
459 3288 511 3331 boni
528 3289 572 3333 uiri
590 3305 636 3335 non
652 3290 732 3335 rotem.
766 3287 857 3333 Etenim
888 3285 1016 3334 insolenter
1027 3300 1119 3334 amores
1129 3300 1194 3332 meos
1206 3283 1303 3347 rejicis;
1320 3294 1342 3330 et
1357 3286 1452 3333 Veneris

298 3364 344 3395 uon
355 3350 501 3409 modopturir
508 3358 599 3407 putore,
607 3353 665 3413 quod
671 3353 730 3397 atila
739 3353 856 3405 videatur,
889 3352 1022 3397 inormibus
1036 3359 1123 3410 poteris,
1135 3356 1160 3396 et
1176 3347 1279 3413 corporis
1293 3346 1329 3395 tui
1343 3348 1451 3411 pulchri-

298 3428 366 3472 quom
377 3412 436 3472 quod
447 3412 562 3459 tortarium
575 3431 583 3470 ,·
600 3415 638 3461 ssd
655 3414 699 3460 lraec
713 3416 779 3461 ettam
796 3416 858 3461 iuter
890 3412 973 3461 tudine
989 3413 1118 3476 plurimum
1132 3412 1217 3476 polles,
1229 3411 1289 3467 sive,
1300 3420 1325 3460 et
1339 3426 1383 3476 pro
1396 3426 1451 3460 cor·

299 3490 321 3521 se
331 3491 462 3534 comparare
473 3484 494 3521 et
506 3477 530 3523 in
542 3478 576 3523 liis
592 3479 737 3533 addubitare,
750 3479 856 3537 turpini·
890 3476 953 3541 poris
971 3476 1006 3523 tui
1023 3473 1201 3541 pulchritudine
1220 3490 1331 3538 magnam
1350 3474 1377 3522 in
1399 3490 1451 3533 eos,

299 3548 413 3585 mamert.
448 3537 495 3585 Per
505 3541 616 3587 obstantes
627 3550 728 3587 catervas
740 3540 859 3601 Esplicuit
890 3539 932 3604 qui
942 3538 987 3588 tibi
1001 3539 1116 3594 serviunt,
1128 3554 1223 3587 exerces
1234 3538 1373 3603 potentiam.
1408 3538 1452 3586 ln·

299 3616 342 3647 suo
353 3603 426 3647 victor
438 3618 517 3648 armo:
535 3602 638 3660 animus,
650 3602 692 3666 qui
704 3603 789 3651 virtute
804 3618 858 3659 sua,
890 3614 983 3665 sperato
1000 3613 1045 3651 tue
1059 3620 1131 3666 qaum
1146 3606 1220 3651 veniet
1233 3604 1314 3664 ptumo
1330 3605 1451 3663 uiperbiae.

299 3672 414 3728 tanquam
430 3664 517 3737 clipeo,
529 3666 591 3715 bene
607 3666 722 3720 munitus,
735 3666 823 3715 sortiter
834 3682 860 3715 se
892 3682 948 3715 cum
966 3677 1051 3733 praeter
1061 3666 1197 3731 opinionem
1212 3666 1284 3713 laeves
1298 3680 1372 3729 genes
1387 3674 1452 3722 tuas,

300 3727 859 3842 tttttffl‘ltttttlttttttitt
892 3728 1454 3844 qttt’ttt‘t‘l’t‘itit-tlte&

302 3853 340 3910 tis,
348 3870 420 3927 more,
428 3806 516 3911 orodis,
524 3873 578 3921 quae
586 3857 641 3921 ejus
648 3856 758 3907 virtutem
766 3857 859 3922 impug-
892 3812 980 3923 iiuerod
995 3812 1270 3921 taeviii'sxgdnti'adhue
1280 3828 1394 3905 'utentes
1411 3873 1454 3905 vo·

301 3930 369 3975 nant,
382 3934 475 3967 vincere
486 3918 583 3969 dicitur.
892 3924 981 3970 cabant
995 3922 1128 3979 ἁπτίλους,
1144 3922 1233 3979 λείους,
1249 3920 1296 3968 vid.
1311 3921 1327 3969 J
1330 3921 1411 3969 scobe
1427 3921 1454 3968 in

334 3984 440 4031 45-52.
459 3982 509 4029 Non
521 3987 667 4045 possidentem
679 3986 753 4033 multo
768 4001 859 4031 vocare-
893 3986 1024 4033 Animadv.
1036 3986 1066 4034 ad
1079 3985 1179 4034 Anthol.
1192 3986 1274 4033 Graec·
1284 3985 1332 4033 vol.
1344 3984 1369 4039 ii,
1382 4000 1406 4049 p.
1417 3983 1453 4037 iii,

301 4048 335 4093 ris
352 4047 422 4094 Recte
437 4048 543 4093 bertum:
569 4049 600 4097 cl.
618 4064 670 4113 sup.
688 4048 713 4104 ii,
731 4050 755 4104 2,
777 4050 787 4095 l
806 4063 859 4112 sqq.
893 4064 917 4113 p.
928 4051 969 4104 69.
981 4050 1049 4115 pueri
1060 4057 1140 4098 autem
1155 4048 1275 4097 molliores
1290 4049 1340 4096 sive
1355 4046 1453 4100 cioaedi.

303 4109 357 4158 Non
368 4112 409 4157 ille
419 4111 513 4159 timidus
523 4115 607 4173 perire,
620 4128 670 4177 pro,
683 4112 723 4161 ille
735 4126 782 4159 non
794 4112 862 4161 timet
893 4112 982 4175 quibus
992 4114 1067 4161 barba
1076 4128 1226 4161 succrescere
1237 4112 1376 4177 incipiebat,
1385 4110 1456 4160 dese-

302 4174 386 4237 psrire,
398 4173 423 4221 h.
432 4188 454 4223 e.
463 4174 545 4222 volens
555 4176 688 4240 lubensque
700 4184 799 4224 mortem
808 4192 860 4223 sus·
894 4177 1006 4225 rebantur
1016 4178 1047 4224 ab
1063 4177 1222 4233 amatoribus,
1238 4175 1296 4223 hinc
1310 4174 1373 4240 apud
1385 4176 1454 4223 otar-

302 4236 376 4302 cipit:
394 4253 448 4302 sup.
465 4236 500 4293 iii,
517 4240 556 4296 19,
573 4242 598 4297 2,
618 4242 706 4289 Codrus
722 4256 765 4301 pro
782 4242 862 4300 patrio
894 4238 945 4287 tial.
955 4240 972 4295 i,
984 4242 1024 4296 32,
1032 4243 1057 4297 ⁵,
1069 4244 1141 4288 teneri
1154 4243 1232 4287 urrltur
1242 4241 1354 4301 tentigine
1363 4242 1457 4286 sordere

302 4317 348 4348 non
361 4304 455 4349 timidus
467 4304 532 4349 mori.
894 4302 1022 4351 dicuntur:
1040 4304 1073 4352 ct.
1090 4304 1182 4353 Catull.
1195 4303 1238 4357 lxi,
1252 4304 1308 4350 136.
1342 4302 1397 4351 Tua
1412 4320 1453 4349 su·

893 4370 985 4430 perite,
996 4366 1041 4416 tibi
1056 4369 1162 4433 superbo.
1198 4368 1254 4420 Quae
1273 4383 1337 4413 nune
1356 4368 1459 4413 lammis

482 4428 635 4477 CARMEN
653 4430 685 4477 X.
894 4433 1018 4479 incolitant
1035 4448 1117 4485 eornm
1141 4430 1269 4496 promissus
1288 4428 1353 4477 enirn
1371 4428 1457 4485 crinis,

336 4490 485 4553 Ligurinum,
501 4508 602 4557 puerum
619 4493 715 4541 mollem
732 4502 757 4542 et
773 4493 861 4542 delica-
895 4498 988 4552 cervice,
999 4494 1145 4543 utTibullus
1153 4494 1188 4549 iii,
1197 4496 1222 4551 4,
1234 4494 1265 4541 27
1278 4492 1394 4557 loquitur,
1400 4494 1457 4555 flu-
