3150 5200
583 372 814 440 CARMEN
841 379 890 440 10.

328 525 402 588 Nec
419 525 509 588 sidus
526 537 596 589 atra
610 538 704 590 nocte
721 528 859 590 amicum
873 538 1041 612 appareat,

268 627 307 688 10
458 627 535 699 Qua
551 629 652 690 tristis
669 628 774 692 Orion
789 629 896 705 cadit3

328 730 498 802 Quietiore
515 752 574 794 nec
590 729 713 794 feratur
728 752 872 813 aequore‚

458 831 567 904 Quam
583 831 687 894 Graia
702 832 860 895 victorum
875 854 1000 909 manus,

329 933 440 1005 Quum
456 932 565 997 Pallas
581 943 655 997 usto
670 935 767 997 vertit
781 935 862 997 iram
876 935 920 998 ab
934 932 994 997 llio

455 1032 494 1096 In
509 1035 640 1117 impiam
655 1034 768 1118 Ajacis
784 1045 897 1098 ratem.

269 1134 308 1196 15
330 1135 362 1198 Ο
379 1145 520 1218 quantus
535 1136 633 1199 instat
649 1136 766 1200 navitis
783 1136 884 1200 sudor
898 1137 974 1211 tuis,

458 1237 601 1321 Tibique
617 1237 721 1321 pallor
734 1237 855 1313 luteus,

331 1338 377 1401 Et
392 1338 446 1402 illa
461 1361 526 1402 non
541 1339 641 1403 virilis
656 1339 801 1424 ejulatio,

460 1440 580 1505 Preces
595 1451 629 1504 et
644 1463 793 1506 aversum
807 1442 850 1505 ad
864 1440 999 1518 Jovem3

330 1540 440 1604 Ionius
456 1543 522 1606 udo
536 1565 637 1626 quum
651 1544 836 1626 remugiens
853 1544 942 1606 sinus

265 1642 310 1705 20
457 1645 549 1709 Noto
565 1646 706 1709 carinam
721 1646 864 1729 ruperit!

332 1745 452 1831 Opima
467 1747 556 1831 quod
572 1747 599 1810 si
612 1745 726 1830 praeda
741 1768 841 1810 curvo
854 1745 949 1811 litore

459 1848 617 1913 Porrecta
632 1871 760 1932 mergos
771 1849 915 1932 juverim

331 1949 543 2014 Libidinosus
559 1949 776 2013 immolabitur
791 1972 901 2033 caper,

462 2052 510 2114 Et
524 2073 608 2135 agne
623 2051 903 2135 Tempestatibus.

154 2215 173 2264 li
224 2215 371 2275 Dioscuros;
393 2233 449 2283 sup.
466 2217 499 2273 iv,
519 2220 543 2273 Β,
562 2219 602 2274 31,
622 2219 719 2265 Clarum
750 2217 841 2265 Sudor!
870 2217 924 2264 Non
940 2219 1024 2275 virttis,
1041 2216 1194 2266 baudrimm
1212 2218 1308 2274 decens,

177 2282 298 2344 yndoridae
320 2284 384 2329 sidus
402 2283 430 2328 ab
449 2283 536 2344 infimis
554 2282 653 2335 Querens
672 2283 718 2329 eri·
751 2279 883 2330 muliebris.
917 2282 998 2329 Preces
1014 2291 1036 2329 et
1053 2298 1157 2329 averem
1173 2283 1205 2329 ad
1221 2283 1308 2340 Josem,

155 2347 227 2405 piune
247 2347 373 2406 cruoribus
389 2354 463 2393 rates:
488 2347 521 2394 cl.
541 2362 568 2394 su
588 2380 595 2394 .
613 2345 630 2403 i,
649 2347 673 2401 ³,
693 2346 718 2393 2.
751 2354 776 2394 et
792 2361 882 2410 preces,
894 2344 982 2408 quibus
998 2345 1084 2394 trustra
1093 2345 1163 2394 Jovis
1173 2345 1310 2411 implorabis

160 2407 215 2460 Quo
231 2411 304 2456 tristis
322 2409 394 2456 Orion
410 2412 482 2467 cadit,
495 2426 548 2474 que
565 2362 662 2458 brionis
678 2425 718 2458 oc·
752 2409 879 2465 auxilium,
897 2408 922 2456 lt.
940 2424 964 2456 e.
981 2424 1054 2472 qnam
1070 2408 1148 2458 irritae
1164 2410 1194 2458 ad
1213 2412 1309 2468 Jovem,

156 2485 228 2518 casus
244 2471 335 2520 tristem
351 2481 515 2538 tempestatem
529 2473 647 2524 concitet:
665 2489 718 2537 sup.
752 2481 775 2523 te
792 2488 841 2521 non
858 2473 1003 2531 audientem,
1019 2489 1102 2538 preces
1115 2474 1206 2538 jacies!
1236 2478 1309 2525 Aner-

156 2533 192 2593 iti,
214 2535 256 2590 27,
282 2536 321 2595 17,
349 2538 392 2586 Sed
414 2540 485 2594 uides,
538 2548 592 2586 anto
621 2541 720 2599 trepidet
751 2555 811 2592 rum,
831 2537 872 2586 tibi
895 2539 990 2595 iratum,
1008 2547 1033 2586 et
1050 2552 1132 2586 averse
1151 2553 1208 2587 anre
1227 2555 1312 2606 preco

157 2602 263 2649 tumultu
277 2602 369 2649 Pronus
386 2603 472 2650 Orion:
489 2619 562 2651 c.su
581 2639 587 2651 .
603 2601 633 2651 etl
645 2602 662 2659 i,
674 2604 715 2659 28,
749 2610 803 2651 tune
824 2612 980 2668 respuentem.
1020 2602 1101 2651 Ionius
1117 2604 1164 2651 udo
1182 2622 1254 2668 quum
1272 2622 1310 2653 re·

156 2665 199 2711 21.
229 2664 320 2721 Tristis,
339 2674 366 2715 ut
383 2666 447 2732 apud
468 2667 536 2731 Virg.
550 2620 602 2715 ἐπ

156 2731 221 2776 triete
240 2728 349 2779 Mineruae
364 2733 438 2786 sidus,
455 2730 486 2779 de
503 2730 564 2779 tristi
579 2738 718 2796 tempestate
750 2745 815 2779 mere
833 2730 937 2788 Ionium,
950 2731 1008 2779 Noti
1025 2730 1107 2781 sonitu
1117 2740 1142 2779 et
1157 2731 1256 2783 stridore
1272 2749 1311 2782 re·

156 2807 172 2839 a
189 2791 302 2841 Minerva
319 2794 447 2843 concitata.
485 2796 560 2853 Quom
579 2796 655 2843 Graio
671 2798 718 2843 uie·
753 2794 838 2849 boans.
870 2796 975 2843 cannam
1007 2795 1109 2859 fregerit,
1137 2811 1179 2860 pro
1207 2796 1310 2861 vulgari,

156 2865 232 2904 torum
243 2874 333 2929 marn,
346 2860 423 2932 Quum
437 2860 525 2915 Palles,
538 2868 595 2909 cett.
623 2860 663 2909 De
674 2858 719 2909 hoc
753 2874 808 2907 cum
821 2859 901 2907 Notus
915 2860 941 2909 in
952 2858 1012 2907 mari
1029 2860 1098 2908 Ionio
1112 2860 1194 2908 furens
1203 2864 1309 2910 carinam

155 2921 718 3053 ttfflslt‘ttllt‘ttttttttu
750 2923 972 3059 {tumst
988 2925 1311 3054 tttst²¹titt¹¹tt¹f

157 3064 232 3097 cause
251 3049 281 3097 ad
300 3057 381 3099 cautes
404 3052 525 3099 Euboicas
547 3052 661 3107 immisso,
682 3052 718 3099 uti
751 3066 767 3109 r,
785 3052 827 3107 3³,
845 3054 884 3100 16.
919 3052 977 3108 Udo,
995 3050 1128 3116 pluviosam
1145 3060 1310 3117 tempestatem

156 3111 186 3161 de
203 3112 287 3162 ceteris
301 3114 441 3163 Grecomm
452 3132 467 3163 a
478 3115 556 3189 Trojm
573 3116 665 3164 excidio
682 3132 718 3165 re·
751 3114 837 3165 ciente.

156 3176 282 3227 deuntium
310 3178 374 3235 latis,
401 3187 478 3229 narrat
500 3180 630 3229 Diomedes
652 3180 717 3246 apud
789 3180 896 3227 21-24.
921 3177 1003 3239 Opima
1021 3179 1080 3239 quod
1100 3179 1120 3225 si
1142 3180 1220 3238 preda
1240 3196 1311 3227 curso

159 3242 230 3304 virg.
249 3243 309 3291 AEn.
327 3242 360 3301 xi,
377 3244 427 3293 260
442 3259 497 3309 sqq.
514 3244 546 3291 cl.
562 3246 622 3293 AEn.
639 3244 656 3301 i,
675 3246 717 3299 39,
751 3244 827 3299 litore,
837 3252 894 3291 cett.
910 3241 996 3306 quodsi
1012 3249 1091 3289 ouum
1101 3254 1188 3306 corpus
1198 3251 1267 3291 tuum
1284 3243 1310 3293 in

156 3312 181 3355 et
192 3304 226 3353 ibi
239 3306 356 3371 Heynius.
751 3304 809 3355 litus
832 3308 937 3371 ejectum
958 3315 983 3355 et
1009 3305 1042 3353 ibi
1069 3313 1202 3370 porrectum
1224 3306 1312 3371 mergis

193 3371 297 3419 15-20.
316 3372 447 3433 Oquantue
463 3373 536 3419 trusae
548 3375 634 3419 navitis
649 3374 719 3421 nidor
750 3370 831 3436 opima
842 3371 921 3437 prede
932 3369 1066 3434 contigerit,
1083 3376 1187 3434 tumego
1198 3370 1246 3419 voti
1263 3372 1312 3420 mei

158 3436 214 3489 tuis,
225 3442 282 3483 cett.
310 3435 375 3492 lam,
388 3434 673 3493 utvatilvoovssdtom,
686 3436 719 3484 rei
750 3434 879 3483 damnatus
904 3450 1002 3500 caprum
1023 3442 1048 3482 et
1069 3449 1156 3498 agnam
1182 3434 1313 3483 immolabo

155 3499 243 3547 futures
255 3506 355 3547 eventus
366 3508 422 3547 ante
433 3499 515 3547 oeulos
524 3499 720 3559 versatur;videt
751 3498 953 3564 Tempestatibus.
990 3500 1046 3556 Quo
1062 3497 1160 3561 quidem
1178 3508 1233 3547 voto
1250 3500 1312 3547 nihil

157 3571 246 3611 nautes
262 3562 393 3619 laboribus,
407 3562 496 3627 quibus
513 3580 596 3612 navem
614 3564 720 3629 periculo
752 3571 849 3627 npoeta
860 3563 968 3612 acerbius
978 3561 1035 3609 addi
1049 3563 1143 3628 potuit;
1160 3564 1315 3613 acerbissime

156 3626 267 3691 eripiant,
280 3627 406 3685 insudare;
422 3626 613 3676 videtvaium
624 3628 654 3677 de
666 3628 720 3677 vitas
752 3627 862 3692 inprimis
882 3635 957 3693 optat,
975 3634 1004 3674 ut
1022 3626 1107 3675 Mevii
1128 3641 1215 3693 eorpus
1267 3631 1311 3676 'ma

158 3706 209 3739 sum
228 3690 365 3740 discrimine
381 3691 559 3757 impallescere;
581 3692 649 3741 audit
665 3708 719 3741 eum
749 3694 830 3753 predo
852 3694 939 3755 mergis
959 3691 1091 3753 contingat,
1115 3691 1165 3740 sive
1187 3710 1221 3756 qu
1275 3692 1311 3741 illi

156 3754 305 3804 muliebriter
315 3755 415 3819 ejulare,
428 3766 452 3805 et
467 3756 552 3803 trustra
562 3756 648 3805 Jovem
667 3772 719 3821 pre·
752 3757 832 3805 e'ecta
841 3770 940 3821 corpora
956 3764 1072 3829 tanquam
1087 3753 1192 3818 opimam
1207 3756 1312 3821 predam

157 3818 226 3867 cibus
248 3818 361 3883 fatigare;
389 3819 507 3894 conspicit
530 3819 635 3884 denique
661 3836 720 3869 eun·
752 3772 850 3885 ‹lepasci
871 3820 972 3874 soleant,
993 3834 1044 3867 erre
1082 3818 1130 3866 uod
1153 3818 1198 3884 ipsi
1220 3819 1311 3867 Messio

156 3882 211 3932 dem
231 3899 287 3933 cum
306 3884 381 3931 tracta
402 3900 455 3933 navi
477 3882 567 3950 periret
605 3884 718 3934 Similiter
750 3888 850 3945 opimum
866 3899 952 3948 corpus
968 3882 1047 3931 luerit.
1094 3886 1264 3943 empeuatibue:
1281 3883 1312 3931 de

158 3962 214 4012 sup.
231 3948 248 4005 i,
269 3949 308 4003 15,
325 3949 350 4002 9.
365 3948 458 3997 Nereus
475 3947 615 3997 vaticinium
634 3948 664 3997 de
680 3949 717 3998 su·
751 3946 862 4011 religioso
881 3948 1046 4009 Tempestntum
1067 3944 1145 4002 cultu,
1168 3946 1216 3995 vid.
1239 3946 1312 3996 Cerd.

157 4012 219 4060 turis
247 4013 272 4060 in
298 4012 362 4061 bello
389 4012 494 4076 Trojano
523 4012 612 4077 pugnis
637 4012 717 4069 edens,
751 4011 783 4059 ad
797 4010 900 4074 Virga,
913 4011 970 4065 772,
985 4009 1027 4057 ubi
1045 4010 1139 4057 AEneas
1172 4024 1251 4074 uoque
1266 4026 1310 4073 ng·

160 4074 242 4124 Ebeu!
260 4086 361 4139 quantus
378 4080 448 4139 equis,
465 4087 565 4140 quantus
582 4079 646 4125 adest
663 4080 720 4125 uiris
752 4092 807 4122 nom
819 4075 995 4137 Tempestatibus
1006 4071 1122 4121 immolari
1130 4073 1159 4137 ju
1191 4081 1209 4122 t.

604 2702 610 2715 .
623 2667 656 2722 xi,
668 2668 716 2715 259
749 2670 854 2730 mugiens
868 2670 932 2715 sinus
944 2666 1124 2715 Note-carinam
1136 2672 1237 2729 ruperit,
1253 2684 1314 2717 cnm
