3150 5200
719 363 1016 431 CARMINUM

694 717 900 782 CARMEN
928 715 1062 820 lleV.

519 925 678 988 lurscrrs
693 922 877 1006 opulentior

560 1025 740 1091 Thesauris
757 1022 907 1087 Arabum
922 1030 955 1084 et
970 1021 1078 1084 divitis
1095 1019 1210 1097 indiae,

520 1126 694 1192 Coementis
708 1125 785 1188 licet
800 1143 941 1206 occupes
1037 1111 1041 1118 ⁴

559 1226 769 1311 Tyrrhenum
783 1245 877 1288 omne
893 1223 958 1286 tuis
972 1232 1006 1285 et
1020 1245 1108 1287 mare
1125 1223 1311 1307 Apulicum,

464 1335 484 1395 5
519 1331 554 1394 Si
569 1329 643 1413 figit
657 1327 881 1392 adamantinos
1139 1320 1152 1362 ‘

563 1431 702 1494 Summis
718 1427 894 1494 verticibus
910 1425 982 1490 dira
996 1425 1187 1491 Necessitas

520 1532 648 1609 Claros,
664 1555 730 1596 non
745 1531 885 1595 animum
900 1537 988 1591 metu

561 1633 641 1696 Non
656 1632 776 1696 Mortis
789 1630 916 1712 laqueis
931 1630 1087 1713 expedies
1103 1641 1211 1714 caput.

520 1736 728 1818 Campestres
742 1731 858 1797 melius
875 1730 1017 1813 Scythae,

461 1839 500 1902 10
566 1837 715 1910 Quorum
731 1833 877 1918 plaustra
892 1852 990 1914 vagas
1006 1833 1068 1896 rite
1083 1831 1217 1896 trahunt
1232 1833 1356 1909 domos,

307 2040 348 2094 rts,
364 2037 423 2086 h.e·
453 2036 509 2102 urs)
526 2039 604 2100 tetigit
619 2054 694 2090 asam,
710 2049 740 2084 ea
753 2034 805 2098 jans
821 2045 866 2078 se·
899 2029 1007 2095 inprimis
1018 2031 1115 2080 modain
1127 2045 1213 2095 ponere
1224 2029 1302 2093 jubet.
1337 2032 1462 2096 Quaqui·

308 2101 362 2166 pius
386 2054 485 2150 malduit
506 2099 638 2166 (placavit)
661 2115 748 2148 auersos
770 2098 867 2144 Penates
900 2093 953 2141 dem
969 2093 1077 2144 funditus
1092 2095 1220 2158 exstirpata
1237 2093 1392 2166 popularibus
1410 2097 1462 2145 suis

301 2164 422 2229 sarrepta
432 2175 454 2214 st
464 2167 560 2213 saliente
569 2166 628 2212 mica
640 2163 718 2226 (moia
727 2160 815 2222 salsa),
822 2175 866 2206 swa
900 2165 983 2207 auctor
998 2158 1089 2214 existit,
1101 2167 1129 2207 ut
1143 2171 1228 2223 pueros
1245 2173 1308 2213 suos,
1323 2160 1421 2221 ignavia
1436 2169 1462 2210 et

308 2230 414 2276 iamiar
424 2237 539 2277 sumtuosa
556 2229 638 2283 tassia
650 2242 718 2291 seque
732 2223 823 2273 blanda
839 2237 867 2270 nc
900 2221 974 2270 animi
990 2221 1089 2272 mollitie
1102 2237 1167 2270 nunc
1181 2220 1325 2278 diffluentes,
1337 2223 1461 2272 severiori-

310 2292 331 2339 si
343 2291 456 2356 profarre
486 2292 510 2340 io
523 2299 549 2340 et
559 2291 659 2340 saliente
669 2290 733 2339 mica
742 2287 869 2338 obtulisset
899 2285 1225 2334 busstudiisadsueiacisnt.

310 2363 458 2403 sumtuosam
469 2307 583 2403 isitium.
615 2355 704 2403 &nnus
718 2353 807 2415 igitur:
826 2349 868 2414 qui
934 2351 1005 2398 t-s.
1023 2349 1122 2398 Intactis
1137 2351 1276 2412 opulentior,
1291 2357 1347 2398 cett.
1381 2349 1461 2400 Orus-

327 2433 371 2465 ura
380 2425 405 2465 et
414 2417 508 2482 integra
518 2425 597 2467 mente
611 2417 642 2465 ad
657 2433 722 2465 aram
736 2414 836 2470 accedit,
848 2414 869 2461 is
901 2420 951 2460 turn
962 2413 1068 2477 vulgaris
1078 2411 1210 2467 sententias,
1223 2412 1317 2462 “Licet
1329 2414 1362 2461 sis
1372 2413 1463 2463 ditissi-

310 2434 372 2529 larre
382 2480 423 2546 pio
434 2488 458 2529 et
467 2481 567 2531 saliente
578 2481 718 2545 micaeque
732 2495 761 2528 ac
777 2485 869 2527 sumtu·
902 2493 964 2533 mus,
977 2485 1075 2526 mortem
1091 2487 1169 2526 tamen
1186 2475 1290 2540 effugere
1304 2493 1353 2524 non
1366 2479 1462 2543 potes,”

311 2543 440 2592 osahostia
448 2543 534 2610 (parvo
543 2560 641 2593 munere
651 2560 720 2609 eque
730 2560 758 2592 ac
768 2541 869 2608 magno)
901 2540 989 2589 tirones
1010 2541 1153 2606 expendant.
1186 2540 1273 2590 Mortis
1294 2549 1373 2589 autem
1395 2557 1463 2591 com·

313 2609 385 2657 iratos
396 2608 454 2657 deos
467 2610 556 2674 piscat.
591 2608 798 2673 [Suntvemdusa
813 2607 868 2655 rati-
902 2606 1071 2655 memoratione
1090 2606 1176 2681 sepius
1194 2606 1307 2655 Horatius
1325 2605 1464 2656 divitiarum

311 2688 370 2721 ones
386 2672 602 2721 hommverboram
620 2672 680 2721 inter
694 2688 721 2721 se
738 2670 869 2722 concilian-
902 2670 1001 2734 cupidos
1018 2686 1032 2719 a
1049 2670 1152 2719 stultitia
1167 2684 1211 2718 sua
1221 2668 1337 2719 deterrere
1351 2670 1462 2719 studuit:

313 2735 407 2792 dorum,
418 2735 546 2800 dequibus
562 2735 594 2785 ci.
606 2736 647 2785 ct.
656 2735 758 2785 Mitsch.
769 2736 801 2784 ad
815 2735 840 2783 h.
852 2735 870 2782 1.
903 2733 934 2781 ci.
946 2750 1000 2800 sup.
1012 2734 1029 2789 i,
1042 2737 1066 2791 4,
1080 2736 1127 2792 is,
1143 2733 1169 2790 ii,
1183 2735 1222 2790 lii,
1237 2734 1265 2782 17
1278 2748 1331 2797 sqq.
1337 2752 1344 2793 ;
1362 2733 1395 2790 iii,
1412 2736 1435 2790 i,
1447 2738 1465 2784 9

313 2800 413 2875 Syllaba
433 2800 510 2848 brevis
530 2800 556 2849 in
578 2810 693 2849 sumtuosa
714 2798 870 2848 commovisse
902 2814 955 2862 sqq.
989 2799 1095 2855 intactis,
1116 2796 1223 2845 nondum
1245 2798 1383 2853 attrectatis,
1400 2798 1465 2848 inte-

314 2864 407 2914 srdetur
416 2864 604 2920 Lsmbtnamm
613 2864 764 2913 hanesoeesn
775 2863 802 2910 in
813 2878 871 2911 casu
903 2862 950 2923 gris
973 2862 1072 2921 adhuc;
1099 2860 1183 2910 trustra
1204 2860 1268 2910 enim
1290 2861 1337 2926 ipsi
1356 2861 1466 2912 Rotnani

313 2927 873 3042 messuerimus
900 2924 1467 3041 serumstitittsmc

313 3008 544 3106 ἀυοῑιωάοιωὲῐ.
555 3056 679 3107 Bentleii
695 3056 721 3104 h.
732 3056 750 3106 l.
784 3008 872 3104 uolua
904 3007 1068 3103 tentavelant:
1094 3053 1127 3102 ei.
1150 3006 1217 3119 sup.p
1225 3054 1243 3110 i,
1265 3054 1306 3102 29.
1339 3006 1467 3119 Prodemo

314 3122 434 3171 sententia
447 3119 477 3170 de
490 3120 536 3171 lroc
551 3121 606 3170 loco
615 3130 701 3170 vexato
710 3120 820 3170 videatur
832 3134 871 3166 su·
903 3132 1001 3227 pinoque
1016 3118 1042 3175 ii,
1056 3120 1096 3174 10,
1109 3120 1148 3174 16,
1163 3122 1253 3167 intaeta
1267 3116 1354 3165 dicitur
1364 3118 1468 3169 Arabia.

315 3186 380 3250 pru]
414 3186 535 3239 Immanis,
567 3200 633 3241 urus,
647 3184 767 3239 innoxius,
782 3184 874 3245 integer
924 3181 1118 3237 amisissetis
1132 3182 1244 3230 villarum
1259 3181 1402 3229 marinarum
1457 3201 1469 3231 r

314 3250 427 3299 sceleris:
446 3250 520 3298 ovid.
558 3248 729 3305 eroid.siv,ii,
745 3249 798 3296 Non
811 3250 874 3309 piget
905 3256 1022 3295 cementa
1065 3246 1213 3296 ndumentis:
1230 3244 1372 3311 ci.sup.iii,
1385 3248 1409 3301 l,
1422 3198 1469 3296 ἒ.

315 3316 425 3363 immunes
442 3314 508 3362 cedis
526 3314 608 3360 habere
627 3329 721 3371 saeuus3
741 3311 808 3360 Veli.
827 3312 874 3358 Pa·
909 3308 1061 3371 Tyrrhenum,
1088 3324 1153 3359 mare
1179 3310 1300 3369 inierum5
1328 3311 1466 3373 Apulieuss,

314 3383 373 3423 terc.
383 3377 409 3431 ii,
419 3378 444 3433 7,
456 3376 563 3423 immunis
573 3376 709 3423 delictorum
716 3384 873 3436 paternorum.
907 3386 1102 3439 meresaperum.
1131 3374 1156 3421 St'
1159 3374 1220 3437 figit
1230 3376 1396 3430 adamantinos.
1406 3382 1466 3423 sets.

317 3438 430 3487 Ceterum
457 3436 557 3488 eandem
584 3438 726 3486 sententiam
748 3437 822 3486 Ovid.
844 3453 873 3485 er
906 3437 1014 3501 expende
1034 3437 1132 3502 lyricam
1152 3436 1400 3502 sublimitatemque
1422 3448 1466 3487 es-

315 3500 432 3557 Pontis,
445 3504 469 3558 8,
482 3502 523 3554 89,
536 3501 576 3555 40,
588 3501 623 3549 sic
640 3501 735 3557 extulit,
752 3502 809 3557 Ner,
825 3519 874 3565 qua
906 3515 987 3564 pressa
1003 3508 1039 3550 est
1049 3500 1152 3565 vulgaris
1162 3500 1351 3558 sententishsre,
1366 3501 1393 3549 Si
1403 3517 1468 3550 mors

316 3564 344 3612 de
361 3582 436 3626 parua
455 3564 500 3614 Dis
516 3580 605 3626 pauper
625 3566 682 3613 libat
699 3582 788 3619 soem,
809 3566 873 3613 Tura
905 3572 929 3612 te
940 3565 1058 3631 opprimit,
1071 3565 1183 3629 ejusvim
1193 3580 1241 3612 non
1253 3564 1467 3629 poteriseffngere.

317 3630 400 3685 missus,
411 3632 497 3693 pandi
506 3644 574 3689 quom
584 3630 641 3675 duta
652 3630 724 3685 tasioe,
736 3632 823 3677 volort.
906 3629 954 3676 Per
963 3645 1057 3677 summm
1074 3632 1168 3678 uertices
1180 3628 1333 3693 designantur
1346 3628 1364 3676 ii
1379 3630 1422 3692 qni
1433 3630 1468 3677 ob

905 3692 1014 3755 ingentes
1032 3692 1167 3741 divitiamnr
1189 3694 1270 3759 copias
1281 3692 1378 3745 ¹tollunt
1393 3695 1467 3742 verti-

461 3754 615 3804 CARMEN
632 3756 731 3805 xxlv.
905 3772 966 3813 cem,
980 3756 1019 3805 cui
1029 3757 1081 3805 dira
1092 3755 1230 3806 Necessitas
1241 3757 1321 3805 clavos
1331 3756 1469 3805 adamanti-

350 3818 380 3866 ln
402 3819 548 3869 effrenatam
570 3818 682 3868 ditiorum
705 3820 827 3869 licentiam
850 3830 874 3869 et
907 3820 1469 3895 nosintigit,pro,quemdiroltleressitasclasis

317 3882 409 3939 luxum,
429 3892 543 3947 tanquam
565 3898 662 3932 caumm
684 3885 761 3933 omnis
781 3900 873 3933 mamm
907 3884 956 3933 suis
968 3893 1073 3959 percutit
1086 3894 1110 3934 et
1124 3884 1233 3951 perfodit.
1265 3884 1329 3933 Hinc
1341 3885 1468 3940 Horatius,

315 3946 454 4012 corruptele
469 3960 524 4012 qnae
537 3955 587 3995 turn
601 3947 724 3996 Romanos
740 3964 874 4023 occupave-
907 3947 1042 3997 divitiarum
1059 3956 1198 4005 contemtor,
1215 3966 1268 4014 sup.
1280 3950 1361 3998 Caria.
1375 3948 1410 4003 iii,
1426 3950 1468 4007 16,

316 4018 363 4068 rat,
377 4010 477 4075 graviter
493 4010 619 4060 invehitur.
654 4013 785 4078 Postquam
802 4012 875 4075 igitur
909 4013 948 4068 19,
960 4012 1019 4061 Jure
1028 4016 1150 4075 perhomui
1162 4014 1221 4062 Late
1230 4016 1375 4075 conspicstum
1387 4014 1471 4063 tollere

316 4090 466 4125 communem
476 4075 591 4124 moriendi
601 4077 765 4126 necessitatem
773 4078 874 4141 opalen-
906 4080 1020 4125 wticm.
1054 4079 1107 4126 Dea
1130 4078 1263 4134 Necessitas,
1285 4076 1310 4124 h.
1327 4092 1350 4125 e.
1371 4077 1471 4134 Fatum,

317 4138 417 4188 tioribas
426 4147 481 4188 ante
490 4140 574 4189 oculos
628 4140 813 4207 nit,etScythes
826 4142 874 4191 Ge·
906 4138 1027 4206 Ἀνάγκη,
1039 4143 1131 4207 Μοῖρα,
1143 4144 1218 4189 elavos
1227 4143 1395 4197 adamamim,
1407 4140 1435 4188 h.
1447 4158 1471 4191 e.

317 4211 411 4269 tesque,
422 4212 471 4252 tarn
483 4203 557 4253 libem
571 4222 587 4253 u
604 4205 660 4270 ique
675 4220 784 4269 agrorum
798 4205 874 4261 cultu,
907 4204 1051 4254 firmissimos
1071 4204 1285 4271 validissimosque,
1310 4204 1346 4252 vel
1368 4208 1473 4254 matula

317 4283 390 4341 quain
404 4283 496 4317 monim
506 4267 549 4379 spui
559 4268 623 4333 apud
638 4284 679 4317 eos
690 4269 787 4333 vigeant
805 4284 874 4317 sanc-
909 4268 1357 4335 (utsup.i‚³5‚1iivocantur)‚rnanu
1366 4277 1473 4332 gestare,

315 4340 392 4389 utute,
404 4332 479 4382 multo
489 4332 513 4381 ie
523 4332 585 4379 icius
594 4331 674 4382 sisere
681 4332 772 4391 docuit,
784 4349 872 4381 unum·
905 4348 995 4398 eosque
1013 4336 1083 4383 rebus
1101 4333 1139 4383 rel
1158 4334 1273 4399 personis,
1291 4348 1352 4397 quas
1371 4330 1475 4383 domare

317 4411 447 4468 quemque,
458 4396 501 4461 qui
515 4404 626 4444 aternani
641 4397 671 4445 de
680 4398 760 4470 putris
769 4398 801 4445 ab
812 4397 873 4446 inte-
907 4397 945 4445 vel
962 4398 1073 4462 potestati
1090 4413 1140 4447 aare
1160 4397 1278 4461 subjicere
1292 4396 1353 4452 ruit,
1370 4396 1475 4461 infigere

316 4467 362 4506 ntu
374 4468 468 4509 ursata
477 4459 542 4525 apud
552 4467 657 4525 posteros
667 4459 712 4509 sibi
723 4476 807 4525 perure
817 4460 875 4509 velit
906 4460 1010 4524 fingitur.
1044 4464 1107 4513 Cum
1118 4461 1156 4510 his
1170 4461 1244 4510 clavis
1256 4460 1329 4525 igitur
1341 4460 1475 4511 Necessitas

315 4522 423 4583 gloriam,
446 4524 567 4573 indomita
588 4522 724 4572 divitiamm
749 4524 874 4590 cupiditati
907 4534 1004 4589 apparet
1019 4526 1083 4591 apud
1096 4525 1264 4589 divites,quos
1280 4524 1348 4573 morti
1360 4523 1402 4573 dat
1418 4527 1474 4574 cla-
