3150 5200
235 330 247 362 ⁸
541 337 707 405 LIBER
730 338 775 416 11,
799 341 831 405 6.
981 364 986 371 ·
1203 337 1262 401 411

197 490 388 565 Instituunt,
405 488 452 553 sic
469 486 533 553 Dis
549 488 714 573 placitum,
729 501 766 554 tu
781 490 932 555 carminis
947 501 1020 555 esto

198 591 410 675 Principium.
458 589 574 655 Romoe
590 613 779 674 sponsorem
794 613 845 655 me
861 592 960 675 rapis.
1006 592 1081 667 Eia,

198 692 253 757 Ne
267 694 357 777 prior
372 692 478 755 officio
492 692 664 776 quisquam
680 692 888 777 respondeat,
904 698 1002 777 urge!

130 796 179 859 25
201 794 276 858 Sive
292 792 414 877 Aquilo
429 793 516 857 radit
531 804 646 871 terras,
663 816 721 859 seu
736 797 852 859 bruma
864 795 1002 861 nivalem

200 895 360 961 Interiore
375 896 462 959 diem
477 918 558 979 gyro
573 896 685 972 trahit,
700 897 747 961 ire
763 918 898 961 neccsse
913 908 975 961 cst.

200 997 390 1073 Postmodo,
406 998 497 1081 quod
507 996 552 1061 mi
566 999 664 1075 obsit,
680 997 766 1063 clarc
781 1008 971 1082 certumque
985 999 1108 1076 locuto,

204 1099 412 1163 Luctandum
426 1101 460 1162 in
475 1101 573 1164 turba
586 1111 621 1163 at
635 1099 786 1165 facienda
800 1101 919 1184 injuria
933 1101 1046 1165 tardis.

204 1200 296 1273 Quid
312 1202 372 1265 tibi
387 1202 446 1278 vis,
463 1201 587 1278 insane,
603 1214 637 1265 ct
652 1223 749 1285 quam
763 1223 832 1265 rem
846 1203 938 1285 ogisi
961 1202 1129 1286 improbus
1144 1214 1240 1288 urget

134 1302 181 1366 30
202 1302 298 1367 Iratis
312 1304 476 1387 precibus.
523 1302 579 1366 Tu
593 1302 703 1386 pulses
719 1324 813 1366 omne
827 1302 917 1386 quod
932 1292 1053 1380 obstat,

204 1402 261 1468 Ad
277 1403 492 1471 Maecenatem
506 1405 639 1469 memori
655 1406 682 1467 si
696 1415 804 1469 mente
818 1426 978 1469 recurras.

206 1505 283 1572 Hoc
293 1508 398 1592 juvat,
414 1519 448 1571 ct
461 1506 548 1571 melli
562 1518 624 1583 est,
640 1527 706 1571 non
718 1508 866 1571 mentiar.
912 1504 961 1569 At
976 1506 1070 1570 simul
1081 1517 1168 1572 atras

205 1608 349 1673 Ventum
364 1620 415 1673 est
431 1608 608 1693 Esquilias,
621 1608 726 1672 aliena
739 1608 872 1693 negotia
885 1620 1016 1673 centum

208 1708 272 1773 Per
287 1722 434 1794 caputet
449 1712 535 1775 circa
550 1710 669 1774 saliunt
683 1710 778 1774 latus.
825 1709 915 1775 Ante
930 1711 1106 1775 secundani

139 1812 184 1874 35
206 1810 347 1876 Roscius
363 1814 488 1890 orabat,
505 1814 568 1877 sibi
582 1812 715 1875 adesses
730 1812 773 1875 ad
789 1810 907 1877 Puteal
919 1834 1002 1877 cras.

118 2014 342 2125 “ffuffm'h
352 2015 573 2089 auttvcndcbantnr
590 2023 631 2063 aut
641 2015 678 2093 1ο-
710 2018 811 2093 saritur
822 2014 952 2126 adipem?
960 2029 1080 2126 samm
1090 2015 1117 2063 in
1127 2016 1191 2065 circo
1201 2026 1271 2067 mstis

119 2088 374 2203 tutrifttf‘ffl’
387 2094 436 2127 ‘¹⁹‘
449 2090 599 2143 q⁰³⁸¹¹¹⁰⁸¹²⁵
613 2082 667 2143 (Μ
711 2093 844 2198 Ἣ.
868 2094 976 2191 simii
1000 2112 1133 2207 noso,
1147 2142 1190 2192 is
1205 2144 1272 2193 om

152 2206 259 2253 ‘co-22.
281 2208 365 2257 chus
385 2208 513 2257 orationis:
539 2208 565 2256 in
589 2208 647 2257 urbe
666 2222 682 2255 a
713 2222 770 2256 vocs
791 2214 817 2254 et
836 2213 902 2254 corta
921 2205 969 2255 fida
1034 2206 1097 2263 misi,
1119 2207 1185 2272 quod
1213 2208 1271 2257 mihi

119 2268 679 2335 primadieilucsinfinitaofficiorunnogotio·
711 2270 800 2319 damno
818 2285 871 2319 csse
889 2270 965 2336 possit
995 2271 1091 2336 sponsio
1104 2271 1168 2320 anim
1183 2271 1273 2321 darnno

119 2348 222 2397 numque
238 2348 325 2397 genera
342 2336 412 2385 nodo
429 2336 478 2386 huc
491 2336 631 2384 modoinus
642 2350 681 2385 nis
712 2344 748 2384 cst
765 2334 882 2399 sponsori,
900 2334 921 2383 si
937 2335 961 2384 ei
978 2350 1031 2384 rsrc
1048 2335 1209 2400 prutsndum
1225 2345 1272 2394 ost,

119 2397 217 2462 rapiunt
232 2398 385 2464 nudantque.
419 2400 533 2450 Horatius
550 2400 622 2464 igitur
630 2400 681 2465 jam
713 2398 778 2473 qaod
793 2414 820 2448 ss
837 2414 880 2464 pro
894 2398 976 2475 aliquo
991 2408 1103 2464 prastarc
1112 2399 1173 2449 reiis
1184 2401 1272 2465 promi·

120 2461 241 2509 matutina
257 2462 284 2511 in
301 2464 360 2513 urbs
378 2465 474 2529 negotia
493 2474 638 2519 narraturus,
655 2465 680 2512 in
713 2466 769 2525 sit),
789 2463 899 2513 rcdeunti
914 2463 974 2512 mihi
990 2479 1005 2512 c
1021 2464 1072 2511 foro
1083 2463 1225 2512 luctandum
1236 2473 1274 2514 ast

121 2526 156 2575 rei
178 2526 303 2575 curanda
329 2528 455 2594 principio,
478 2529 514 2577 uti
541 2529 589 2577 iere
612 2536 682 2593 poeta
713 2528 739 2576 in
761 2529 832 2577 turba
854 2526 987 2585 hominum,
1005 2527 1030 2575 vi
1048 2527 1211 2578 submovendo
1232 2544 1273 2578 cos

121 2590 476 2657 cpicusCallioponrsiulians
489 2594 595 2650 Musam,
608 2594 681 2658 signi-
714 2592 986 2660 quitardsprocsdunt.
1353 2625 1357 2633 ·

122 2655 221 2704 ficantur
238 2657 386 2706 Matutiuum
404 2669 502 2720 putrem,
521 2659 618 2714 Jnuum,
644 2658 682 2706 in·
746 2659 788 2714 29,
806 2659 848 2706 ³0.
881 2657 914 2705 Es
935 2674 1004 2720 quum
1020 2675 1069 2706 reus
1089 2657 1158 2721 ogisi
1183 2659 1275 2708 Scnsm

123 2727 204 2768 rocst.
245 2721 325 2770 Janus
347 2723 481 2772 Matutinus
507 2722 602 2780 dicitur,
625 2723 683 2789 quia
713 2721 786 2787 hujus
798 2720 860 2770 loci:
882 2729 934 2770 turn
951 2721 1023 2770 homo
1041 2720 1140 2796 quidam
1158 2721 1274 2787 importu-

21 2835 23 2844 ,
123 2782 177 2848 ojus
187 2784 262 2832 iarori
273 2801 322 2834 non
331 2787 500 2862 uniuscunque
511 2789 568 2836 anni
580 2796 681 2844 tantum,
715 2801 760 2835 nas
777 2795 803 2835 st
820 2785 939 2842 inficstus,
954 2801 1025 2850 qusm
1041 2801 1056 2835 s
1070 2801 1111 2834 vsa
1126 2786 1224 2842 ruinosi,
1236 2802 1274 2837 uss

124 2847 167 2896 sed
178 2847 251 2896 edam
262 2849 429 2916 uniuscunque
447 2851 495 2900 dier
506 2851 649 2918 principium
660 2861 684 2900 st
715 2849 846 2900 insectatur
866 2848 1075 2915 inprecationibus
1097 2857 1120 2898 ct
1142 2851 1275 2915 opprobriis

124 2911 221 2978 incepta
236 2915 478 2964 commendabanturs
502 2925 576 2978 potor,
594 2923 621 2964 ut
639 2915 683 2966 ini.
716 2913 762 2972 his,
788 2915 852 2969 Quid
869 2917 912 2962 stit
937 2916 980 2970 nis,
996 2916 1085 2968 ίιιεαηι,
1104 2924 1127 2962 ct
1142 2931 1211 2977 quous
1226 2932 1275 2964 rcus

125 2975 205 3041 Epist.
227 2977 244 3034 i,
273 2980 311 3034 16,
335 2981 375 3028 59.
419 2980 463 3027 Sors
484 2980 545 3028 June
568 2981 684 3029 lubentius
716 2980 782 3042 ugit?
816 2977 1207 3042 Adhancigiturcxplicationsm
1220 2995 1274 3028 mu·

125 3043 208 3089 nadis:
219 3043 345 3091 cumulant
354 3051 430 3107 poetas
441 3042 488 3098 dei,
497 3059 567 3108 quem
575 3043 684 3102 laudant,
717 3042 764 3090 tari
775 3042 850 3106 hujus
860 3042 908 3090 loci
918 3041 1104 3098 distinctionem,
1117 3057 1189 3105 quarn
1205 3044 1274 3091 crisi·

126 3105 238 3152 nomina:
257 3121 310 3171 sup.
328 3108 409 3156 carm.
429 3109 491 3156 Saec.
507 3124 531 3156 v.
546 3108 586 3163 15,
598 3108 649 3156 Sics
660 3117 686 3155 tu
716 3106 820 3155 buerunt
839 3107 963 3155 Gusncrus
980 3113 1005 3154 ct
1026 3105 1188 3162 Heindorfius‚
1211 3107 1277 3160 Quiri

125 3169 220 3218 Lucina
226 3172 308 3232 prodas
315 3174 402 3226 occari,
409 3173 455 3220 sias
465 3172 590 3220 Genitalis.
611 3173 686 3227 Unde,
720 3173 763 3218 tibi
774 3174 817 3228 uis,
828 3173 917 3227 insons,
925 3181 947 3218 et
956 3185 1077 3233 quomrum
1084 3173 1136 3234 agis
1146 3173 1278 3232 improtm?

126 3233 297 3296 cujusiavoro.
718 3233 850 3297 improbus:
873 3234 1015 3299 significatio
1035 3233 1109 3300 hujus
1130 3235 1203 3291 vocis,
1222 3251 1277 3300 qna

160 3297 203 3344 23.
220 3297 295 3347 soma
306 3313 432 3360 sponsorem
447 3315 481 3346 ms
492 3301 572 3361 rupis:
592 3299 684 3348 anunr
715 3297 763 3347 lats
774 3306 849 3363 patet,
860 3298 1062 3348 accommodanda
1076 3306 1113 3348 cst
1127 3297 1161 3347 roi
1180 3299 1211 3348 dc
1227 3315 1278 3365 qus

127 3359 305 3425 disperdentem
315 3362 385 3426 quasi
394 3371 419 3411 et
427 3361 588 3426 assignantem
597 3362 685 3426 cuique
717 3377 795 3411 scrmo
806 3373 860 3422 ειη
869 3361 920 3428 jam
933 3366 1047 3426 inprobus
1065 3370 1111 3420 cst,
1122 3366 1277 3426 importum,

127 3421 226 3472 diurnos
245 3425 338 3474 labores
357 3427 478 3492 appellare
496 3427 585 3492 pergit:
621 3425 685 3475 siin
717 3426 1167 3502 homopicnusrurisatinticctiarum:
1180 3427 1277 3477 cisa.

127 3488 186 3536 iubs
195 3503 285 3546 versor,
296 3505 366 3538 muno
378 3491 456 3540 statim
468 3505 506 3539 nso
517 3505 653 3556 sponsorum
661 3491 687 3538 in
720 3492 771 3539 Sat.
783 3491 810 3547 ir,
822 3493 847 3546 ³,
858 3493 917 3540 200.
951 3491 987 3539 Ta
1002 3494 1087 3566 pulsa,
1103 3500 1170 3550 cett,
1183 3500 1234 3540 tur

128 3551 205 3600 torum
222 3567 345 3619 properare
361 3555 449 3620 jubes,
465 3558 510 3610 eia,
522 3555 566 3612 uis,
577 3571 609 3602 ar
625 3571 644 3612 s,
657 3569 688 3604 ne
719 3555 758 3604 νεὶ
769 3554 835 3603 ausis
845 3570 929 3604 omncs
943 3555 970 3603 in
986 3555 1081 3604 vratibi
1090 3557 1212 3605 obstantes
1222 3557 1279 3622 pul·

126 3616 215 3680 quista
254 3618 288 3666 'or
296 3619 353 3667 huic
362 3619 440 3667 officio
451 3619 590 3668 satisfaciat.
607 3572 688 3666 diis-
720 3633 773 3668 sare
799 3623 894 3676 nostia
905 3621 1010 3668 uicistsst
1020 3621 1078 3668 uoti
1091 3637 1152 3684 geru
1169 3621 1226 3668 aiios
1236 3638 1279 3669 aas

127 3697 195 3744 urge,
213 3680 220 3728 i
239 3697 277 3730 cin
292 3691 329 3732 est
346 3683 411 3747 quod
430 3683 499 3747 Virg.
521 3685 581 3732 AEn.
596 3684 688 3741 iv‚569
720 3687 770 3731 dem
795 3683 863 3756 ngc
881 3684 980 3745 umen)
1002 3684 1096 3748 quotics
1122 3683 1166 3732 tibi
1193 3684 1281 3734 doinus

127 3743 195 3799 dicit,
210 3745 256 3792 Eia
266 3763 406 3810 agui-omps
417 3764 500 3795 moras.
721 3747 873 3801 Maecenatis.
890 3761 983 3812 sstnpcr
999 3748 1080 3797 animo
1097 3755 1140 3796 tuo
1150 3749 1278 3797 obversan-

161 3810 203 3866 25,
216 3811 257 3858 26.
287 3811 369 3867 Radit,
388 3810 549 3874 signifiosntsr
572 3825 615 3876 pro
635 3811 688 3859 vul·
720 3811 759 3868 tis,
771 3809 1111 3876 celoricursurcpotendasit.

129 3871 188 3936 gari,
210 3873 311 3937 perflat,
340 3891 395 3924 nain
425 3873 483 3924 duro
506 3878 596 3924 Auster
617 3883 690 3924 terras
752 3876 859 3924 :tt-³4.
877 3875 928 3923 Huc
942 3879 1025 3937 juvat,
1049 3883 1107 3924 cett.
1128 3875 1191 3923 ninii
1213 3889 1280 3932 sans,

128 3936 221 4000 perflat,
233 3937 313 3988 midas
330 3939 466 3988 abradendo
483 3955 525 3989 css
537 3939 609 4005 quasi
619 3939 688 4004 polit,
722 3941 805 3994 fateor,
817 3939 955 4000 contingere
963 3940 1022 3987 mihi
1033 3948 1111 4012 potcst
1121 3938 1166 3987 hoc
1175 3937 1206 3986 sd
1216 3939 1279 3986 Μι-

130 4009 223 4064 purgat,
241 4011 266 4049 ot
282 4002 403 4052 exsiccat:
431 4019 486 4069 sup.
506 4003 583 4069 Epod.
597 4005 689 4060 11155,
722 4011 830 4053 cenatum
850 4002 926 4051 ruditu
940 4001 1081 4066 jucundius,
1098 4003 1159 4051 nihil
1175 4000 1280 4051 dulcius.

128 4067 689 4194 iidiaii‘sidiiiiriiiriffl(³iii'
723 4065 974 4194 t''t,i⁴⁹‘ti¹ttt
986 4065 1284 4193 M‘titittffitoitss

128 4209 166 4240 mo
179 4193 292 4242 interiore
301 4167 361 4243 disin
371 4213 430 4261 gyro
442 4198 525 4253 trahit,
534 4197 619 4244 bruma
629 4195 689 4255 diss,
721 4205 787 4250 atra,
816 4193 875 4260 quia
907 4203 979 4244 antea
1005 4211 1120 4243 commuue
1150 4196 1282 4256 sepulcrum

130 4257 219 4319 quibus
241 4265 303 4308 terra
324 4259 377 4308 nive
396 4259 540 4324 contegitur,
563 4260 688 4319 contrahit,
720 4262 790 4322 plebi,
808 4267 835 4307 ut
851 4259 940 4307 Noster
955 4258 1060 4324 loquitur
1077 4274 1131 4324 sup.
1148 4260 1200 4308 Sut.
1219 4259 1236 4316 i,
1255 4259 1281 4314 8,

129 4321 299 4371 contractiorus
319 4332 345 4372 et
363 4324 482 4373 breviorus
500 4323 585 4374 reddit.
625 4325 690 4388 Gyro
724 4325 763 4378 10,
776 4323 810 4371 ibi
821 4333 926 4371 umas.
959 4325 1053 4381 Atiam,
1064 4338 1107 4387 pro
1115 4323 1169 4372 aliis
1179 4321 1280 4388 suscipi·

131 4387 248 4440 interiora,
277 4387 385 4446 minimo,
410 4388 559 4438 brevissimo.
600 4389 691 4437 Aratus
722 4387 793 4437 suda.
830 4388 876 4434 Per
896 4397 1007 4450 capistri
1024 4391 1086 4436 circs
1104 4389 1193 4435 saltim
1210 4389 1281 4443 utcu,

131 4449 196 4560 dmd
223 4451 363 4501 Ciceronem
381 4453 411 4501 do
431 4454 491 4530 tint.
511 4454 545 4530 D.
565 4452 592 4509 ii,
610 4454 639 4529 41
661 4453 691 4503 de
723 4468 761 4502 sne
773 4453 879 4528 obruunt
891 4459 917 4500 ct
930 4459 1049 4516 premunt,
1061 4453 1108 4506 vel,
1119 4459 1148 4499 ut
1156 4451 1284 4528 Terentius

154 4527 267 4578 yncsura,
287 4515 348 4564 Num
364 4533 434 4566 ciirsu
446 4527 555 4566 interiore
565 4519 626 4565 treus
638 4533 690 4566 um-
724 4517 838 4581 loqurtur,
854 4517 1041 4565 circumvallant.
1077 4517 1124 4564 Per
1135 4525 1205 4578 caput
1214 4517 1288 4564 solare
