3150 5200
581 345 808 412 CARMEN
831 349 864 411 9.

255 506 295 567 15
318 503 431 577 Quidt
456 501 546 586 quod
560 499 661 564 libelli
677 499 780 564 Stoici
795 499 880 562 inter
895 497 1017 562 sericos

446 601 565 666 «lacere
581 599 730 685 pulvillos
745 611 872 662 amant:

318 704 466 769 illiterati
481 725 558 768 num
573 703 678 765 minus
695 701 784 764 nervi
800 701 929 784 rigent?

445 805 599 868 Minuave
613 804 747 886 languet
761 801 942 866 fascinum?

317 906 418 979 Quod
432 917 469 969 ut
485 906 628 990 superbo
643 926 801 988 provoces
816 905 858 968 ab
871 904 1015 988 inguine,

253 1010 296 1072 20
447 1007 518 1071 Ore
532 1005 776 1071 allaborandum
791 1017 843 1070 eat
858 1006 930 1069 tibi.

576 1277 781 1344 CARMEN
806 1277 868 1342 lX.

506 1477 569 1524 AD
605 1473 943 1523 MAECENATEM.

317 1617 469 1690 Qunnno
485 1625 652 1700 repostum
667 1613 846 1678 Caecubum
861 1613 903 1678 ad
919 1612 1019 1677 festas
1035 1613 1151 1697 dapes,

449 1718 585 1782 Victore
600 1716 694 1780 laetus
710 1713 854 1792 Caesare,

320 1819 447 1883 Tecum
462 1820 524 1883 sub
539 1817 615 1893 alta,
632 1817 678 1882 sic
692 1815 768 1880 «lovi
783 1828 923 1900 gratum,
940 1816 1048 1893 domo,

450 1921 553 1984 Beate
570 1919 748 1995 Maecenas,
764 1918 885 1994 bibam,

267 2024 288 2086 5
321 2024 464 2088 Sonante
479 2024 616 2086 mixtum
631 2020 720 2084 tibiis
736 2041 866 2084 carmen
879 2018 962 2102 lyra,

449 2123 524 2188 Hac
540 2123 690 2198 Dorium,
708 2120 769 2183 illis
787 2120 993 2184 Barbarum?

181 2259 271 2306 7-10.
287 2259 346 2306 Sed:
363 2257 414 2306 brec
457 2256 542 2306 rticula
553 2253 655 2303 irrisioni
670 2254 706 2301 in·
740 2252 855 2302 metriae
874 2267 889 2300 o
906 2259 1029 2317 ponuntur
1047 2253 1112 2300 nervi
1131 2252 1231 2311 indocti,
1243 2255 1267 2303 b.
1278 2272 1301 2304 e.

147 2322 229 2378 servit,
247 2333 275 2372 ut
294 2321 355 2370 alias
371 2325 423 2370 eide
433 2324 486 2370 icet.
518 2319 599 2368 Multo
619 2317 707 2375 minus,
740 2316 803 2373 duri,
815 2318 841 2364 in
903 2333 940 2374 es,
949 2315 1028 2379 rigidi,
1037 2316 1079 2380 qui
1088 2316 1197 2366 doctrina
1207 2319 1302 2368 incitari

146 2386 190 2444 ait,
201 2403 239 2435 me
255 2386 354 2435 incitare
368 2393 445 2459 potest
455 2394 544 2448 pectus,
556 2392 615 2434 cett.
650 2385 707 2430 Vui-
740 2390 765 2430 et
781 2381 873 2447 impelli
889 2389 1019 2444 nequeunt.
1052 2381 1177 2431 Fortinum
1192 2383 1301 2446 (βασκά-

146 2461 183 2498 ter
197 2451 333 2506 mollir,lan
367 2449 455 2506 idus,o
506 2449 568 2496 nitur
581 2448 649 2496 lirino
665 2445 707 2494 ad·
742 2445 812 2508 νων)
836 2445 1056 2494 bimembrem
1085 2445 1154 2494 virile
1175 2447 1301 2521 signifieat.

146 2514 196 2564 buc
219 2523 243 2563 et
265 2523 414 2563 succuento.
447 2465 570 2570 ilicum,
592 2511 708 2576 superim-
741 2510 851 2583 Superbo,
868 2510 970 2575 superbe
987 2509 1118 2558 vetularum
1137 2511 1248 2561 libidines
1265 2527 1301 2560 re·

148 2579 263 2643 positum.
742 2573 866 2639 pudiante.

184 2646 289 2692 11-20.
308 2644 363 2693 Esto
382 2645 456 2700 lenm,
479 2650 534 2691 cett.
552 2656 651 2689 sensus:
676 2640 709 2687 sia

147 2706 206 2756 licet
213 2708 282 2756 dives
291 2716 316 2756 et
325 2706 421 2764 nobilis,
431 2722 474 2757 nec
484 2706 536 2755 ulla
546 2705 595 2755 alia
602 2712 710 2778 matrona
884 2767 889 2777 ι
913 2702 1067 2752 CARMEN
1084 2705 1132 2752 lx.

147 2768 708 2905 fflt'ttt‘ttttttitttttsstttt
741 2768 945 2880 iicllnlnmll
953 2766 1303 2898 littttttiitttttt

84 2922 89 2935 ·
149 2900 319 2949 minuatamen
331 2900 395 2948 nervi
408 2898 463 2955 mei,
475 2899 584 2963 quisunt
595 2896 707 2953 ilbterati,
743 2896 847 2944 Romam
868 2895 957 2943 allatus
979 2903 1042 2943 esset
1064 2897 1177 2951 nuncius,
1200 2896 1303 2960 publicas

149 2962 176 3011 b.
198 2980 221 3013 e.
260 2965 285 3013 ui
307 2979 356 3013 non
380 2964 505 3013 mulierum
529 2960 645 3015 doctrina,
667 2959 710 3009 sed
742 2960 787 3015 illi,
806 2960 832 3007 in
847 2974 1012 3023 quamomnes
1024 2960 1129 3008 Romani
1147 2961 1303 3018 incusarent,

148 3042 232 3076 earum
243 2981 318 3077 θοι-ιιι
332 3027 471 3083 incitantur,
483 3026 568 3089 rigent,
580 3024 709 3075 fascinum·
742 3023 831 3073 letitiae
842 3040 889 3071 non
900 3022 1108 3071 deluitlloratius.
1133 3024 1164 3072 ln
1175 3023 1220 3071 boe
1231 3024 1304 3086 igitur

149 3107 198 3154 qne
220 3092 328 3155 languet,
350 3092 415 3156 quod
440 3091 547 3155 quidem,
570 3104 625 3137 euni
650 3088 711 3137 illud
743 3087 856 3143 carmine,
879 3085 1053 3149 gloriosissimas
1072 3087 1108 3135 illi
1128 3087 1233 3149 Aufflisti
1253 3088 1302 3136 vic-

149 3154 210 3203 anili
230 3164 273 3205 tna
292 3156 367 3205 forma
389 3155 510 3222 provocari
532 3161 644 3217 nequeat,
664 3152 711 3201 alio
743 3153 810 3200 toria
818 3150 965 3200 celebranda
974 3158 1118 3206 consecrato,
1127 3150 1229 3216 primum
1238 3151 1304 3200 diem

150 3219 222 3268 modo
244 3220 288 3268 tibi
309 3220 485 3286 provocandum
507 3226 554 3267 est.
596 3218 710 3280 Imagines
742 3216 839 3272 festum,
866 3230 939 3289 quem
965 3213 1030 3279 apud
1058 3218 1217 3264 Maecenatem
1243 3215 1304 3265 inter

150 3283 319 3346 Triumphales,
330 3283 446 3347 majorum
460 3283 561 3338 scilicet,
571 3280 658 3345 quibus
669 3279 709 3328 tri·
742 3279 898 3343 generosioris
915 3277 967 3326 vini
984 3279 1071 3344 pocula
1092 3288 1116 3328 et
1138 3279 1199 3327 inter
1217 3278 1306 3329 mixtos

149 3348 235 3412 umpbi
251 3348 326 3397 bonor
343 3348 450 3411 contigit.
468 3347 576 3410 adeoque
591 3344 710 3394 nobiliasi-
743 3344 855 3392 tibiarum
868 3345 877 3391 l
942 3359 973 3391 ue
987 3352 1073 3392 cantus
1084 3352 1249 3392 transacturus
1262 3345 1303 3401 ait,

149 3426 243 3459 morum
263 3414 365 3461 virorum
385 3411 510 3475 imagines.
544 3410 626 3457 Furius
645 3418 711 3457 tuum
743 3407 843 3467 indicit3
866 3407 952 3456 deine
973 3406 999 3454 in
1022 3407 1164 3463 Antonium,
1187 3408 1229 3473 qui
1251 3408 1303 3457 Ro·

149 3477 247 3533 ductat,
259 3476 336 3526 lunari
351 3486 392 3524 tuo
407 3476 569 3539 praeierantur,
581 3472 646 3537 quod
663 3489 710 3522 non
743 3488 821 3521 manae
832 3471 924 3521 virtutis
940 3471 1011 3546 plane
1024 3472 1113 3521 oblitus
1127 3473 1261 3537 Cleopatras
1278 3488 1305 3523 se

149 3547 245 3587 tantum
264 3539 290 3587 in
313 3540 427 3589 nobilium
446 3539 558 3594 virorum,
577 3536 619 3586 sed
640 3537 710 3586 etiam
743 3535 842 3609 turpiter
854 3536 1047 3600 emancipaverit,
1063 3536 1137 3585 nobili
1152 3552 1208 3585 cum
1224 3534 1304 3603 indig·

149 3602 269 3651 nobilium
281 3614 440 3653 matronarum
451 3604 533 3653 lunera
545 3602 596 3651 fieri
605 3602 708 3651 solebat:
744 3610 841 3648 natione
857 3600 991 3659 invehitur;
1008 3615 1063 3647 mox
1079 3601 1169 3649 letitiae
1184 3617 1256 3651 sensu
1271 3603 1306 3651 ita

149 3666 200 3715 vid.
212 3666 266 3716 Cic.
278 3668 307 3717 de
324 3670 393 3717 Orat.
403 3668 429 3726 ii,
441 3671 482 3717 55.
516 3667 616 3715 Funeris
633 3674 712 3715 autem
744 3664 869 3729 abripitur,
886 3673 922 3719 ut,
942 3662 1011 3728 quasi
1028 3664 1079 3728 jam
1094 3664 1201 3713 ‘Antonii
1220 3666 1304 3722 victor,

150 3746 180 3781 eo
202 3732 311 3781 acerbius
333 3732 476 3781 mentionem
499 3730 564 3787 lacit,
587 3744 642 3777 aum
664 3730 711 3778 ista
744 3731 947 3793 Augustus,cum
964 3743 1052 3801 pompa
1068 3729 1206 3794 triumphali
1221 3732 1303 3779 urbem

151 3810 225 3853 auus,
240 3805 268 3845 ut
286 3810 338 3860 sup.
358 3796 393 3851 iii,
415 3798 453 3852 15,
472 3799 487 3844 4
505 3796 604 3849 Chloris,
621 3804 712 3845 maturo
742 3792 899 3857 ingrediatur,
916 3792 942 3840 in
960 3792 1083 3857 publicam
1099 3792 1167 3841 illam
1185 3794 1304 3842 acelama-

142 3858 233 3923 fuiieri
250 3864 343 3921 propior
362 3868 433 3909 esset.
467 3860 665 3916 Rotundioribus;
687 3860 712 3907 in
744 3858 841 3912 tionem.
859 3856 886 3905 lo
905 3858 1033 3917 triumplu!
1054 3866 1172 3921 erumpat,
1189 3866 1221 3913 et,
1236 3858 1306 3921 qnasi

150 3922 279 3971 baccarum
290 3924 353 3972 enim
364 3924 506 3973 rotunditate
517 3938 600 3971 earum
612 3922 712 3987 pretium
745 3922 771 3970 in
783 3920 863 3971 media
872 3920 1046 3984 compotatione
1053 3921 1104 3985 jam
1115 3921 1214 3969 liberius
1225 3921 1306 3969 Genio

151 3988 318 4050 spectabatur:
336 3987 386 4036 vid.
398 3988 463 4036 Plin.
479 3988 512 4042 ir,
524 3988 564 4035 ³5.
597 3988 712 4043 Amtulrt,
745 4002 789 4035 suo
806 3984 873 4034 indul
905 3993 937 4039 at,
949 3984 1051 4047 largiora
1067 3985 1154 4048 pocula
1167 3982 1212 4031 sibi
1229 3983 1306 4033 afferri

151 4050 274 4099 notionem
282 4052 401 4117 superbire
409 4050 560 4127 etjactaiitim
568 4049 713 4127 babetivid.
743 4049 836 4123 jubeat.
894 4056 975 4113 mpetu
990 4048 1100 4159 ⁸(puerilem
1122 4054 1192 4111 poeta
1213 4048 1239 4121 in
1260 4048 1305 4097 boc

151 4130 207 4179 sup.
220 4114 283 4163 adE
333 4118 413 4173 .4,5.
442 4114 621 4165 Liteltissoiu:
639 4114 715 4163 facete
746 4128 852 4161 carmine
863 4113 944 4167 fertur,
955 4127 998 4176 qur
1016 4118 1189 4175 mutrae,poetar
1198 4127 1306 4160 animum

151 4193 226 4227 anum
235 4178 278 4227 libi
296 4180 388 4229 inosam
398 4179 484 4229 Stoica
495 4177 651 4243 philosophia
663 4184 713 4226 stu·
747 4176 916 4225 confundentis
936 4175 1013 4237 inagis
1034 4190 1106 4238 quain
1133 4175 1308 4249 persuadentis,

151 4242 244 4291 tlioaarn
260 4243 365 4293 inducit!
400 4246 485 4291 Amant
495 4246 585 4306 jacere,
596 4241 665 4305 quasi
679 4241 714 4290 sic
748 4238 937 4304 magnitudinem
946 4239 1039 4303 egregie
1047 4238 1164 4304 erpiimit.
1184 4240 1306 4289 Ineodem

148 4306 231 4371 jacere
242 4307 288 4355 sibi
299 4309 405 4374 placent.
440 4307 618 4355 illiteratinum
630 4311 714 4363 minus,
748 4312 898 4369 argumento,
907 4302 944 4351 vel
955 4303 980 4351 in
989 4304 1071 4351 eadem
1079 4302 1186 4367 Augusti
1195 4303 1225 4352 de
1235 4304 1307 4353 Cleo·

151 4381 211 4420 cett.
252 4372 377 4429 Horatius,
397 4380 424 4421 ut
442 4371 542 4427 videtur,
559 4369 612 4417 vult
630 4370 716 4427 dicere,
765 4378 817 4417 atra
826 4376 852 4417 et
863 4367 970 4417 Antonio
981 4368 1088 4421 victoria,
1097 4376 1203 4416 versatur
1211 4382 1308 4443 qnoque

152 4452 213 4484 num
226 4445 305 4499 putas,
315 4452 400 4487 nervos
410 4452 475 4485 meos
486 4434 548 4491 ideo,
558 4433 614 4499 quia
622 4442 649 4483 tu
660 4434 717 4483 doc·
748 4386 802 4481 libri
813 4432 883 4498 primi
896 4447 992 4481 carmen
1009 4431 1155 4496 trigesimum
1165 4442 1309 4498 septimum

153 4500 241 4549 trinam
252 4517 300 4564 piar
311 4510 335 4551 te
351 4502 406 4556 leia,
419 4500 499 4549 minus
509 4500 600 4562 rigeret
629 4498 718 4562 Lepide
750 4497 793 4547 sed
807 4496 831 4545 id
847 4496 921 4547 serius
937 4496 1052 4562 scriptum
1068 4505 1105 4545 est
1118 4506 1178 4554 tum,
1189 4514 1244 4547 cum
1257 4500 1310 4547 Ro-
