3150 5200
566 340 730 407 LIBER
754 340 781 419 l,
799 342 831 405 3.

208 495 383 560 Thracane
398 515 468 569 vos,
484 492 684 577 Hebrusque
700 492 798 557 nivsli
812 494 969 578 compede
984 495 1123 573 vinctus,

208 595 265 661 An
278 595 362 661 frete
377 595 498 660 vicinas
513 595 598 659 inter
613 594 777 659 currentis
791 606 911 672 turres,

152 699 175 761 5
208 696 265 763 An
280 698 419 781 pingues
435 696 526 762 Asiae
540 698 647 781 campi
661 694 826 780 collesque
840 700 1029 761 morentur?

209 798 301 872 Quid
317 798 465 862 studiose
479 798 596 863 cohors
612 818 749 881 operum
763 798 881 862 struit?
904 798 975 862 haee
987 819 1118 881 quoque
1133 820 1230 875 cu103

209 900 294 974 Quis
310 900 372 964 sibi
387 922 440 964 res
455 909 565 984 gestes
577 897 722 983 Augusti
738 899 881 963 scribere
897 900 1016 963 sumiti

208 1000 302 1065 Belle
315 1002 389 1083 quis
405 1012 439 1065 et
453 1022 552 1085 psces
567 998 699 1083 longum
715 998 872 1064 diffundit
886 1002 919 1065 in
934 1005 1060 1066 aevurn?

209 1102 301 1176 Quid
316 1100 439 1178 Titius,
456 1099 606 1165 Romane
620 1100 712 1163 brevi
726 1111 884 1165 venturus
898 1102 932 1165 in
946 1124 1015 1180 ore,

145 1206 186 1268 10
208 1204 375 1269 Pindarici
390 1202 490 1267 fontis
506 1203 642 1287 quinon
657 1201 816 1286 expalluit
830 1201 980 1281 haustus,

208 1305 371 1370 Fastidire
386 1304 488 1381 letus,
503 1314 537 1368 et
550 1304 637 1367 rivos
652 1324 752 1367 ausus
767 1308 921 1387 apertos?

208 1406 256 1470 Ut
271 1406 378 1471 valeti
401 1418 438 1470 ut
452 1406 597 1470 meminit
612 1405 736 1468 nostrii
759 1404 924 1469 fidibusne
940 1405 1067 1471 Latinis

208 1506 388 1572 Thebanos
403 1520 517 1593 aptare
532 1506 647 1571 modos
663 1506 785 1583 studet,
802 1507 934 1590 suspice
949 1507 1070 1571 Musei

209 1609 266 1674 An
281 1611 405 1694 tragice
420 1609 556 1674 deservit
570 1620 605 1673 et
619 1607 816 1692 ampullatur
830 1609 864 1671 in
879 1612 971 1673 arte?

147 1712 188 1774 15
210 1710 302 1784 Quid
316 1710 396 1775 mihi
411 1710 528 1775 Celsus
544 1713 633 1796 agit?
656 1711 798 1775 monitus
811 1709 1012 1795 multumque
1026 1712 1218 1789 monendus

210 1812 360 1877 Privatus
376 1823 414 1876 ut
427 1822 554 1895 quoeret
569 1834 660 1896 opes,
677 1823 710 1875 et
724 1822 859 1895 tongere
874 1812 954 1876 vitet

210 1913 351 1998 Scripta,
368 1913 537 1978 Palatinus
553 1935 756 1998 quaeeunque
770 1914 895 1996 recepit
910 1911 1048 1997 Apollo;

209 2014 276 2092 Ne,
293 2016 321 2079 ei
335 2013 421 2080 forte
437 2038 512 2079 sues
528 2015 703 2099 repetitum
717 2016 843 2078 venerit
858 2013 933 2078 olim

211 2115 305 2181 Grex
320 2118 427 2182 svium
441 2117 580 2201 plumas,
596 2126 724 2180 moveat
737 2115 903 2180 corniculo
917 2116 1017 2179 risum

142 2216 188 2280 20
209 2215 352 2283 Furtivis
368 2220 491 2283 nudate
506 2218 681 2284 coloribus.
728 2215 805 2301 lpse
819 2216 900 2300 quid
915 2216 1041 2281 sudes?

211 2319 297 2391 Quae
312 2320 433 2384 circum
447 2320 563 2385 volitas
579 2318 673 2403 agilis
688 2318 821 2401 thyma?
844 2340 909 2382 non
924 2318 984 2382 tibi
998 2340 1135 2401 parvum

146 2404 159 2433 ⁶
210 2419 390 2504 Ingenium,
406 2443 473 2486 non
487 2420 645 2485 incultum
660 2430 722 2496 est,
738 2441 799 2483 nec
814 2420 954 2503 turpiter
968 2419 1101 2483 hirtum.

157 2590 213 2646 m.
232 2590 355 2647 Claudius,
364 2589 474 2640 Tiberius
484 2590 602 2640 Claudias
609 2590 684 2648 Nero,
715 2592 741 2646 9.
760 2590 784 2646 ⁴,
802 2599 830 2638 nt
848 2591 947 2654 dignum
961 2598 1035 2638 rents
1053 2590 1161 2653 domoque
1181 2593 1277 2656 legentis

121 2653 199 2702 Livite
214 2654 287 2711 tibus,
298 2657 400 2718 Augusti
414 2657 546 2718 priuignus,
576 2655 623 2704 uod
636 2669 684 2702 non
716 2655 808 2702 innata
821 2654 921 2702 Neronis
930 2653 1092 2702 commendet.

122 2733 185 2784 opus
196 2718 359 2778 ersteddere3
375 2718 417 2766 sed
432 2718 547 2769 llorstius
558 2673 605 2768 hie
622 2735 683 2782 quo·
751 2719 791 2768 10.
810 2719 933 2766 Pindarici
943 2719 1022 2783 sontis
1040 2722 1081 2780 qni
1099 2737 1145 2767 noa
1163 2721 1278 2782 expalluit

122 2797 170 2846 quc
183 2782 287 2846 Augusti
300 2781 403 2829 nominis
418 2783 682 2848 cumrerecundiasp·
716 2783 820 2838 haustra,
843 2782 886 2846 qui
908 2797 923 2829 e
945 2781 978 2832 rei
1005 2797 1098 2847 megae
1124 2791 1222 2841 consto,
1245 2787 1277 2833 ab

122 2845 229 2910 pellendi
239 2845 389 2896 occasionem
401 2846 492 2912 arripit.
526 2847 622 2902 laboro,
635 2847 683 2912 sig-
717 2845 805 2894 haustu
821 2845 894 2894 lenus
908 2845 1040 2901 Pindarici,
1058 2863 1084 2896 se
1101 2863 1150 2895 non
1166 2847 1278 2898 deterreri

123 2909 259 2958 nificentius
270 2926 321 2976 pro.
333 2908 413 2975 cupio,
424 2925 491 2960 eveo.
772 2925 801 2958 us
812 2919 856 2966 est,
866 2910 891 2958 h.
900 2926 922 2958 e.
934 2911 976 2974 qui
989 2925 1062 2958 ausus
1072 2920 1110 2960 est
1119 2912 1205 2960 imitari
1216 2913 1276 2962 Pin·

89 2975 93 2986 '
155 2975 180 3022 3.
204 2974 338 3037 Hebrusque
361 2976 434 3022 nivali
459 2977 561 3048 compede
583 2977 683 3032 cinctus,
733 2989 809 3022 erum.
836 2974 967 3036 Espallsit,
979 2975 1084 3040 expavit,
1093 2975 1222 3032 exhorruit,
1234 2993 1276 3026 er·

155 3037 197 3086 ulo
220 3037 347 3086 sublimius
391 3053 425 3094 ro,
449 3038 528 3100 glscre
551 3047 684 3088 concretus.
715 3037 806 3086 timuit.

149 3103 224 3158 sinn,
251 3111 322 3150 notus
349 3053 460 3150 Timete
488 3101 585 3158 fluvius,
611 3102 682 3151 hodie
749 3103 787 3149 ll.
805 3102 922 3150 Fastidire
939 3104 1011 3158 hm,
1029 3109 1086 3151 cett.
1098 3101 1140 3166 qui
1151 3117 1225 3151 susus
1239 3115 1278 3153 est

123 3165 214 3212 Muris.
714 3166 828 3228 vulgares
848 3166 918 3214 lacus
936 3173 961 3214 et
981 3166 1042 3214 rivos
1062 3166 1150 3231 cuique
1168 3176 1276 3231 patentes

155 3231 181 3276 4.
202 3227 293 3275 Vicinus
312 3237 397 3286 turres,
417 3231 502 3277 Seston
525 3239 549 3280 et
567 3230 607 3278 Ab
624 3230 682 3286 don,
715 3237 875 3287 contemnere,
891 3229 916 3277 h.
933 3245 956 3278 e.
973 3230 1137 3294 striganum
1154 3240 1276 3296 ροοίιηιω

123 3292 197 3340 urbes
220 3291 325 3340 munitas
351 3292 511 3357 Hellesponti,
534 3295 600 3342 Lean
631 3293 636 3304 '
660 3302 685 3343 et
715 3309 962 3358 gregesesecernere.

124 3355 207 3404 Herus
216 3369 295 3403 tmere
305 3355 364 3403 satis
374 3364 451 3405 notes.
749 3359 788 3414 12,
803 3358 842 3407 ts.
860 3359 986 3407 Fidibnsns
998 3358 1091 3407 Latinis
1104 3357 1220 3408 Thebanos
1234 3379 1276 3424 ap·

157 3421 183 3466 5.
201 3417 342 3466 Morantur?
357 3434 399 3468 vos
416 3429 505 3478 tenent,
517 3421 635 3470 retinenti
652 3436 683 3470 sn
715 3430 765 3469 tare
781 3425 864 3470 modos.
899 3421 1014 3470 ibetaaos
1029 3425 1103 3470 nodos
1114 3423 1207 3472 Latinis
1213 3426 1277 3488 fidi·

121 3495 166 3530 ros
180 3479 232 3555 iem
245 3482 420 3582 commormpini
432 3483 457 3534 iu
471 3485 602 3550 pinguibus
617 3483 683 3533 Asis
716 3486 757 3532 bus
770 3496 852 3547 aptare
861 3495 906 3539 est,
918 3487 1048 3534 Thebanos
1058 3485 1141 3534 modos
1151 3489 1278 3539 transferre

121 3545 382 3666 mpptzppdcptllpzppa'
391 3619 448 3660 cett.
482 3611 549 3670 Quid
558 3612 683 3674 (omrem)
716 3548 873 3662 iiiitisiiicrih
879 3548 1278 3683 allslihbsdtiirhirid'iihiisriiriisii

121 3687 201 3721 rerum
218 3673 396 3722 scribendsmm
413 3691 477 3723 nunc
496 3677 627 3724 moliuntur
642 3675 686 3724 viri
718 3676 767 3725 Od.
779 3676 805 3731 ii,
819 3679 857 3733 12,
871 3680 895 3734 4,
908 3679 984 3725 molles
995 3681 1067 3725 modos
1082 3680 1277 3744 eitharaaptare‚

121 3734 188 3784 docti
202 3737 244 3800 qui
266 3745 322 3786 sunt
338 3737 364 3785 in
385 3739 482 3788 cohorte
498 3748 576 3788 vestra
591 3741 642 3789 sive
660 3739 686 3786 in
718 3749 742 3788 et
753 3738 802 3788 Od.
814 3742 846 3795 iv,
859 3742 884 3796 9,
898 3744 921 3794 4,
931 3745 1000 3790 uerbo
1017 3744 1078 3804 lopui
1090 3746 1198 3791 rosmoda
1211 3748 1277 3792 chor-

122 3800 355 3850 comitetn'liberiit
382 3802 489 3850 Studiose
500 3803 684 3852 releredcomi·
717 3806 762 3851 dis.
795 3806 894 3866 Auspice
902 3804 980 3859 Missa,
990 3804 1125 3868 adspirante
1136 3806 1174 3855 vel
1185 3808 1278 3857 latente

122 3871 160 3912 tes
177 3865 292 3913 bonerum
303 3864 433 3914 litterarum
445 3866 577 3924 studiosos;
594 3868 625 3916 sd
642 3868 686 3914 hos
719 3869 802 3916 Muss.

123 3929 251 3994 pertinent⁸
262 3943 323 3992 quos
336 3928 361 3976 in
372 3944 398 3977 se
415 3930 529 3978 uentibus
540 3946 684 3980 commemo·
752 3933 792 3986 14,
807 3935 845 3979 15.
863 3933 900 3979 An
912 3935 1011 3995 tragico,
1024 3939 1081 3979 cett.
1092 3945 1123 3978 sn
1134 3932 1159 3979 in
1171 3934 1277 3982 scriben-

123 3999 169 4049 ret,
180 3991 269 4048 Titius,
279 3993 375 4047 Celsus,
417 3994 522 4042 unstius.
717 3994 755 4042 dis
770 3994 1001 4059 trsgoediisrerssns
1020 3993 1114 4060 poetico
1131 3995 1209 4044 lurore
1225 4013 1278 4045 cor·

157 4057 182 4103 d.
199 4056 305 4120 Longum
319 4056 434 4122 diffisadit
445 4060 471 4104 in
481 4061 569 4105 auum?
586 4057 616 4106 ad
628 4073 682 4122 pos-
715 4058 807 4170 ripitur,
817 4068 842 4107 et
850 4059 933 4107 altiore
941 4059 1024 4123 spiritu
1036 4058 1132 4106 inflatus
1140 4059 1279 4108 sublimiore

123 4119 242 4168 teritstem
273 4123 411 4185 propag-sti
445 4121 570 4170 eternitati
600 4137 684 4170 conse-
716 4124 829 4171 sectati
863 4123 929 4171 Dum
945 4122 1029 4171 laudet
1039 4122 1155 4170 Horatius
1172 4122 1278 4172 amicum

122 4185 190 4231 crstl
715 4201 786 4234 suum
807 4185 908 4242 Titium,
924 4186 1025 4235 eundern
1045 4185 1117 4234 simul
1137 4195 1166 4235 ut
1184 4195 1279 4252 ροοίαηι

156 4249 182 4296 9.
200 4247 292 4295 Titius:
311 4247 388 4296 Titias
405 4249 535 4310 Septimiis,
547 4265 621 4312 eques
633 4249 684 4297 Ro·
717 4249 838 4313 turgidum
850 4258 932 4299 notare
942 4249 1043 4299 videtur.
1076 4249 1203 4314 Ejusmodi
1213 4252 1278 4300 enim

123 4325 212 4358 manus
229 4313 271 4372 (ut
288 4310 359 4360 docet
376 4311 523 4424 Porphpriue
539 4350 546 4370 ‚
565 4313 628 4362 idem
648 4320 685 4361 est
716 4313 868 4379 reprehensio
889 4314 949 4363 latet
967 4315 993 4362 in
1012 4315 1110 4363 vocibus
1129 4318 1235 4364 desevire
1254 4323 1280 4365 et

141 4390 196 4423 uem
208 4374 322 4422 Horatius
332 4389 361 4422 su
382 4376 423 4424 ΙΟ
443 4376 487 4432 .1i,
498 4377 522 4432 6,
534 4386 561 4426 ut
572 4385 685 4444 spectate
716 4381 852 4440 ampullari.
887 4380 952 4432 Quid
970 4381 1027 4427 milti
1043 4382 1104 4443 agit.
1137 4380 1209 4436 Mihi,
1226 4383 1278 4437 tibi,

121 4389 177 4487 idei
192 4439 298 4487 troicum
314 4391 433 4498 celebrem
450 4440 475 4487 h.
489 4441 507 4488 l.
518 4457 572 4490 cum
588 4451 616 4490 ut
626 4457 683 4508 poe-
715 4445 768 4498 siln',
780 4446 852 4502 sniis,
864 4445 924 4491 sabis
934 4459 968 4492 sse
985 4444 1023 4491 ius
1034 4459 1090 4493 eum
1101 4444 1124 4493 vi
1136 4443 1240 4508 quedam
1253 4444 1278 4492 in

121 4509 172 4551 tem
187 4501 254 4552 baud
263 4501 387 4566 vulgarem
406 4503 498 4561 ltudet,
510 4513 535 4556 et
549 4504 593 4555 ini.
605 4506 683 4571 Epist.
716 4507 779 4558 salse
801 4516 844 4557 sut
860 4507 944 4571 jocose
965 4460 1036 4558 dictis
1056 4508 1200 4558 abundant:
1224 4508 1279 4560 vide
