3150 5200
624 873 1102 976 PRAEFATIO

665 1183 854 1237 EDITIONIS
872 1183 1067 1238 SECUNDAE.

290 1740 368 1802 Con
384 1735 547 1801 secundus
563 1746 668 1799 tomus
684 1734 827 1813 Horatii,
844 1757 941 1820 quem
959 1747 1034 1801 ante
1049 1747 1190 1821 quatuor
1204 1739 1323 1804 abhinc
1331 1760 1440 1817 ‚annos

288 1833 451 1922 edendum
473 1853 595 1931 curavi,
620 1853 653 1918 in
676 1854 822 1918 tabernis
844 1853 984 1917 librariis
1008 1865 1157 1938 prostare
1182 1856 1334 1934 desierit3
1367 1857 1440 1939 ejus

288 1974 460 2039 redemtor·
474 1974 639 2050 Halmius,
667 1970 730 2036 Vir
756 1971 1028 2048 Honestissimus,
1056 1971 1219 2050 utillum,
1245 1974 1287 2037 de
1313 1975 1442 2058 integro

287 2093 375 2177 typis
398 2091 662 2168 describendum,
681 2112 960 2175 recognoscerem,
975 2102 1019 2168 et,
1040 2101 1198 2174 quantum
1219 2091 1294 2155 fieri
1316 2101 1441 2175 posset,

287 2210 539 2274 mandationem
561 2220 595 2274 et
616 2209 807 2274 limationem
830 2209 1012 2286 redderem,
1032 2231 1084 2272 me
1097 2206 1230 2292 rogavit
1248 2219 1283 2272 et
1302 2209 1441 2293 impulit.

288 2327 398 2399 Quam
412 2328 544 2410 quidem
556 2327 783 2391 demandatam
798 2326 995 2409 provinciam
1008 2327 1137 2411 suscepi
1148 2348 1211 2410 ego
1223 2327 1441 2410 promtissime

287 2445 557 2527 paratissimoque
577 2445 695 2507 animo.
748 2443 804 2507 Sic
826 2445 913 2507 enim
925 2443 983 2521 ea,
1000 2446 1034 2507 in
1053 2445 1175 2528 quibus
1190 2446 1241 2508 ine
1262 2447 1389 2509 errasse
1407 2454 1443 2508 et

289 2562 360 2646 ipse
373 2561 598 2628 intellexeram
619 2573 655 2627 et
670 2559 726 2625 alii
740 2574 942 2641 monuerant,
957 2573 1015 2629 aut
1028 2561 1162 2627 tollendi
1177 2572 1235 2627 aut
1250 2561 1441 2647 diffingendi

288 2682 417 2745 occasio
431 2680 510 2745 mihi
524 2680 633 2745 oblata
648 2690 699 2743 est
713 2682 970 2765 exoptatissima.

332 2799 398 2863 Hic
432 2808 539 2861 autem
576 2819 642 2861 non
670 2820 815 2882 possum,
846 2802 925 2883 quin
961 2810 1036 2863 ante
1073 2801 1180 2864 omnia
1216 2798 1436 2883 gratissimum

287 2920 428 2983 animum
443 2914 598 2980 testificer
613 2916 652 2978 iis
662 2916 759 3010 ¹Viris
784 2916 913 2994 Doctis,
937 2917 1005 3000 qui,
1029 2918 1086 2982 ubi
1111 2940 1133 2983 a
1154 2940 1206 2983 me
1231 2916 1440 2992 dissentiunt,

287 3036 338 3101 vel
361 3038 418 3100 ubi
441 3058 579 3114 errores,
603 3036 724 3119 quibus
747 3058 842 3101 nemo
865 3058 930 3099 non
953 3036 1114 3100 obnoxius
1138 3047 1199 3113 est,
1215 3034 1443 3120 deprehende·

286 3156 377 3231 bant,
402 3177 467 3219 non
490 3154 598 3219 feroce
621 3154 728 3239 aliqua
754 3154 964 3231 confidentia,
987 3175 1053 3218 non
1077 3155 1220 3237 superba
1245 3153 1441 3236 arrogantia,

288 3272 347 3335 sed
371 3274 500 3338 amabili
519 3275 678 3339 modestia
695 3284 728 3337 et
745 3274 864 3357 insigni
889 3272 1099 3348 humanitate,
1115 3294 1189 3355 quoe
1208 3271 1304 3335 dccet
1323 3270 1442 3334 libera·

286 3385 365 3452 lium
380 3393 497 3456 artium
512 3393 725 3477 professores,
741 3392 925 3454 dissensum
948 3412 1041 3453 suum
1064 3388 1115 3452 vel
1134 3410 1281 3452 errorum
1297 3389 1442 3453 animad-

287 3508 451 3573 versiones
470 3521 720 3594 proposuerunt.
768 3508 808 3572 In
827 3508 878 3571 his
894 3519 945 3572 est
959 3506 1022 3572 Vir
1036 3504 1242 3570 Clarissimus
1259 3505 1440 3583 ObbariuS,

286 3627 343 3709 qui
365 3627 399 3689 in
422 3626 633 3711 dijudicando
655 3628 717 3692 hoc
742 3637 829 3692 tomo
853 3626 985 3691 Horatii
1006 3625 1150 3691 secundo
1165 3647 1230 3689 non
1246 3624 1350 3689 solum
1364 3625 1443 3689 doc·

287 3745 391 3821 trinae,
407 3768 473 3829 qua
495 3746 636 3823 excellit,
661 3746 771 3831 copias
795 3746 828 3808 in
848 3746 991 3809 medium
1008 3744 1144 3830 protulit
1158 3742 1365 3821 lautissimas,
1383 3743 1442 3807 sed

285 3864 384 3928 etiam
397 3864 631 3947 animumque
651 3865 785 3947 regitur,
806 3864 956 3947 probavit
976 3861 1235 3926 liberalissimum
1254 3873 1288 3925 et
1307 3863 1341 3926 in
1360 3861 1441 3927 alios

286 3984 516 4066 aequissimum.
563 3982 715 4046 Eundem
738 3983 848 4065 igitur,
874 3982 931 4045 ubi
953 3982 987 4043 in
1009 3980 1072 4044 hac
1096 4002 1179 4043 nova
1203 3981 1280 4043 tomi
1305 3980 1440 4045 secundi

286 4102 474 4165 recensione
490 4122 509 4163 a
524 4122 574 4164 me
598 4102 771 4185 impetrare
795 4122 860 4163 non
878 4100 982 4184 potui,
999 4100 1122 4183 atejus
1137 4100 1171 4161 in
1184 4098 1345 4163 nonnullis
1360 4098 1441 4162 locis

286 4231 351 4282 tam
370 4196 556 4304 explicandi
571 4240 668 4301 quam
690 4229 818 4283 veteres
840 4218 997 4282 lectiones
1021 4216 1219 4281 defendendi
1237 4215 1355 4280 rationi
1375 4213 1443 4277 suf-

285 4338 442 4421 fragarer,
458 4336 493 4400 id
508 4334 597 4399 haud
612 4337 723 4421 iniquo
738 4335 879 4399 laturum
894 4357 967 4400 esse
982 4337 1099 4412 animo,
1116 4356 1307 4419 persuasum
1323 4333 1441 4399 habeo,

287 4455 342 4518 Sic
371 4452 424 4517 ille
453 4456 486 4517 in
519 4454 628 4538 Epist.
660 4455 683 4530 i,
714 4455 763 4529 10,
795 4453 850 4528 47,
882 4453 1037 4537 Imperat,
1067 4454 1155 4516 horrd
1181 4453 1280 4516 cernit
1309 4452 1443 4515 collecta
