3150 5200
588 357 814 423 CARMEN
837 359 869 422 2.

368 513 438 580 Aut
454 513 550 576 amite
565 510 629 576 lesi
644 533 717 574 rara
731 510 837 576 tendit
851 510 945 587 retia,

523 613 648 677 Turdis
664 613 822 677 edacibus
837 612 948 689 dolos;

306 721 348 785 35
371 717 595 799 Pavidumque
609 715 765 799 leporem,
780 725 814 778 et
828 715 997 792 advenam,
1013 713 1142 799 laqueo,
1156 732 1281 801 gruem,

521 817 687 893 ducunda,
704 827 826 900 captat,
842 817 986 900 praemia.

373 923 458 996 Quis
472 943 537 985 non
552 919 718 996 malarum,
735 941 817 1003 quas
832 940 923 982 amor
937 941 1033 984 curas
1048 919 1160 999 habet,

524 1021 608 1086 Haec
623 1023 708 1084 inter
723 1020 945 1087 obliviscitur?

373 1125 505 1199 Quodsi
519 1124 640 1208 pudica
653 1122 768 1186 mulier
782 1124 818 1187 in
831 1136 956 1206 partem
967 1125 1062 1209 juvet

309 1231 352 1294 40
525 1226 668 1290 Domum
683 1236 781 1310 atque
797 1225 910 1290 dulces
923 1227 1056 1304 liberos,

376 1329 497 1393 Sabina
512 1327 628 1411 qualis,
642 1337 699 1390 aut
714 1338 849 1411 perusta
863 1328 986 1393 solibus

526 1431 673 1495 Pernicie
688 1452 772 1493 uxor
786 1428 923 1514 Appuli,

377 1535 512 1598 Sacrum
527 1543 561 1597 et
575 1532 711 1596 vetustis
727 1543 877 1596 exstruat
890 1531 987 1617 lignis
1001 1532 1121 1611 focum,

527 1634 624 1698 Lassi
639 1635 701 1698 sub
716 1633 891 1698 adventum
905 1635 983 1711 riri;

312 1739 355 1802 45
377 1738 607 1819 Claudensque
623 1736 721 1800 textis
737 1737 883 1800 cratibus
897 1735 1009 1799 laetum
1023 1757 1136 1819 pecus,

529 1838 685 1902 Distentn
699 1839 799 1902 siccet
814 1839 934 1918 ubera3

158 1984 247 2042 potest,
270 1972 426 2023 referendum.
461 1971 585 2034 Famesque
612 1973 719 2034 lymphis,
732 1993 757 2038 ς
786 1971 827 2026 37,
844 1971 885 2019 38.
905 1972 1024 2025 Quinam
1039 1974 1164 2029 malornm,
1181 1989 1237 2036 quas
1254 1991 1317 2023 amor

158 2051 219 2090 cett.
237 2039 330 2088 inversa
345 2035 489 2086 constructio
507 2052 558 2100 pro,
576 2043 601 2084 et
617 2035 721 2099 lympha
753 2037 907 2091 corradebat,
918 2042 975 2084 cett.
1009 2037 1071 2086 Cum
1083 2038 1150 2085 vocis
1167 2055 1230 2084 amor
1243 2037 1316 2087 latius

158 2112 285 2154 manantes
301 2101 402 2150 sontium
417 2103 565 2164 obstrepunt.
599 2101 615 2148 J
618 2115 655 2146 arn
667 2115 721 2146 vero
754 2107 835 2210 putem
849 2098 999 2162 significatio,
1012 2099 1038 2148 in
1056 2115 1085 2148 ea
1101 2100 1245 2166 explicanda
1258 2103 1317 2151 mire

158 2185 216 2219 curn
235 2167 332 2233 lympha
345 2181 375 2215 ex
391 2165 457 2214 fonte
474 2164 554 2227 aliquo
569 2162 682 2212 desiliens
699 2172 723 2213 et
772 2171 875 2211 ustuant
888 2163 1035 2228 interpretes.
1069 2165 1118 2213 Sed
1135 2165 1156 2212 si
1174 2166 1315 2228 cogitamus,

158 2243 268 2295 mpnnte
283 2235 340 2294 pede
359 2231 401 2294 (nt
417 2228 523 2292 loquitur
543 2228 657 2276 Horatius
677 2226 722 2275 inl.
755 2227 1143 2292 ioeneratoremloqui,orationem
1157 2228 1317 2288 itaerorsum,

161 2297 243 2364 Epod.
261 2298 299 2352 16,
315 2294 361 2357 48)
378 2293 513 2360 praeteriens
531 2291 672 2340 mollissime
692 2291 722 2341 ad
755 2291 842 2340 Beatus
863 2292 913 2348 ille,
935 2296 975 2355 qui
993 2295 1075 2354 proed
1093 2295 1317 2358 negotiis—Solutus

159 2377 273 2412 somnum
295 2359 387 2414 invitet,
414 2366 483 2406 vetus
504 2355 575 2404 lectio
598 2357 723 2418 Festosque
755 2359 816 2402 omni
830 2357 932 2429 furiare,
949 2358 1001 2422 jam
1023 2375 1121 2406 amorem
1163 2374 1188 2406 ro
1213 2357 1318 2408 habendi

159 2426 259 2476 lectioni
267 2441 282 2473 a
291 2422 435 2472 Marklando
446 2420 570 2486 propositae
580 2421 724 2484 Frondesque
756 2419 895 2485 eupiditate,
906 2431 931 2468 et
941 2421 1082 2469 nominatim
1093 2438 1135 2486 pro
1145 2375 1242 2471 innoru
1251 2439 1317 2473 erer-

160 2487 309 2558 praelerenda
319 2495 363 2536 est.
756 2483 827 2532 cendi
837 2484 925 2540 studio,
938 2485 1104 2550 accipiendum
1122 2502 1183 2544 esse,
1196 2486 1236 2534 vix
1248 2487 1319 2537 dubi·

194 2555 302 2605 29-36.
320 2553 397 2606 Quum
409 2551 520 2600 Tonantis
530 2565 605 2598 oniam
616 2551 724 2599 libertus
756 2548 800 2598 tari
812 2556 899 2615 potest.
932 2551 1022 2600 &nsua
1031 2550 1104 2614 igitur
1114 2551 1172 2599 erit:
1191 2551 1246 2616 quis
1257 2553 1319 2604 inter

160 2621 227 2669 Jouis
239 2619 324 2666 Imbres
335 2620 439 2680 nivesque
450 2624 575 2677 comparat,
587 2622 668 2663 ornate
681 2630 724 2679 pro
756 2614 808 2663 haec
818 2614 913 2677 negotia
928 2614 1018 2664 rustica
1033 2631 1082 2663 non
1097 2616 1167 2664 malis
1179 2616 1233 2664 istie
1244 2618 1317 2677 curis,

162 2683 239 2741 tenni,
251 2682 363 2731 radeume
373 2680 459 2729 hieme.
494 2680 612 2735 Tonantis,
624 2680 683 2729 refer
693 2680 724 2727 ad
756 2694 812 2742 que
823 2694 879 2727 cum
895 2679 955 2727 lucri
971 2679 1074 2729 faciendi
1089 2680 1168 2729 studio
1183 2682 1319 2746 conjunctae

162 2748 242 2805 Jovis,
253 2748 345 2795 coelum
359 2756 492 2819 terramque
507 2742 537 2791 nd
553 2752 644 2791 certum
661 2743 723 2792 ordi-
757 2752 822 2798 sunt,
840 2742 957 2791 solvitur
990 2747 1061 2792 Amor
1078 2760 1113 2793 sc.
1124 2745 1238 2803 habendi,
1254 2747 1319 2812 quod

163 2828 219 2861 nem
239 2810 393 2863 moderantis,
411 2815 576 2873 majestatem
602 2808 648 2857 nisi
670 2808 724 2872 quis
790 2807 830 2855 ulo
847 2807 958 2856 licentius
975 2809 1070 2867 omisit;
1088 2809 1181 2858 addidit
1197 2811 1258 2860 illud
1275 2812 1319 2861 inf.

162 2876 232 2925 malit
241 2892 298 2924 curn
312 2874 447 2936 Boettigero
460 2872 564 2935 cogitare
576 2871 605 2919 de
624 2886 725 2937 tempes-
780 2872 838 2937 pist.
858 2871 876 2926 i,
896 2872 920 2927 7,
938 2875 979 2927 85,
1000 2884 1027 2922 ut
1045 2874 1118 2922 Osid.
1136 2877 1191 2923 Art.
1208 2877 1267 2923 Am.
1282 2876 1317 2933 iii,

164 2942 263 2997 tatibus,
281 2954 336 3013 que
356 2953 409 2987 cum
431 2937 518 2985 tonitru
537 2936 659 3001 permixte
680 2938 725 2985 sub
758 2938 817 2993 541,
828 2945 854 2984 et
864 2937 936 2985 Rem.
945 2939 1010 2998 5713
1026 2940 1097 2987 etsie
1109 2939 1195 3003 passim
1205 2943 1318 2996 nnri,ar·

163 3004 249 3055 hiemis
261 3003 329 3052 imtio
339 3001 364 3050 in
377 3002 450 3051 Italia
461 3001 544 3049 sevire
559 2999 650 3049 solent:
666 3018 725 3049 com·
757 3005 833 3063 genti,
850 3004 939 3048 nummi
957 3020 1029 3050 umor.
1062 3002 1111 3051 Sed
1128 3018 1176 3050 non
1192 3018 1244 3051 raro
1261 3005 1320 3053 sim·

160 3068 279 3131 paratio
297 3082 349 3117 aere
364 3081 450 3131 nempe
462 3066 586 3131 colligens,
602 3065 726 3113 collectas·
759 3064 853 3129 pliciter
871 3083 943 3121 nmor,
965 3080 1027 3122 eam,
1050 3066 1080 3115 de
1104 3082 1152 3131 qua
1176 3082 1253 3115 sermo
1275 3077 1319 3125 est,

164 3133 284 3198 quoinde
302 3132 439 3181 demittens.
471 3130 519 3177 Aut
535 3131 726 3178 amitaleor'rnrc
759 3129 913 3193 cupiditatem
925 3129 1042 3193 designat.
1068 3131 1108 3180 Sic
1119 3130 1197 3178 inte
1214 3130 1253 3179 ist.
1264 3131 1281 3189 i,
1296 3136 1319 3189 l,

164 3200 240 3247 tendit
257 3200 327 3253 retis,
347 3196 432 3244 Turdis
453 3196 560 3242 educitur
580 3196 658 3253 ἀνίημ-
684 3203 727 3243 aut
759 3194 800 3251 84,
812 3194 951 3259 simpliciter
961 3194 1065 3244 nmwde
1080 3195 1187 3243 edificari
1206 3195 1214 3242 i
1231 3211 1319 3254 amore,

164 3262 242 3311 turdis
259 3262 329 3310 struit
343 3259 451 3314 insidias,
463 3268 532 3307 vacat
543 3258 646 3323 aucupio
658 3260 724 3323 (nos,
759 3258 825 3306 incias
843 3268 866 3306 et
887 3276 951 3307 mare
969 3263 1038 3307 sentit
1058 3276 1157 3308 amnem
1178 3260 1320 3311 Festinnvstis

164 3330 220 3374 oder
242 3343 268 3374 er
286 3327 339 3389 gelat
360 3324 408 3391 arcs
423 3326 468 3372 den
494 3324 639 3387 Vogelbeerd.
678 3324 727 3372 Per
758 3323 824 3370 lteri:
842 3322 876 3371 cs.
892 3323 970 3387 Epist.
989 3323 1005 3381 i,
1020 3326 1046 3380 2,
1064 3325 1106 3372 ³7.
1140 3325 1228 3375 Varias
1248 3326 1319 3391 hujus

53 3434 61 3445 ,
165 3393 260 3438 amiran
271 3391 336 3439 lenem
348 3387 455 3463 intellige
467 3387 584 3435 surculam
594 3386 643 3435 sive
654 3387 725 3453 perti·
760 3386 806 3435 loci
818 3387 990 3453 explicationes
999 3389 1053 3438 vide
1064 3388 1128 3454 apud
1140 3390 1277 3455 Interprett.

167 3470 222 3503 cam
245 3454 379 3517 levigatam,
402 3467 474 3517 cujus
496 3458 618 3525 operate,
639 3450 727 3501 erilla
792 3453 899 3501 :ta-60.
917 3454 1003 3507 desi
1022 3458 1117 3516 pudico,
1134 3463 1192 3505 cett.
1226 3456 1321 3513 Quodsi

166 3534 319 3585 suspensum,
327 3518 413 3567 aribus
421 3515 607 3581 superinjicitur.
641 3516 727 3565 Turdis
758 3515 788 3564 ad
799 3516 850 3565 haec
861 3517 941 3564 omnin
950 3518 1050 3567 accedat
1061 3519 1116 3575 hnc,
1127 3528 1155 3567 nt
1170 3536 1320 3570 communem

165 3586 274 3633 mribus
290 3585 350 3631 dolos
359 3600 367 3641 5
385 3591 411 3631 ut
429 3581 512 3629 dolose
526 3580 555 3628 iis
574 3579 655 3628 tiudos
665 3595 726 3629 esce
758 3596 836 3629 rernm
851 3581 1035 3631 domesticarum
1049 3598 1132 3631 curam
1151 3592 1217 3647 gerat
1233 3586 1321 3649 pudica

166 3648 340 3713 appetentiores
356 3646 452 3721 capiat5
469 3647 535 3693 dolus
549 3659 634 3710 nempe
653 3644 728 3695 turdis
758 3644 1007 3710 materfamilias,que
1018 3647 1110 3704 marito,
1120 3650 1150 3697 ab
1157 3664 1226 3715 opere
1235 3649 1321 3699 diurno

166 3722 264 3777 paratur
274 3727 330 3761 esca
341 3711 380 3761 vel
392 3710 509 3759 illecebris
521 3708 644 3785 appositis,
657 3710 728 3775 cujus
759 3709 876 3766 redeunti,
889 3726 989 3759 accenso
1006 3711 1031 3758 in
1043 3713 1097 3760 loco
1108 3712 1173 3775 igne,
1185 3730 1233 3777 quo
1245 3714 1321 3763 lessus

165 3776 298 3842 cupiditate
326 3775 406 3824 allecti
428 3774 453 3822 in
475 3774 573 3823 insidias
599 3772 726 3823 incidunt:
760 3774 802 3823 ille
823 3784 950 3831 recreetur,
972 3784 1079 3824 amanter
1104 3778 1242 3843 prospiciat,
1264 3794 1321 3828 osee

166 3844 232 3890 turdi
251 3849 309 3889 sunt
324 3854 380 3889 aves
396 3854 456 3905 quas
473 3846 589 3887 nostrates
606 3839 727 3901 Zippnnd
760 3838 867 3894 claudat,
880 3839 994 3905 mulgeat,
1006 3848 1029 3888 et
1042 3840 1097 3888 vino
1113 3841 1187 3890 horno
1199 3842 1322 3905 depromta

171 3903 577 3959 Weindrosseln‚velinuniversum
588 3903 727 3953 Krommets·
761 3913 877 3967 agrestem
899 3918 994 3952 coenam
1018 3914 1131 3969 apparet;
1160 3914 1212 3953 tum
1231 3905 1320 3963 unuin,

169 3968 241 4034 V'o'gel
264 3968 396 4035 appellant.
415 3968 532 4016 Aduennm
551 3984 649 4031 grnem:
672 3984 728 4017 aves
761 3983 832 4032 quem
848 3982 888 4015 rus
906 3966 1053 4033 suppeditat,
1071 3968 1150 4017 victus
1168 3984 1206 4016 me
1225 3968 1323 4033 quidem

166 4036 258 4082 Musae
281 4034 320 4082 vel
341 4034 468 4097 peregrina
489 4034 555 4144 zona,
575 4032 728 4096 lug-Vb'gel)
761 4031 847 4095 magis,
859 4046 932 4095 quam
943 4030 1022 4095 epulae
1039 4032 1246 4096 conquisitissimas
1255 4048 1321 4082 eum-

166 4107 322 4171 opponuntur
338 4098 477 4153 vernaculis,
515 4113 559 4145 .e.
578 4112 632 4161 quae
650 4096 675 4145 in
693 4112 729 4145 re-
763 4094 962 4159 tuosisaimaeque,
984 4094 1146 4146 delectaverit.
1183 4098 1209 4145 ln
1231 4108 1322 4159 mrtem

168 4176 247 4225 grone,
258 4162 302 4211 ubi
312 4171 375 4211 natae
388 4168 452 4218 sunt,
466 4177 507 4226 per
520 4159 622 4209 hiemem
634 4178 731 4226 quoque
756 4164 827 4223 juvet
845 4162 950 4207 domum:
976 4168 1115 4224 comparant
1134 4162 1219 4226 Eurip.
1243 4161 1323 4211 Elect.

166 4235 283 4286 manent;
299 4243 382 4290 gruem
393 4226 423 4276 nd
435 4224 548 4274 lautiores
563 4226 728 4274 Romanorum
760 4242 784 4273 v.
795 4225 824 4272 71
835 4240 888 4288 sqq.
909 4224 995 4271 Sabina
1003 4226 1090 4287 qualis:
1103 4225 1216 4274 laudatur
1224 4226 1321 4291 passim,

166 4291 251 4355 epulas
268 4290 419 4357 pertinuisse,
432 4299 530 4355 apparet
544 4290 588 4339 ini.
604 4292 655 4339 Sat.
666 4289 691 4347 ii,
704 4293 727 4347 8,
762 4306 817 4354 qua
836 4288 902 4353 apud
918 4297 1008 4337 veteres
1027 4287 1129 4339 Sabinos
1148 4290 1257 4354 viguerit,
1272 4300 1323 4339 tam

167 4356 215 4403 87:
234 4355 268 4405 cl·
277 4355 343 4405 Plin.
356 4373 380 4430 x,
391 4357 466 4431 23,·s.
479 4356 520 4403 30.
546 4356 655 4410 Proemin,
667 4370 730 4421 sape
762 4369 855 4429 inpium
871 4352 994 4428 sanctitas,
1008 4369 1082 4418 quam
1098 4354 1236 4430 domestice
1250 4355 1323 4405 disci·

167 4420 320 4533 data?
329 4456 346 4541 i,
359 4419 729 4543 tfftrfftutttfl‘ttlt:
763 4419 1325 4541 itatius,tsrttattfnitt

168 4548 236 4597 Past.
250 4565 273 4604 v,
285 4550 343 4598 204.
632 4556 636 4567 ⁴
764 4552 832 4606 reicis,
854 4549 915 4598 refer
936 4548 967 4595 ad
987 4548 1091 4614 corporis
1112 4549 1251 4615 agilitatem,
1271 4566 1325 4615 que
