3150 5200
276 346 341 410 336
689 344 1013 410 SATIRARUM
1112 332 1117 339 ⁵

366 496 476 561 Semet
491 508 678 581 prognatos.
724 496 860 561 Vestem
876 517 1051 580 servosque
1067 504 1251 578 sequentes,

365 597 404 660 ln
419 621 535 682 magno
551 609 588 662 ut
602 598 735 682 populo,
753 598 780 661 si
795 599 851 681 qui
865 597 1011 674 vidisset,
1027 597 1114 659 avita

301 701 344 762 80
365 699 420 762 Ex
436 722 470 763 re
486 700 625 783 praeberi
641 710 765 763 sumtus
781 698 860 761 milri
875 699 1024 763 crederet
1037 697 1119 761 illos.

364 800 440 884 Ipse
454 801 534 865 mihi
548 812 658 866 custos
671 801 969 884 incorruptissimus
985 820 1096 863 omnes

366 901 498 966 Circum
513 904 663 967 doctores
679 902 802 965 aderat.
849 901 940 973 Quid
955 899 1076 963 multa?
1099 899 1254 986 pudicum

367 1003 447 1084 (Qui
462 1006 585 1087 primus
600 1004 727 1068 virtutis
742 1002 859 1084 honos)
874 1003 1013 1066 servavit
1027 1002 1069 1065 ab
1084 1002 1170 1063 omni

365 1102 443 1168 Non
460 1106 562 1169 solum
578 1105 675 1181 facto,
692 1125 803 1167 verum
817 1104 994 1187 opprobrio
1010 1122 1140 1185 quoque
1155 1100 1261 1182 turpi:

303 1204 345 1267 85
366 1204 440 1269 Nec
455 1208 571 1283 timuit,
588 1207 649 1270 sibi
665 1226 705 1268 ne
721 1205 799 1267 vitio
813 1206 886 1287 quis
902 1214 1042 1269 verteret
1056 1202 1143 1279 olim,

368 1306 403 1369 Si
418 1328 526 1389 praeco
541 1329 669 1390 parvas,
686 1316 743 1369 aut
758 1294 808 1388 (ut
822 1304 884 1368 fuit
898 1306 980 1389 ipse)
996 1314 1126 1369 coactor

368 1407 542 1472 Mercedes
556 1428 721 1492 sequetem
737 1428 843 1491 neque
854 1429 916 1490 ego
928 1428 1033 1471 essem
1042 1414 1188 1490 questus.
1212 1403 1331 1470 Athoc
1342 1425 1432 1469 nunc

370 1508 460 1571 Laus
476 1508 521 1573 illi
534 1509 683 1584 debetur,
700 1518 733 1572 et
748 1530 768 1570 a
781 1530 833 1571 me
848 1509 953 1591 gratia
966 1507 1078 1590 major.

368 1607 426 1672 Nil
441 1632 491 1673 me
505 1611 664 1693 poeniteat
678 1632 792 1673 sanum
805 1611 907 1693 patris
923 1610 1041 1694 hujus:
1064 1630 1168 1691 eoque

303 1712 346 1773 90
369 1710 457 1787 Non,
473 1720 510 1773 ut
523 1732 640 1794 magna
655 1710 731 1773 dolo
745 1710 867 1774 factum
881 1720 981 1793 negat
994 1732 1066 1775 esse
1082 1731 1141 1775 suo
1155 1731 1244 1794 pars,

369 1811 470 1883 Quod
485 1834 550 1875 non
564 1812 722 1897 ingenuos
736 1811 858 1875 habeat
872 1811 1041 1894 clarosque
1057 1820 1219 1895 parentes,

369 1912 423 1976 Sic
439 1934 489 1975 me
504 1912 686 1977 defendam.
734 1913 849 1996 Longe
864 1935 936 1977 mea
948 1915 1114 1997 discrepat
1127 1914 1198 1976 istis

369 2013 417 2076 Et
431 2036 494 2077 vox
509 2024 543 2079 et
557 2015 650 2078 ratio.
697 2014 783 2077 Nam
800 2016 827 2076 si
836 2026 958 2090 ¹natura
967 2016 1101 2098 juberet

368 2112 400 2178 A
416 2116 513 2179 certis
528 2116 620 2178 annis
635 2138 739 2179 aevum
753 2136 898 2179 remeare
912 2126 1089 2198 peractum,

302 2218 346 2280 95
367 2215 478 2300 Atque
494 2217 573 2281 alios
588 2217 696 2302 legere
711 2218 754 2280 ad
769 2215 888 2279 fastum
903 2239 1114 2300 quoscunque
1128 2227 1298 2300 parentes:

369 2318 511 2400 Optaret
526 2320 588 2383 sibi
602 2320 758 2402 quisque;
782 2318 861 2381 meis
876 2328 1048 2382 contentus
1062 2317 1217 2381 honestos

369 2416 527 2483 Fascibus
542 2430 575 2483 et
590 2420 676 2483 sellis
691 2418 809 2482 nollem
822 2418 901 2481 mihi
916 2415 1059 2495 sumere3
1083 2419 1216 2481 demens

283 2587 382 2637 sortasse
394 2586 539 2637 scholiastes
550 2590 624 2655 Cruq.
632 2599 657 2639 et
668 2590 789 2640 Gesnenrs
799 2606 839 2639 ac-
873 2599 922 2638 ium
943 2590 1029 2640 Roma
1043 2588 1153 2640 veniebat
1170 2606 1228 2655 puer
1245 2588 1368 2646 Horatius,
1382 2604 1431 2638 uon

283 2653 429 2716 cipiuutera
438 2652 468 2700 de
475 2651 588 2710 didacum
595 2653 661 2719 quod
671 2653 748 2702 idibus
759 2654 840 2719 cujus·
873 2654 902 2703 de
917 2656 971 2720 ejus
987 2664 1054 2729 patre
1070 2654 1216 2719 quaerebant,
1227 2653 1269 2702 sed
1285 2670 1350 2709 eum,
1366 2661 1431 2700 veste

283 2731 330 2780 que
346 2715 434 2764 mensis
444 2715 608 2779 ludimagistro
623 2718 712 2765 solvere
722 2717 842 2765 debebant
873 2719 975 2783 pretiosa
989 2718 1098 2767 indutum
1114 2724 1139 2766 et
1152 2717 1225 2766 serris
1240 2718 1387 2772 comitatum,
1400 2732 1431 2764 ex

284 2779 349 2845 pueri
358 2796 365 2838 ;
388 2779 458 2843 cujus
476 2779 573 2843 quidem
593 2782 627 2831 rei
642 2781 761 2829 mentione
779 2781 843 2829 iacta
874 2793 944 2843 gente
954 2781 1027 2830 divite
1037 2783 1074 2831 vel
1086 2781 1149 2829 avita
1159 2791 1301 2846 prognatum
1311 2797 1364 2830 esse
1377 2780 1431 2844 opi·

284 2843 597 2908 poetadesignasseridetur
605 2861 701 2899 morem,
709 2844 750 2909 qui
761 2845 841 2894 locum
872 2849 998 2894 dabantur.
1032 2847 1156 2901 litantem
1166 2861 1274 2910 magnos.

283 2907 447 2956 tautummodo
462 2908 564 2957 babebat
577 2909 641 2975 apud
651 2907 722 2957 ludos
731 2909 842 2972 vulgares
904 2912 1009 2959 85-88.
1029 2910 1076 2958 Nee
1092 2913 1179 2963 timuit,
1192 2918 1264 2958 cett:
1282 2922 1326 2956 nec
1341 2908 1372 2954 ab
1385 2906 1431 2955 bac

283 2972 322 3022 vel
339 2971 450 3020 minores.
484 2973 584 3030 Octauia,
601 2974 721 3039 epitheton
737 2988 841 3032 ornans;
872 2973 992 3022 educandi
1011 2973 1099 3022 ratione
1115 2989 1140 3021 se
1160 2972 1270 3022 deterreri
1288 2986 1374 3036 passus
1395 2979 1433 3019 est

284 3036 345 3084 iuter
354 3053 424 3084 rsonae
434 3035 498 3085 enim
509 3046 533 3086 et
542 3041 594 3086 idus
605 3047 658 3087 octo
667 3037 718 3086 dies
729 3046 793 3085 suut.
872 3037 964 3093 timore,
982 3053 1012 3086 ne
1028 3037 1083 3102 quis
1099 3051 1152 3085 eam
1169 3036 1214 3085 sibi
1233 3035 1391 3111 exprobraret,
1410 3035 1431 3082 si

317 3101 422 3149 76-80.
451 3101 491 3150 Est
514 3119 591 3160 ausus,
615 3117 662 3150 nou
683 3100 754 3150 facila
776 3100 840 3149 enim
872 3101 968 3165 quaudo
991 3117 1033 3166 pro
1054 3101 1141 3163 exiguo
1167 3101 1284 3165 stipendio
1304 3098 1431 3162 praeconis,

284 3163 355 3221 alius,
376 3165 400 3212 in
423 3181 447 3213 re
469 3165 534 3214 tenui
555 3167 705 3222 constitutus,
725 3180 773 3213 rem
792 3175 840 3213 tam
872 3175 915 3213 aut
932 3165 1055 3221 coactoris,
1070 3175 1096 3213 ut
1113 3171 1178 3228 pater
1194 3165 1245 3229 ipse
1261 3163 1313 3216 fuit,
1332 3178 1432 3211 munere

284 3237 430 3276 sumtuose-m
439 3228 558 3292 suscipere
569 3246 642 3278 ausus
650 3238 720 3278 esset.
734 3229 840 3286 Portare,
873 3229 999 3292 fungerem
1028 3243 1104 3292 neque
1126 3244 1163 3276 me
1185 3227 1337 3292 poenituisset
1357 3225 1431 3290 hujus

283 3291 415 3357 deportare,
424 3291 549 3340 deducere.
572 3292 730 3348 Artes,iutelli
748 3293 839 3341 eGrae-
873 3293 985 3342 muneris.
1014 3293 1125 3340 Candor.-
1148 3293 1229 3340 Sobel.
1238 3293 1296 3340 Aer.
1306 3296 1330 3338 et
1344 3291 1431 3353 Cruq.,

285 3369 325 3404 cas
347 3354 447 3409 litteras,
467 3364 491 3402 et
512 3355 559 3403 alia
580 3357 605 3404 in
641 3357 712 3406 uibus
733 3309 842 3406 doctrina
872 3367 983 3404 coactores
1003 3359 1139 3404 mercenarii
1157 3373 1242 3411 enum,
1260 3358 1300 3417 qui
1320 3355 1432 3401 babeimu

284 3426 402 3466 cenatur.
437 3419 530 3475 Doceat,
553 3374 671 3468 docendas
697 3429 773 3468 curet.
811 3422 841 3470 ln
872 3423 1038 3484 argentariam.
1079 3420 1196 3467 Curatores
1222 3421 1292 3468 ctiam
1317 3419 1432 3465 dicuntur

284 3498 367 3544 magno
387 3491 414 3529 ut
431 3483 530 3543 populo:
554 3483 705 3532 Heindoriius
726 3484 839 3548 explicat,
873 3487 1003 3548 argentarii
1024 3487 1049 3532 ia
1070 3485 1222 3541 auctionibus,
1245 3485 1301 3545 quia
1321 3484 1432 3544 meraniae

283 3547 309 3592 in
324 3560 347 3592 so
355 3544 472 3609 ferndies
489 3548 574 3594 iridem
588 3565 680 3610 gretseri
695 3547 762 3594 Volke
777 3551 839 3612 mitg-
873 3559 965 3611 cogant,
977 3551 1017 3611 qui
1027 3557 1048 3595 et
1059 3549 1183 3595 collectarii
1194 3549 1353 3594 nominantur.
1387 3545 1431 3592 Co-

285 3609 330 3656 tici
341 3611 380 3662 itt,
391 3626 423 3656 sco
439 3627 492 3657 marc
509 3613 556 3659 sict
567 3620 624 3658 trau
639 3621 709 3674 guter
720 3612 841 3676 Kleidung
873 3623 946 3666 actor,
957 3614 1079 3676 quiexigit
1090 3627 1190 3658 nummos
1204 3629 1219 3657 a
1234 3609 1432 3674 circumforaneis.

284 3673 333 3719 und
347 3675 418 3720 ciuem
432 3673 528 3739 Gejblga
542 3692 584 3722 voa
595 3675 690 3724 Sclaven
701 3677 756 3722 dacii
771 3687 841 3724 anter
874 3678 905 3723 ait
922 3677 969 3730 hcc,
982 3685 1007 3724 at
1022 3677 1053 3723 ob
1070 3674 1114 3723 boc
1130 3675 1217 3739 ipsum,
1228 3675 1259 3721 ob
1276 3673 1338 3722 banc
1354 3672 1432 3737 ipsam

284 3738 325 3784 der
337 3736 420 3800 Menge
430 3741 533 3794 auliert,
544 3741 594 3787 dass
605 3757 658 3786 man
673 3756 715 3787 vari
730 3739 841 3802 Wecigen
872 3738 991 3788 educandi
1000 3739 1129 3788 rationem:
1147 3737 1177 3786 de
1188 3741 1228 3786 hoe
1238 3737 1327 3802 pro,ob
1336 3736 1390 3791 hoc,
1398 3736 1432 3784 ci.

284 3801 384 3848 beceltet
399 3804 467 3850 uird.
502 3803 554 3866 Ego
569 3803 660 3868 accipio
674 3813 702 3850 ut
712 3818 763 3868 pro,
777 3812 839 3862 utut,
873 3819 926 3868 sup.
937 3803 968 3850 ad
979 3821 1003 3850 v.
1015 3805 1056 3851 41.

284 3865 393 3928 quamvis
414 3864 439 3912 in
458 3866 580 3931 frequente
599 3867 703 3922 civitate,
721 3866 762 3914 ubi
782 3867 841 3916 alias
906 3869 947 3924 89,
959 3869 1000 3916 90.
1016 3868 1160 3920 Seriumne
1175 3881 1240 3914 mure
1255 3865 1342 3914 mentis
1352 3863 1430 3913 bomi-

284 3929 392 3977 homiues
406 3944 489 3992 parum
504 3939 590 3980 curant
604 3930 702 3979 aliomm
713 3937 803 3979 vestem
817 3939 842 3980 et
873 3945 944 3992 nem;
961 3931 1069 3994 namqui
1112 3938 1180 3986 trem,
1189 3931 1285 3995 qualem
1297 3929 1343 3977 sibi
1353 3927 1432 3976 conti·

284 3992 453 4068 pedissequos;
470 3993 505 4042 sic
516 4005 543 4042 ut
555 4011 605 4060 pro,
618 3995 736 4059 quamvis,
747 3994 773 4041 iu
784 4002 840 4043 uoto
872 3995 935 4057 gissa
951 3995 1045 4042 laetatur
1061 3945 1184 4050 lpamius,
1197 4010 1245 4043 uon
1261 3993 1301 4058 pio
1317 3999 1432 4057 petoque

284 4057 326 4104 rllo
342 4057 394 4104 loco
409 4055 490 4105 Ovidii
504 4059 581 4124 Epist.
592 4075 622 4108 ex
636 4060 714 4107 Ponto
731 4057 749 4113 i,
762 4061 786 4113 4,
799 4060 839 4116 79,
873 4059 951 4107 animo
969 4058 1026 4107 colit
1043 4074 1071 4106 ac
1087 4065 1222 4114 veneratur,
1241 4062 1327 4106 iasone
1344 4055 1432 4105 mentis

287 4121 319 4168 Ut
331 4121 406 4168 desint
417 4123 483 4176 vires,
497 4133 571 4172 tamen
582 4133 614 4172 cst
627 4125 746 4171 laudanda
757 4125 840 4171 voiun-
873 4123 904 4172 sit
914 4139 1010 4172 necesse
1019 4132 1070 4171 est:
1088 4137 1142 4186 sup.
1154 4124 1205 4169 Sat.
1215 4121 1234 4178 i,
1246 4126 1270 4176 5,
1283 4122 1324 4174 44,
1336 4119 1380 4167 Nii
1390 4135 1431 4183 ego
1510 4167 1514 4172 ,
1569 4142 1570 4219 p

285 4197 328 4233 tut.
361 4183 417 4232 Nisi
428 4184 482 4248 quis
493 4186 522 4233 Irr
539 4203 621 4249 magno
636 4198 663 4235 ut
678 4189 771 4249 papirio,
783 4186 840 4235 s'nn·
873 4190 1009 4236 contulerim
1017 4188 1127 4250 jucundo
1145 4201 1215 4234 rcum
1233 4189 1312 4234 amico.
1346 4183 1431 4247 quue,

284 4249 378 4314 pliciter
398 4245 517 4313 explicare
535 4251 612 4305 malit,
633 4259 661 4298 ut
678 4266 729 4298 mos
752 4250 798 4299 tert
816 4250 841 4298 iu
873 4260 929 4300 cett.
941 4259 966 4301 et
976 4252 1005 4300 de
1019 4251 1064 4300 hoc
1110 4257 1145 4298 tre
1161 4250 1272 4298 libertino
1287 4265 1335 4297 nou
1348 4247 1433 4296 itame

282 4329 369 4377 magno
379 4312 476 4378 populo,
486 4313 524 4361 vel
535 4312 561 4361 in
574 4315 632 4362 urbe
645 4314 842 4380 frequentissima.
872 4317 1001 4371 excusabo,
1018 4323 1046 4364 ut
1061 4313 1166 4380 purimi,
1183 4314 1224 4378 qui
1239 4330 1287 4361 non
1301 4311 1373 4377 culpa
1389 4327 1434 4360 sua

283 4381 353 4426 Auito
370 4394 396 4425 er
416 4394 456 4426 re:
474 4377 583 4434 Horatio,
601 4377 704 4426 libertini
724 4379 781 4435 tilio,
794 4397 842 4427 rem
875 4381 942 4441 (doio
958 4379 1014 4442 rua)
1031 4379 1120 4426 iactum
1136 4393 1189 4426 esse
1207 4378 1283 4434 aiunt,
1300 4377 1364 4440 quod
1384 4391 1432 4424 uon

282 4445 369 4489 antam
384 4449 448 4492 recte
464 4441 534 4491 tribui
552 4457 621 4507 posse
637 4451 708 4505 negat
721 4444 839 4493 Heindor·
873 4443 989 4508 ingenuos
1000 4442 1138 4506 nobilesque
1149 4451 1227 4508 patres
1237 4443 1351 4490 babeant.
1375 4442 1434 4488 Dolo

283 4503 336 4552 fius.
370 4505 416 4553 Sed
435 4507 550 4562 homines,
565 4507 590 4554 in
608 4523 708 4570 quorum
726 4523 840 4572 conspec-
873 4525 926 4556 rac:
944 4508 1035 4565 Sobel,
1047 4509 1103 4555 vitio
1114 4509 1273 4567 raommlpa.
