3150 5200
274 356 314 419 18
703 345 998 414 CARMINUM

355 506 534 590 Temperat
549 525 606 568 ora
620 501 753 566 fraenis?

401 606 470 671 Cur
484 605 575 670 timet
585 604 704 668 flavum
717 601 868 666 Tiberim
882 601 1041 685 tangeret
1064 620 1123 663 cur
1137 598 1257 663 olivum

358 708 522 792 Sanguine
537 707 683 790 viperino

296 811 336 875 10
401 807 537 872 Cautius
551 807 655 870 vitati
677 826 783 889 neque
794 804 862 888 jam
875 800 974 865 livida
988 811 1096 886 gestat
1109 801 1207 864 armis

358 910 510 988 Brachia,
527 931 614 993 saepe
629 908 731 984 disc0,

399 1011 496 1095 Saepe
510 1020 600 1074 mans
614 1008 711 1073 finem
720 1004 831 1092 jaculo
844 1005 962 1070 nobilis
976 1004 1154 1089 expedito?

362 1112 454 1185 Quid
467 1111 557 1189 latet,
573 1121 610 1175 ut
624 1111 756 1174 marinae

403 1211 520 1276 Filium
535 1213 649 1276 dicunt
663 1209 816 1274 Thetidis
832 1210 893 1273 sub
906 1208 1077 1272 lacrimosa
1090 1204 1203 1288 Trojae
1285 1294 1292 1305 ,

301 1305 341 1379 '15
362 1312 503 1389 Funera,
519 1334 560 1376 ne
575 1312 674 1376 virilis

406 1412 521 1484 Cultus
536 1413 570 1477 in
585 1413 706 1479 caedem
722 1423 756 1478 et
771 1412 891 1498 Lycias
906 1412 1089 1497 proriperet
1103 1410 1270 1475 catervmt

607 1736 619 1756 ·
707 1750 913 1817 cAnMuN
936 1751 1001 1816 rx.

628 1924 701 2014 ‘AD
734 1962 1067 2012 THALIARCHUM.

473 2125 475 2135 '
497 2123 618 2201 Vrnas,
634 2133 672 2186 ut
687 2123 751 2186 alta
768 2133 832 2186 stet
846 2122 918 2185 nive
933 2121 1107 2186 candidum

497 2225 643 2303 Soracte,
657 2245 716 2289 nec
727 2225 796 2307 jam
810 2223 991 2289 sustineant
1006 2245 1087 2288 onus

274 2416 385 2477 iocatum
388 2427 499 2490 jaciendo
515 2425 541 2474 in
555 2441 640 2491 campo
649 2425 739 2475 Martio
747 2441 844 2475 exerce·
876 2425 958 2473 Disco:
977 2427 1053 2474 discus
1063 2423 1108 2473 fnit
1118 2438 1199 2472 massa
1210 2422 1325 2488 plumbea
1338 2420 1377 2469 vel
1388 2420 1432 2468 icr-

282 2492 379 2547 bantur,
395 2489 523 2539 recentati
541 2505 566 2538 se
583 2498 661 2555 poeta.
695 2490 776 2538 Oderit
792 2505 844 2554 pro,
876 2487 1138 2555 maindiscispeciem
1147 2485 1432 2540 mtrmdamconiormata,

283 2554 341 2603 odit.
369 2556 493 2617 Apricum:
510 2507 552 2602 ubi
562 2562 635 2603 estus
649 2553 715 2610 solis,
727 2552 767 2602 cui
778 2569 844 2602 cam·
876 2569 950 2628 quam
957 2553 1058 2618 juvenes
1068 2552 1093 2602 in
1103 2551 1312 2602 exercitationibus
1321 2563 1433 2615 gymnas·

284 2634 331 2685 pus
341 2618 446 2667 Martius
457 2618 578 2683 expositus
589 2627 633 2677 est,
645 2616 756 2667 serendus
766 2626 812 2666 est.
875 2618 938 2673 ucis,
949 2618 1035 2667 virium
1045 2627 1095 2667 tam
1108 2617 1293 2666 exercendarum
1304 2630 1378 2679 quam
1389 2628 1433 2661 au·

316 2682 390 2731 5-7.
408 2682 532 2740 Militaris,
548 2690 665 2755 tanquam
685 2680 761 2741 miles,
779 2696 844 2730 more
876 2682 1006 2745 gendarum
1020 2697 1103 2738 causa,
1114 2681 1146 2730 ad
1159 2690 1248 2730 cenam
1262 2688 1350 2728 metam
1361 2677 1432 2742 proji-

284 2746 395 2805 miiitari;
412 2744 499 2794 milites
507 2762 561 2795 nem
603 2746 756 2794 imitabantur
766 2744 843 2811 pueri,
875 2746 988 2806 ciebant;
1009 2745 1133 2811 descripsit
1149 2746 1214 2794 hunc
1230 2744 1315 2792 ludum
1336 2742 1435 2791 Homer.

283 2819 308 2859 ot
322 2810 407 2858 ludum
424 2808 549 2859 militarem
570 2808 684 2859 udebant.
718 2810 788 2867 Sunt,
801 2808 845 2874 qui
876 2809 965 2875 Odyss.
975 2810 1025 2869 viii,
1039 2812 1086 2859 186
1096 2825 1150 2885 sqq.
1171 2806 1434 2871 Erpeditasignifican-

284 2873 411 2922 Horatium
420 2882 530 2938 equestre
536 2874 598 2923 illud
606 2873 720 2923 nobilium
725 2873 844 2937 juvenum
876 2882 911 2923 ter
926 2891 977 2941 pro,
994 2876 1076 2931 misso,
1091 2882 1212 2948 projecto;
1232 2873 1297 2921 inest
1311 2871 1375 2921 enim
1396 2872 1433 2934 τῷ

283 2938 450 2987 Romanorum
467 2946 595 2995 certamen,
608 2941 689 2987 tradam
705 2938 777 3000 Trqy'oe
791 2937 843 2986 dic·
875 2942 977 3000 expedito
990 2940 1055 2987 notio
1069 2938 1201 2995 facilitatis,
1216 2952 1267 3002 qua
1277 2936 1376 3001 Sybaris
1384 2934 1434 2983 dis·

282 3009 343 3059 tum,
356 3000 485 3068 respexisse
499 3002 641 3053 arbitrentur
648 3020 655 3061 ;
673 3001 723 3059 sed,
741 3010 768 3050 ut
782 3002 845 3050 Mne
876 3018 932 3050 curn
955 3012 979 3052 et
997 3003 1109 3067 jaculum
1130 3008 1196 3051 trans
1216 3009 1303 3050 metam
1319 2999 1436 3067 projicere

270 3066 393 3116 'observat
403 3066 443 3116 Cl.
457 3066 720 3129 Mitsch.iudusTrq1'oe
736 3066 780 3129 (do
796 3080 846 3129 quo
875 3066 991 3115 valuerat.

283 3130 314 3179 cs.
327 3130 396 3195 Virg.
410 3132 469 3180 AEn.
484 3133 508 3189 5,
521 3134 569 3180 545
580 3131 650 3197 sqq.)
661 3139 712 3180 orat
722 3129 844 3186 solemnis,
911 3132 1014 3180 13-16.
1024 3131 1088 3185 Quid
1100 3133 1165 3187 latet,
1173 3140 1203 3178 at
1211 3130 1306 3177 moriac
1315 3134 1372 3176 cett
1380 3141 1435 3176 sen·

281 3202 305 3243 et
321 3210 404 3243 raroa
433 3196 512 3243 batur.
546 3196 721 3251 Gallico-oro,
737 3195 762 3242 h.
780 3209 803 3243 e.
817 3208 844 3242 os
876 3209 932 3242 sus:
950 3196 1009 3259 quid
1026 3196 1086 3243 latet
1101 3193 1199 3259 Sybaris
1217 3191 1282 3257 apud
1299 3200 1332 3249 te,
1347 3191 1434 3255 Lydis,

282 3258 843 3385 tumtunuticanistart
875 3256 1317 3372 restittit-truttam
1330 3254 1435 3367 „at

253 3434 255 3437 .
284 3386 350 3434 Ana.
363 3386 388 3443 ii,
402 3342 843 3449 5);sed0b⁹insignemeorub1to0-
876 3386 987 3437 muliebri
1002 3340 1092 3461 quippie
1107 3394 1172 3435 vesto
1189 3384 1310 3440 indutum,
1328 3398 1359 3431 ne
1372 3356 1435 3431 virili

283 3448 345 3497 eiam
356 3448 446 3497 domari
459 3448 578 3498 debebant
587 3450 667 3499 irenis
681 3452 775 3511 topatio,
787 3450 812 3497 h.
820 3466 843 3499 e,
874 3451 943 3499 cultu
953 3452 1061 3517 proditus
1077 3452 1108 3500 ad
1118 3450 1208 3499 caedem
1223 3455 1306 3497 contra
1318 3447 1436 3511 Trojanos

283 3512 365 3561 ferreis
383 3512 483 3571 aculeis,
497 3514 540 3579 qui
553 3516 604 3577 tupi
619 3512 716 3579 (λύκοι)
727 3512 840 3563 diceban·
874 3514 992 3579 proficisci
1008 3525 1139 3579 cogeretur.
1172 3511 1293 3562 Nimirum
1308 3528 1365 3560 cum
1377 3511 1434 3568 tata,

283 3585 331 3632 tur,
343 3576 474 3625 instructis.
873 3594 903 3626 ex
921 3579 1010 3643 quibus
1024 3580 1181 3628 constitutum
1199 3576 1253 3633 tuit,
1270 3586 1299 3623 ut
1314 3575 1434 3631 Achilles,

317 3642 340 3697 8,
352 3642 378 3689 9.
395 3642 444 3689 Cur
452 3642 515 3689 timet
519 3641 611 3705 flavum
621 3641 720 3689 Tiberim
730 3645 841 3705 tongent
872 3641 932 3690 siin
948 3644 1040 3692 beilum
1055 3644 1186 3707 Trojanum
1195 3640 1391 3707 proficisceretur,
1403 3639 1438 3687 ibi

284 3704 386 3768 Egregie
402 3704 547 3778 adSybaris
564 3704 688 3753 mollitiem
702 3706 841 3762 notandam,
874 3707 968 3817 periret,
979 3708 1045 3756 baud
1056 3708 1167 3756 fallerent
1177 3706 1231 3771 ejus
1244 3712 1342 3752 matrem
1352 3704 1436 3751 Theti·

300 3784 325 3816 ιο
350 3769 452 3831 vulgari,
476 3784 521 3817 cur
543 3782 591 3815 non
612 3776 678 3817 natat
698 3769 724 3817 in
746 3769 844 3817 Tiberii
891 3767 1437 3830 em;horumeludendorumcsusaillatilium

314 3832 409 3898 olliores
419 3832 483 3881 enim
490 3832 598 3881 homines
609 3848 696 3897 nquam
708 3848 739 3881 na
747 3840 845 3897 tangere
876 3850 948 3883 suum
957 3836 1051 3909 apudL
1067 3835 1221 3884 comedemin
1229 3835 1302 3896 Scyro
1310 3833 1356 3880 sub
1368 3831 1437 3880 cultu

284 3896 380 3962 quidem
395 3895 493 3953 audent,
507 3894 596 3945 nedum
610 3904 638 3944 ut
648 3896 674 3944 in
685 3896 728 3946 itta
739 3897 844 3947 natando
877 3852 1219 3949 muliebnoccuitassadicitur
1224 3914 1232 3956 3
1241 3895 1306 3945 unde
1312 3896 1334 3943 is
1340 3894 1436 3953 deinde,

283 3976 309 4009 se
323 3969 457 4011 exerceant.
492 3961 541 4009 Cur
551 3962 636 4009 olivum
652 3970 707 4010 cett.
719 3977 763 4010 cur
777 3978 793 4010 a
802 3978 845 4028 pa·
877 3978 934 4011 curn
942 3963 1086 4021 Deidamiae,
1093 3962 1165 4029 cujus
1171 3976 1251 4010 amora
1258 3969 1345 4026 captus
1351 3960 1436 4017 fuerat,

284 4024 370 4082 lectra,
388 4024 465 4089 magis
482 4040 556 4089 quam
574 4039 588 4072 a
605 4040 697 4073 veneno
710 4026 845 4091 pratentis·
879 4042 905 4075 se
914 4027 992 4075 vuum
1003 4027 1154 4093 prodidisset,
1163 4029 1194 4075 ab
1206 4026 1296 4089 Ulysse
1309 4024 1335 4072 in
1345 4024 1437 4073 bellum

284 4088 343 4137 simo
363 4089 408 4137 sibi
430 4090 516 4138 caveti
544 4088 645 4145 Olivam,
665 4105 706 4154 pro
725 4090 844 4154 poiaestra,
877 4091 1009 4155 Trojanum
1028 4099 1161 4157 protractus
1181 4098 1226 4139 est.
1267 4088 1356 4136 Fusius
1374 4088 1437 4136 hanc

284 4152 343 4216 quia
354 4151 468 4201 luctaturi
478 4150 512 4201 ibi
522 4153 720 4211 artussuosoleo,
733 4170 764 4203 no
774 4154 846 4203 facile
878 4170 928 4203 rem
947 4158 1059 4204 tractavit
1075 4155 1166 4203 Statius
1186 4155 1212 4202 in
1231 4151 1383 4201 Achilleide:
1404 4152 1438 4202 et.

284 4214 358 4265 teneri
384 4224 481 4281 possent
506 4216 537 4264 ab
564 4216 705 4275 adversario,
730 4218 846 4282 inungere
878 4218 1043 4268 Bionldvi.
1071 4216 1438 4280 SubtocrimosoTrsp'aejimero:

283 4280 401 4329 solebant.
422 4281 523 4346 Sanguis
533 4284 657 4342 viperinus,
664 4298 782 4331 venenum
794 4283 845 4331 effi·
878 4298 934 4329 curn
954 4283 1036 4332 Greci
1050 4283 1081 4332 ad
1097 4283 1191 4332 bellum
1207 4278 1396 4331 funestissimum
1413 4295 1440 4329 se

283 4344 445 4401 cecissimum,
469 4353 496 4393 ut
517 4342 561 4393 ini.
584 4345 664 4411 Epod.
687 4348 712 4405 3,
732 4347 757 4404 6,
779 4364 848 4395 orator
878 4346 1044 4411 accingerent,
1061 4348 1155 4413 sursera
1173 4362 1216 4413 pro
1234 4345 1309 4401 bello,
1328 4344 1441 4392 funerum

283 4410 408 4470 otpertum.
877 4426 961 4459 causa
1003 4412 1095 4474 Lycius,
1117 4411 1142 4460 h.
1160 4426 1183 4459 e.
1205 4408 1323 4474 Trojanss
1335 4425 1343 4467 ς
1369 4409 1391 4456 L
1422 4407 1441 4456 ii

319 4473 422 4521 10-12.
440 4473 634 4529 [tivido-amis,
646 4473 672 4521 b.
683 4489 705 4522 e.
714 4473 787 4523 livore
804 4490 846 4522 no·
877 4474 950 4533 enim,
962 4476 1098 4587 Sapedone
1109 4483 1133 4523 et
1147 4475 1244 4524 Glauco
1257 4473 1369 4531 ducibus,
1379 4424 1440 4521 'Ilico-

285 4542 334 4584 tnta
345 4552 374 4585 ex
386 4550 514 4595 annorum,
528 4536 596 4594 disci,
613 4546 637 4585 et
644 4538 723 4601 jaculi
735 4538 847 4602 pondere.
875 4538 987 4602 janorum
1007 4547 1094 4589 uerunt
1105 4538 1173 4587 socii.
