3150 5200
726 354 1022 423 CARMINUM

516 485 702 572 Antequam
718 502 841 556 stantes
855 505 983 577 repetat
998 493 1136 578 paludes

453 590 493 654 10
515 590 670 656 Imbrium
685 594 795 658 divina
809 596 877 658 avis
893 596 1125 669 imminentum‚

515 692 670 758 Oscinem
684 717 817 758 corvum
831 717 928 778 prece
945 697 1111 759 suscitabo

816 795 900 859 Solis
915 795 956 858 ab
972 807 1063 859 ortu·

516 895 568 958 sis
583 894 658 960 licet
673 896 762 973 felix,
779 896 965 979 ubicunque
981 899 1093 974 mavis,

516 997 564 1060 Et
578 1020 699 1063 memor
714 999 827 1074 nostri,
845 997 995 1076 Galatea,
1011 999 1116 1062 vivas:

455 1097 494 1159 15
507 1097 632 1180 ‘Teque
647 1120 707 1163 nec
723 1099 823 1162 laevus
839 1108 926 1163 vetet
941 1099 987 1162 ire
1003 1101 1107 1182 picus,

820 1199 893 1264 Nec
909 1221 991 1283 vaga
1006 1201 1129 1264 cornix.

518 1299 585 1364 Sed
601 1299 703 1377 vides,
719 1311 842 1383 quanto
858 1301 1000 1384 trepidet
1014 1301 1154 1366 tumultu

515 1401 643 1466 Pronus
659 1401 774 1466 Orion.
822 1403 908 1486 Ego,
923 1402 1003 1486 quid
1019 1403 1061 1466 sit
1076 1412 1145 1466 ater

518 1503 667 1579 Hadriae,
684 1503 770 1579 novi,
787 1503 887 1580 sinus,
905 1504 1032 1586 etquid
1048 1503 1140 1567 albus

444 1603 488 1666 20
814 1602 935 1668 Peccet
950 1604 1064 1688 Iapyx.

515 1703 671 1767 Hostium
684 1725 804 1768 uxores
819 1705 978 1788 puerique
994 1727 1097 1770 caecos

516 1803 666 1866 Sentiant
680 1816 787 1868 motus
804 1806 936 1868 orientis
952 1802 1079 1882 Austri,
1093 1817 1126 1870 et

516 1905 675 1989 AEquoris
691 1907 776 1990 nigri
789 1905 963 1982 fremitum,
980 1918 1014 1972 et
1029 1917 1200 1971 trementes

819 2007 968 2071 Verbere
983 2009 1081 2091 ripas.

452 2110 494 2172 25
518 2107 573 2172 Sic
587 2120 621 2172 et
635 2109 770 2193 Europe
785 2109 916 2172 niveum
931 2107 1045 2173 doloso

516 2210 666 2274 Credidit
682 2222 775 2274 tauro
791 2210 887 2286 latua,
903 2220 937 2274 et
952 2220 1129 2274 scatentem

516 2310 641 2375 Belluis
656 2325 792 2395 pontum
808 2310 996 2395 mediasque
1012 2311 1144 2376 fraudes

819 2412 940 2476 Palluit
955 2414 1074 2478 audax.

515 2512 635 2596 Nuper
649 2516 684 2578 in
697 2516 801 2600 pratis
817 2515 964 2579 studiosa
979 2515 1105 2592 florum,
1121 2525 1155 2579 et

300 2706 335 2746 ter
350 2699 406 2747 leta
421 2696 521 2762 auguria
534 2699 656 2764 praecipio.
691 2701 794 2749 Oscinsm
812 2719 861 2749 cor·
892 2700 1359 2758 ts,21,0rmd0vesus,ubietnot.
1394 2703 1458 2767 Ego,

299 2780 352 2810 vum
411 2779 435 2811 ee
454 2764 565 2811 suscitabo
582 2762 641 2811 Solis
662 2766 691 2812 ab
710 2774 780 2813 ortu:
804 2764 862 2817 deca
892 2766 1052 2827 quidsitatsr
1062 2765 1326 2821 Hadriemoviniaus:
1342 2767 1394 2841 ipse
1411 2783 1459 2831 ego

299 2841 369 2891 preca
402 2843 421 2881 r,
441 2834 468 2874 ut
486 2825 591 2875 oscinem
608 2842 706 2876 corvum
724 2828 755 2876 ab
772 2828 861 2879 oriente
892 2836 1002 2893 expertus
1016 2844 1079 2885 sum,
1091 2844 1163 2893 quam
1174 2827 1333 2893 periculosum
1344 2832 1458 2879 srtnavi-

299 2890 440 2939 suscitatum
459 2891 542 2939 letum
561 2906 631 2941 omen
649 2906 735 2942 canere
749 2892 860 2957 jubeant.
892 2908 947 2957 gare
958 2892 984 2940 in
996 2892 1055 2941 mari
1066 2891 1216 2949 Hadriatico,
1227 2892 1324 2966 quando
1341 2895 1385 2943 atri
1400 2896 1459 2959 ejus

301 2954 401 3012 oscines,
411 2964 439 3003 ut
449 2954 509 3003 satis
518 2957 737 3013 notum,cantuvel
747 2956 860 3013 clamore,
894 2956 982 3005 fluctus
1000 2965 1102 3006 aestuant
1110 2973 1118 3016 ;
1133 2971 1197 3005 mare
1211 2972 1284 3012 enrm,
1293 2958 1353 3007 dum
1368 2967 1460 3009 estuat

188 3004 192 3013 ¹
297 3029 404 3081 praepeses
424 3018 506 3067 volatu
530 3020 654 3084 augurium
672 3019 769 3070 dabant.
803 3022 862 3071 Solis
893 3018 918 3069 in
933 3024 997 3069 sinus
1008 3021 1136 3069 reducitur.
1169 3020 1225 3068 Nisi
1241 3021 1299 3069 sorte
1310 3031 1386 3095 poeta
1402 3039 1459 3073 cer·

298 3084 327 3131 ab
345 3095 407 3139 ortu,
425 3086 456 3133 ab
473 3083 564 3133 criente
581 3086 645 3135 enim
662 3085 758 3134 latioris
774 3085 861 3133 ominis
893 3092 944 3132 tum
961 3084 1081 3149 quendam
1098 3085 1170 3135 maris
1184 3082 1317 3134 Hadriatici
1334 3086 1360 3134 in
1377 3090 1460 3137 sinam

299 3163 355 3196 aves
366 3147 477 3199 advolare
487 3148 624 3198 debebant:
641 3151 674 3198 ci.
684 3152 783 3199 Sueten.
797 3150 859 3198 Ves·
892 3158 1019 3197 exeuntem
1035 3149 1115 3197 locum
1132 3148 1269 3215 respexerit,
1282 3148 1323 3212 qui
1334 3150 1459 3213 navigan-

298 3228 351 3277 pns.
365 3212 416 3261 vit.
433 3216 485 3262 αὖ
504 3214 549 3261 sub
565 3214 621 3263 fine.
653 3216 782 3277 Antequam
796 3223 860 3261 nart-
893 3210 957 3259 tibus
980 3212 1086 3277 inprimis
1107 3220 1164 3261 atra
1183 3212 1329 3277 tempestatis
1348 3224 1460 3279 tempore

299 3286 331 3322 tes
353 3286 441 3337 repetat
461 3279 559 3338 paludes
578 3278 690 3325 Imbrium
711 3280 792 3326 divina
813 3280 863 3327 svis
893 3274 995 3325 infestus
1013 3285 1083 3327 esset.
1118 3278 1208 3342 lappa:
1231 3275 1279 3325 vid.
1297 3277 1328 3325 ad
1345 3277 1362 3332 i,
1381 3278 1408 3335 3,
1430 3282 1458 3328 4.

298 3340 472 3386 immissarum:
490 3348 619 3402 antequam
638 3340 698 3395 avis,
711 3341 862 3391 imminentes
894 3341 975 3397 Albus,
994 3340 1084 3389 coslum
1103 3341 1184 3390 album
1203 3340 1253 3389 sive
1271 3357 1380 3391 serenum
1400 3343 1458 3393 red·

298 3400 385 3448 imbres
401 3401 516 3450 divinitus
531 3403 670 3466 predicens,
683 3412 773 3453 stantes
789 3405 860 3470 palu·
894 3404 969 3465 dens,
986 3412 1013 3453 ut
1024 3420 1077 3470 sup.
1089 3404 1106 3461 i,
1118 3406 1143 3462 7,
1157 3408 1196 3461 15,
1208 3406 1274 3453 albus
1286 3405 1370 3461 Notus,
1381 3414 1408 3454 at
1420 3406 1457 3463 iii,

298 3464 341 3511 des
357 3473 456 3529 repetat,
468 3464 492 3513 h.
502 3481 525 3513 e.
536 3474 677 3531 tempestate
693 3467 801 3517 nondum
819 3485 861 3534 per
893 3468 917 3524 7,
939 3470 961 3525 l,
981 3470 1075 3518 candidi
1098 3470 1205 3519 Favonii.
1240 3468 1302 3523 Quid
1323 3480 1409 3531 peccet,
1431 3470 1457 3519 in

298 3526 418 3575 cornicem
429 3527 558 3591 praedicta3
574 3530 677 3579 lavando
688 3532 752 3580 anim
762 3542 788 3582 et
798 3548 862 3607 aqut
892 3541 1006 3595 quantam
1029 3532 1135 3582 fraudem
1157 3532 1264 3589 inducat,
1282 3530 1341 3597 quid
1363 3534 1459 3583 fraudis

299 3606 325 3639 se
336 3590 362 3637 in
374 3590 503 3655 paludibus
518 3593 682 3657 perfundendo
698 3597 806 3646 cornices
823 3614 860 3646 m·
893 3595 1033 3645 committat.
1056 3597 1165 3645 Hostium
1173 3598 1458 3670 usmespneriqus‚quod

315 3653 381 3701 rimis
394 3656 530 3720 pluviosum
546 3665 639 3732 tempus
649 3659 776 3723 predicere
789 3670 859 3726 puta·
893 3660 1013 3709 molliores
1023 3676 1105 3710 eorum
1117 3660 1190 3709 animi
1201 3660 1332 3724 impensius
1346 3660 1372 3707 in
1387 3676 1456 3725 ejus·

298 3670 402 3790 llaptur:
421 3718 469 3767 vid.
488 3721 556 3769 Arat.
573 3722 643 3771 Drcs.
658 3725 705 3771 217
724 3740 778 3788 sqq.
794 3726 859 3775 Plin.
892 3722 957 3773 modi
966 3723 1101 3773 discrimine
1112 3724 1256 3773 consternari
1267 3724 1352 3773 solent.
1371 3725 1455 3783 euos,

298 3797 365 3835 ann,
379 3784 420 3831 35.
893 3786 918 3836 lr.
934 3805 956 3837 e.
973 3797 1043 3846 atros,
1060 3786 1176 3838 turbidos.
1210 3787 1338 3837 Trementss
1353 3791 1457 3845 nubere,

333 3847 437 3895 13-24.
454 3850 490 3896 Sis
507 3850 560 3898 licet
569 3849 642 3914 felis,
660 3860 717 3901 cett.
735 3866 819 3900 sensus
836 3860 860 3901 et
892 3852 1100 3901 contremiscentes
1123 3853 1238 3901 fluctuum
1269 3852 1359 3901 allisu:
1388 3854 1458 3903 and

299 3926 387 3959 nesus:
405 3926 447 3976 per
458 3928 497 3986 me
506 3913 578 3977 igitur
587 3914 626 3963 vel
635 3930 677 3979 per
687 3915 797 3989 auguria,
805 3933 860 3980 quas
895 3916 964 3978 Virg.
974 3916 1077 3989 AEniii,
1086 3916 1143 3975 423,
1153 3914 1288 3979 Charybdis
1300 3918 1394 3965 nudari

298 3981 859 4112 ἶςὶῗΡᾷἒῖἕιὲἓῗὲἴίέὲἶῖὲῖῗέέέἓέἓΐὲἓὲῖῗ
892 3979 1298 4107 ”‘tt'1.”.‘.¹¹t¹tff¹·,........
1309 4050 1333 4093 a
1346 4042 1455 4093 nam.

299 4103 346 4153 mei
356 4112 429 4152 vitam
441 4119 506 4169 agas,
516 4107 627 4171 latisque
637 4106 694 4157 inde
704 4107 859 4173 proficiscaris
891 4107 1014 4159 demntia:
1032 4108 1186 4171 vidargum.
1218 4108 1345 4155 Scatcnters
1362 4106 1458 4155 Bsttus's

298 4168 426 4224 ominibus,
438 4176 494 4218 cett.
529 4172 621 4225 Quanto
639 4174 738 4234 trepidet
754 4174 859 4221 tumultu
890 4181 994 4231 matum,
1015 4170 1154 4237 μεγακήτεα
1175 4170 1278 4226 πόντον,
1298 4172 1396 4219 Homer.
1418 4173 1455 4219 0-

298 4232 391 4281 Pronus
400 4234 579 4299 ogiamquanto
589 4235 858 4285 tumultuadoccasum
891 4234 955 4299 dyss.
966 4234 1001 4291 iii,
1015 4238 1070 4285 15³.
1104 4236 1203 4293 Medias,
1219 4236 1244 4283 in
1261 4234 1339 4284 medio
1354 4234 1456 4283 demum

297 4307 351 4346 ruat
362 4297 447 4355 Orion,
460 4298 485 4345 h.
496 4313 520 4346 e.
530 4308 621 4362 quanta
636 4308 691 4365 post
705 4300 802 4350 Orionis
817 4316 858 4349 oc·
891 4300 951 4347 mari
967 4300 1004 4349 vel
1020 4299 1125 4367 periculo
1141 4300 1257 4362 cognitas.
1291 4300 1375 4346 Audes
1392 4299 1457 4349 refer

297 4376 389 4418 casum,
402 4362 445 4426 qui
456 4361 537 4417 imtat,
549 4372 660 4411 ercrmra
675 4363 707 4411 sit
723 4372 858 4428 tempestas.
891 4362 922 4411 ad
938 4365 1004 4413 Euro
1058 4362 1214 4415 temeritatem
1232 4371 1256 4412 ct
1272 4362 1455 4413 inconsideran-

299 4424 416 4487 Trepida,
428 4426 453 4474 h.
465 4442 488 4475 e.
499 4425 606 4475 festinet:
624 4427 657 4475 cf.
675 4443 728 4493 sup.
738 4428 765 4485 ii,
778 4430 803 4487 4,
817 4430 858 4476 23.
891 4428 957 4477 tiam.
992 4380 1084 4491 llldpsr,
1100 4428 1172 4493 paulo
1188 4435 1252 4483 ante,
1268 4424 1368 4475 dudum.
1404 4427 1455 4475 De-

299 4488 390 4537 Pronus
407 4489 438 4539 ad
455 4506 567 4541 occasum
584 4505 702 4553 vergens,
721 4501 749 4540 ut
765 4509 820 4557 sup.
838 4492 855 4547 i,
890 4494 941 4541 tite
966 4492 1087 4556 Nymphis,
1109 4507 1183 4557 quarn
1208 4507 1239 4540 ex
1261 4499 1315 4539 roto
1342 4499 1457 4556 suscepto
