3150 5200
278 333 342 396 312
693 327 1015 394 SATIRARUM

298 483 342 544 60
364 482 476 554 Quum
491 503 593 566 genus
609 481 671 546 hoc
688 482 773 546 inter
788 483 862 546 vitoe
878 492 1036 557 versetur,
1050 481 1108 544 ubi
1122 482 1206 545 acris

364 583 491 647 invidia
503 593 600 665 atque
616 582 726 666 vigent
741 582 799 646 ubi
813 584 963 646 crimina:
986 603 1048 666 pro
1061 583 1146 646 bene
1162 604 1241 646 sano

365 682 417 748 Ac
432 707 497 747 non
512 684 654 759 incauto,
669 683 782 747 fictum
796 694 1004 766 astutumque
1016 703 1178 746 vocamus.

364 784 547 869 Simplicior
562 785 634 867 quis
649 795 682 848 et
697 795 758 861 est,
775 785 903 867 qualem
917 808 969 848 me
982 806 1069 868 saepc
1083 783 1222 848 libenter

365 885 551 949 Obtulerim
565 885 636 960 tibi,
653 883 830 961 Maecenas,
847 897 884 949 ut
898 884 981 950 forte
995 885 1157 968 legentem

299 987 342 1052 65
363 984 434 1050 Aut
450 987 583 1050 tacitum
597 984 741 1070 impellat
755 986 870 1068 quovis
885 1007 1032 1050 sermone
1046 984 1219 1049 molestus:

363 1087 533 1152 Communi
549 1108 646 1150 sensu
659 1085 755 1168 plane
769 1099 870 1163 caret,
886 1087 1060 1169 inquimus.
1106 1084 1223 1150 Eheu!

364 1188 473 1260 Quam
488 1198 608 1252 temere
623 1188 656 1250 in
671 1197 800 1250 nosmet
814 1186 917 1272 legem
934 1187 1095 1250 sancimus
1109 1187 1271 1270 iniquam!

363 1288 452 1352 Nam
466 1291 552 1353 vitiis
567 1310 661 1353 nemo
678 1290 746 1351 sine
761 1290 923 1366 nascitur3
947 1288 1088 1370 optimus
1102 1285 1155 1350 ille
1170 1297 1233 1363 est,

364 1390 433 1463 Qui
444 1391 581 1454 minimis
597 1401 742 1473 urgetur.
788 1388 924 1454 Amicus
939 1387 1056 1465 dulcis,
1070 1398 1107 1451 ut
1121 1410 1250 1471 aequum
1264 1401 1326 1465 est,

300 1491 343 1554 70
364 1490 449 1554 Cum
463 1513 534 1554 mea
549 1501 737 1574 compenset
751 1491 837 1554 vitiis
851 1491 949 1565 bona,
965 1489 1114 1573 pluribus
1128 1489 1230 1565 hisce,

363 1591 399 1654 Si
414 1591 512 1655 modo
527 1591 621 1675 plura
636 1590 714 1654 mihi
729 1591 816 1654 bona
829 1601 917 1667 sunt,
933 1589 1075 1654 inclinet.
1121 1587 1234 1653 Amari

364 1691 400 1755 Si
415 1691 502 1756 volet
516 1691 577 1756 bac
592 1690 675 1776 lege,
692 1693 725 1754 in
740 1692 862 1755 trutina
876 1703 1016 1774 ponetur
1031 1689 1154 1755 eadem.

363 1792 442 1870 Qui,
458 1816 499 1858 ne
514 1795 685 1858 tuberibus
700 1793 841 1878 propriis
856 1792 1003 1857 offendat
1016 1792 1164 1867 amicum,

365 1892 524 1971 Postulat,
540 1895 688 1978 ignoscet
703 1893 845 1958 verrucis
860 1893 963 1957 illius:
987 1915 1117 1976 aequum
1130 1905 1192 1968 eat,

299 1995 340 2058 75
363 1993 511 2059 Peccatis
528 1995 653 2058 veniam
668 2005 856 2079 poscentem
871 1994 1009 2058 reddere
1024 2015 1148 2057 rursus.

364 2095 530 2179 Denique,
546 2106 706 2179 quatenus
721 2094 831 2158 excidi
845 2094 975 2179 penitus
990 2095 1102 2158 vitium
1116 2094 1185 2170 iroe,

363 2197 483 2263 Cetera
498 2199 573 2262 item
590 2207 755 2281 nequeunt
771 2195 878 2260 stultis
892 2195 1067 2273 haerentia,
1094 2216 1153 2258 cur
1167 2216 1232 2258 non

364 2297 571 2364 Ponderibus
587 2298 791 2381 modulisque
804 2299 870 2360 suis
886 2298 969 2362 ratio
983 2298 1096 2373 utitur,
1112 2318 1161 2374 ac,
1177 2317 1230 2359 res

277 2430 307 2480 ds
326 2431 394 2480 Orat.
409 2431 435 2489 ii,
449 2433 490 2488 4³,
505 2450 574 2496 saque
588 2437 672 2490 omnis,
689 2451 738 2498 que
753 2435 833 2498 probo·
867 2431 931 2484 tione
957 2433 1112 2498 reciperetur.
1153 2433 1247 2480 Amisus
1270 2433 1355 2488 dulcis,
1375 2449 1428 2480 cass

277 2511 338 2548 sitm,
354 2496 508 2552 demissorum,
524 2515 569 2544 non
585 2501 683 2556 corium,
698 2516 744 2546 non
761 2501 833 2560 perti·
868 2497 964 2561 (dum),
976 2507 1003 2545 ut
1013 2515 1101 2560 equum
1110 2505 1152 2554 est,
1163 2512 1212 2543 msa
1228 2497 1286 2543 bono
1301 2505 1428 2558 conpensat

277 2560 377 2614 nnciam,
396 2575 441 2606 non
461 2560 622 2625 litigiosorum,
640 2579 686 2611 nnis
703 2563 836 2613 auom
867 2564 931 2612 vitiis
954 2562 1061 2623 (inversa
1082 2560 1203 2610 locutione
1225 2574 1276 2625 pro,
1295 2573 1351 2608 cum
1371 2557 1429 2608 vitis

276 2632 339 2675 sunt,
351 2623 418 2669 valde
432 2624 607 2673 benevolentium
621 2628 755 2675 consiliant.
787 2626 836 2674 His
868 2642 921 2675 mes
936 2635 1075 2701 compensat
1089 2626 1182 2686 bouis).
1192 2626 1299 2686 plurilus
1315 2626 1375 2672 luisse
1388 2626 1427 2671 ls-

269 2683 837 2816 ill.;llz.l¹tltll.'‘lllldlllt
869 2692 1061 2816 {lltltfflll‘
1104 2688 1428 2819 “ifflfflilplliih-iii

277 2826 426 2947 titillff‘l
441 2815 770 2951 {stultiut-⁰055?
782 2817 836 2944 tlt
868 2817 1106 2945 mitt
1124 2818 1224 2930 {llll
1243 2817 1430 2927 tillml’d

276 2948 337 3013 sotus
349 2948 374 2989 st
384 2941 510 3005 petitiones
518 2943 608 3001 eludat,
621 2944 684 2992 latus
696 2954 779 2993 tectum
791 2960 833 3008 op·
866 2964 953 3002 snare,
967 2955 995 2995 ut
1009 2947 1080 3002 sitsi
1094 2946 1152 2993 oolst
1167 2946 1209 2992 lss
1224 2946 1273 3007 legs
1288 2958 1328 2991 mc
1339 2959 1428 2998 snam,

276 3012 352 3067 pomt.
386 3006 500 3063 Crimina,
513 3006 698 3057 criminationes.
868 3008 898 3057 ad
909 3009 1009 3058 eandem
1021 3010 1098 3071 legen
1109 3007 1213 3056 vicissim
1225 3022 1240 3055 a
1250 3022 1289 3055 ms
1300 3007 1429 3055 amabitur.

309 3068 414 3118 63-66.
436 3070 574 3133 Simplicior,
593 3080 651 3121 cett.
669 3072 689 3119 si
706 3071 759 3136 quis
776 3072 833 3121 sim·
868 3071 898 3120 In
918 3076 1019 3130 trutina,
1039 3080 1137 3127 statera,
1155 3072 1269 3120 translata
1286 3070 1318 3118 de
1336 3085 1428 3125 norma,

277 3131 395 3195 plioioret
408 3133 515 3191 talisest,
546 3137 622 3185 nalem
634 3137 834 3201 masepsliben-
868 3135 906 3184 vsl
922 3136 1020 3194 rations,
1032 3136 1063 3184 ad
1075 3151 1147 3199 qnam
1162 3151 1199 3183 res
1215 3134 1298 3199 aliqua
1311 3133 1429 3199 ponden-

277 3203 312 3243 ter
327 3195 371 3244 tibi
388 3197 522 3255 obtulerim,
565 3215 664 3253 scenas.
678 3199 711 3247 ita
727 3199 834 3264 quidem,
867 3207 920 3247 tur:
945 3200 1039 3250 Cic.de
1052 3199 1157 3258 Oratii,
1169 3200 1427 3259 suadeamini«,

276 3267 304 3306 ut
317 3259 446 3323 simplicior
457 3260 507 3316 ille,
519 3266 595 3325 quovis
609 3280 708 3311 ammons
722 3266 835 3319 molestus,
867 3280 916 3326 quc
926 3282 973 3312 non
983 3265 1089 3327 aurificis
1096 3273 1192 3317 natm,
1199 3265 1237 3311 ssd
1244 3266 1345 3325 quadsss
1354 3279 1427 3325 popu-

276 3330 319 3370 aut
346 3324 394 3370 'orte
411 3324 519 3385 legsntem
537 3334 580 3373 aut
596 3330 692 3375 tacitum
705 3327 836 3389 (ineditam
869 3328 916 3375 leri
932 3330 1024 3375 trutina
1039 3330 1137 3392 (norma
1149 3327 1240 3391 aliqua,
1252 3326 1283 3374 ad
1295 3340 1369 3390 quam
1385 3341 1429 3391 po·

276 3392 323 3433 tem
350 3389 381 3432 im
410 3387 453 3434 llnt
464 3387 530 3451 (ejus
542 3389 647 3437 animum
659 3388 803 3453 impellendo
813 3400 838 3441 et
868 3390 941 3455 pulus
950 3407 988 3439 res
998 3391 1127 3456 ponderat)
1137 3395 1308 3438 nominantur.

275 3446 306 3495 ad
320 3464 346 3496 ss
362 3462 376 3494 a
394 3450 505 3497 vertendo
517 3452 617 3511 turbet),
629 3452 708 3502 dicere
721 3455 834 3512 solemus,
901 3456 1006 3503 76-79.
1022 3454 1237 3519 Quoscumque&
1269 3452 1429 3518 uidemqno·

276 3510 327 3559 En!
346 3511 467 3561 istsbomo
479 3517 759 3565 sensucommunicaret.
775 3520 835 3568 Sim·
869 3518 942 3575 niam,
954 3529 982 3568 ut
997 3534 1051 3583 sup.
1063 3520 1115 3567 Sat.
1124 3519 1141 3576 i,
1156 3520 1178 3575 l,
1188 3470 1348 3567 (54.le
1408 3520 1430 3565 t·

273 3574 359 3647 plifior
369 3575 430 3624 refer
440 3577 470 3624 ad
486 3594 577 3626 morum
592 3579 837 3647 simplicitatem,qua
868 3592 914 3639 tus,
931 3582 1046 3632 radicitus
1062 3583 1195 3647 exstirpari.
1228 3581 1310 3630 Schol.
1328 3580 1429 3647 Porpb„

274 3652 382 3713 qmssa,
397 3656 452 3703 quse
471 3642 513 3689 alii
530 3642 560 3690 ad
578 3644 675 3707 gratiam
693 3648 836 3755 captandum
869 3646 933 3695 Hinc
953 3647 1050 3712 (poeta)
1068 3649 1194 3709 paullatim
1213 3662 1237 3694 so
1256 3648 1381 3700 duasdit,
1400 3656 1429 3693 at

274 3702 379 3751 studiose
395 3713 524 3762 sectantur,
541 3722 589 3755 non
605 3716 681 3756 curat.
736 3712 833 3769 ibenter,
867 3713 974 3759 edomas
989 3711 1073 3759 Stoicos
1087 3713 1198 3771 disputst,
1210 3712 1250 3772 qui
1267 3712 1361 3765 dieunt,
1375 3725 1427 3771 por·

274 3766 354 3815 animo
366 3766 514 3832 ilajubenle.
867 3785 918 3823 outo
931 3778 1005 3823 omnio
1016 3778 1085 3837 puris
1096 3791 1140 3823 esse
1150 3784 1173 3823 st
1183 3775 1277 3830 similia,
1289 3784 1312 3821 st
1323 3776 1430 3820 aninum

307 3831 349 3880 67.
367 3832 443 3887 Quam
461 3844 550 3890 temere,
570 3842 626 3884 cett.
660 3838 741 3894 Quam
762 3839 836 3887 stults
866 3841 1014 3900 spectandum
1030 3841 1153 3901 peccantis,
1166 3856 1212 3885 non
1225 3840 1379 3899 quantitatem
1393 3841 1430 3884 rei

273 3904 309 3945 sst
320 3895 370 3945 bec
384 3906 462 3946 nostra
473 3898 498 3947 in
511 3898 620 3948 notandis
631 3900 759 3949 amicorum
771 3902 836 3951 vitiis
867 3904 892 3949 in
915 3920 962 3965 quo
981 3912 1098 3965 peccatam
1121 3912 1162 3949 est.
1198 3902 1283 3949 Stultis
1306 3902 1428 3957 terentis,

272 3961 402 4020 severitas;
419 3962 505 4027 quodsi
521 3962 584 4012 enim
601 3980 681 4013 severe
695 3963 725 4013 de
742 3966 833 4014 amico·
867 3966 940 4014 Stoici
950 3966 1103 4031 appellabant
1111 3980 1195 4013 omnes
1202 3966 1283 4013 stultos
1292 3974 1316 4013 st
1327 3967 1428 4019 insanos,

272 4040 324 4073 rum
334 4025 398 4074 vitiis
414 4026 561 4099 judicamus,
573 4028 679 4077 vicissim
697 4038 721 4077 st
737 4029 786 4077 illis
804 4028 834 4078 de
866 4029 918 4092 qui,
930 4046 1003 4093 quam
1017 4030 1055 4077 illi
1069 4029 1279 4084 concionabantur,
1297 4043 1345 4076 non
1360 4044 1428 4077 exer·

274 4088 360 4138 nostris
370 4090 434 4139 vitiis
445 4107 525 4142 severe
534 4092 643 4157 judicare
655 4092 747 4141 licebit.
866 4108 920 4141 cere
931 4102 1027 4158 possent
1037 4093 1188 4158 sapientiam.
1214 4094 1264 4140 Cur
1276 4109 1322 4140 non
1336 4092 1428 4140 Ponde-

305 4154 336 4265 7b0
345 4170 398 4266 ldli
410 4156 467 4203 Cum
479 4174 526 4204 ines
539 4168 672 4219 compenset,
682 4165 739 4205 cett.
748 4157 779 4206 ad
788 4158 832 4222 by·
866 4158 930 4204 ribam
941 4160 1082 4220 modulisque
1091 4161 1139 4205 suis
1152 4160 1214 4205 sotio
1224 4159 1312 4209 utitur,
1324 4172 1369 4205 cur
1380 4172 1429 4204 non

272 4232 343 4279 pera

271 4288 349 4329 vetere
361 4282 502 4341 Scholiasta,
512 4284 627 4348 jungunt,
641 4288 696 4333 lona
712 4302 760 4333 mea
771 4304 830 4334 com·
863 4284 893 4332 sd
911 4294 1001 4335 certam
1018 4300 1124 4335 normam
1142 4285 1244 4333 estimat
1259 4292 1284 4332 et
1298 4283 1427 4349 dijudicat,

270 4354 345 4403 psnssl
357 4363 408 4393 cum
419 4347 498 4405 stillim
516 4348 557 4395 sed
573 4364 602 4397 sx
617 4364 669 4397 meo
685 4364 756 4397 sensu
772 4366 829 4400 con·
863 4358 887 4397 st
903 4348 938 4398 sic
959 4349 1048 4398 leviora
1066 4349 1123 4397 vitis
1141 4364 1156 4396 a
1175 4348 1323 4412 gravioribus
1341 4348 1428 4396 distin·

269 4406 364 4480 sinnius
374 4411 509 4474 procederet
524 4410 607 4468 oratio,
620 4410 640 4459 si
655 4427 696 4476 pro
707 4424 830 4475 compenset
862 4412 932 4474 guitl
967 4414 1116 4470 Poulei-ibus,
1128 4412 1215 4487 quibus
1230 4412 1255 4460 in
1270 4412 1341 4460 lance
1356 4412 1427 4460 tnrti-

269 4472 550 4535 scrtberetursompensat,
562 4483 648 4522 etcum
660 4491 701 4539 pro
714 4477 829 4541 conjunc·
863 4492 901 4525 uc
918 4478 1002 4542 positis
1019 4493 1055 4525 res
1071 4477 1214 4541 pendimus3
1238 4476 1427 4525 accommodavit

397 4234 444 4267 unc
457 4220 535 4269 locum
547 4220 660 4277 referunt,
670 4229 702 4277 et,
713 4231 833 4286 preeunte
864 4222 925 4267 ratio
932 4221 1072 4285 (judicandi
1081 4221 1191 4276 laenius,
1197 4219 1363 4285 philosophia)
1369 4220 1428 4268 sitis
