3150 5200
745 336 949 404 EPODON

499 482 545 546 Et
559 483 661 549 horna
677 486 764 552 dulci
780 491 856 553 vina
869 512 1020 574 promens
1036 493 1135 573 dolio,

651 587 764 673 Dapes
781 592 917 656 inemtas
933 605 1089 678 apparet;

496 687 576 752 Non
590 711 641 774 me
656 689 801 755 Lucrina
810 694 955 776 juverint
969 695 1149 780 conchylia,

434 793 477 854 50
648 793 799 877 Magisve
814 795 982 872 rhombus,
998 809 1056 860 aut
1071 800 1165 876 scari,

500 893 632 977 Siquos
649 894 729 958 Eois
745 897 892 960 intonata
906 897 1061 964 fluctibus

649 996 765 1061 Hiems
780 1000 823 1062 ad
838 999 901 1064 boc
915 1011 1021 1064 vertat
1034 1024 1140 1080 mare3

498 1098 576 1162 Non
591 1096 675 1162 Afra
689 1101 757 1163 avis
773 1101 951 1165 descendat
966 1103 999 1165 in
1014 1114 1158 1168 ventrem
1172 1127 1289 1181 meum,

646 1201 724 1264 Non
740 1213 873 1287 attagen
888 1204 1018 1268 lonicus

433 1305 475 1366 55
497 1304 690 1380 ducundior‚
707 1327 804 1388 quam
818 1304 903 1370 lecta
917 1307 958 1370 de
974 1307 1195 1390 pinguissimis

650 1407 747 1469 Oliva
761 1408 857 1471 ramis
871 1409 1034 1484 arborum,

496 1508 566 1573 Aut
578 1509 682 1573 herba
694 1509 819 1592 lapathi
833 1522 928 1594 prata
942 1512 1091 1587 amantis,
1104 1521 1138 1576 et
1153 1512 1244 1595 gravi

579 1669 582 1676 .
647 1610 767 1674 Malvae
783 1611 930 1676 salubres
945 1614 1086 1697 corpori,

496 1712 561 1778 Vel
576 1735 659 1797 agna
674 1711 765 1776 festis
780 1735 865 1777 caesa
880 1713 1133 1791 Terminalibus,

429 1816 472 1882 60
644 1813 709 1877 Vel
723 1814 838 1906 baedus
854 1826 987 1899 ereptus
1001 1816 1091 1901 lupo.

496 1917 569 1982 Has
585 1917 668 1980 inter
683 1915 796 2000 epulas
811 1918 952 2013 uiduvat
967 1930 1077 2002 pastas
1093 1942 1169 1984 oves

643 2017 767 2083 Videre
782 2030 995 2103 properantes
1011 2021 1159 2085 domum!

280 2157 355 2205 multa
377 2156 546 2206 exercitatione
569 2163 685 2222 paratur3
713 2154 747 2203 sic
773 2153 838 2220 apud
870 2153 927 2206 liore
938 2155 1003 2220 pisce
1015 2155 1100 2204 laudat
1110 2155 1210 2203 Jacobs.
1222 2153 1247 2202 in
1259 2153 1388 2203 Animadv.
1398 2157 1431 2205 ad

281 2223 333 2270 Liv.
356 2221 415 2276 lxiv,
438 2224 478 2276 34,
500 2237 580 2284 emptu
601 2223 792 2283 pernicissimum,
814 2227 838 2267 et
871 2220 973 2268 Anthol.
990 2222 1071 2268 Grac.
1087 2219 1136 2267 rol.
1146 2218 1182 2274 iii,
1194 2234 1249 2282 pars
1259 2218 1277 2274 i,
1289 2235 1314 2283 p.
1330 2221 1372 2268 89.
1405 2223 1431 2270 Si

280 2286 362 2344 xxviii,
374 2287 415 2340 20,
427 2303 519 2347 oorpma
530 2287 603 2334 multa
615 2287 774 2333 exercitatione
786 2299 838 2345 per·
870 2300 923 2345 quos
942 2284 995 2332 Eois
1011 2288 1118 2333 intonata
1126 2285 1241 2348 fluctibus
1253 2283 1332 2332 Hiems
1346 2286 1378 2331 ad
1392 2287 1432 2332 lior

278 2353 349 2397 aricia.
380 2350 504 2397 Horatium
517 2349 623 2397 imitatus
633 2358 669 2396 est
678 2348 769 2396 Statius
777 2348 836 2395 silv.
868 2358 1029 2405 serrarum,-
1042 2348 1062 2395 si
1070 2348 1129 2395 torte
1137 2355 1273 2412 tempestas,
1283 2362 1430 2410 magnacum

279 2429 302 2467 v,
319 2414 401 2469 1,12·2
418 2429 471 2476 sqq.
485 2413 549 2461 Velut
564 2415 656 2476 Appula
670 2417 750 2476 eorpus
764 2415 836 2476 Agri·
870 2412 975 2461 tumultu
995 2413 1019 2459 in
1035 2413 1093 2460 mari
1111 2413 1161 2460 Eoo
1178 2420 1360 2466 rauriacorum
1376 2413 1431 2462 inde

279 2479 331 2524 cole
350 2479 426 2538 parci,
445 2479 539 2524 nelarie
558 2479 645 2541 infecta
668 2478 759 2532 Sabino,
782 2477 837 2530 Quia
869 2476 985 2540 quosdarn
1012 2476 1041 2525 ad
1070 2492 1134 2524 mare
1157 2475 1260 2525 vicinum
1287 2475 1429 2540 dispulerit:

278 2543 339 2587 uidet
363 2543 451 2587 emeriti
470 2545 522 2603 jam
550 2543 745 2603 prospectantibus
769 2543 838 2588 astris
870 2541 931 2604 Afra
939 2540 1360 2605 auis,gallloaNumidica,guttata,(
1363 2541 1430 2589 Peri·

280 2604 376 2666 Tempus
384 2607 458 2651 orlesse
467 2607 521 2660 uiri,
529 2622 621 2667 propere
630 2622 757 2668 mensasque
766 2616 835 2654 toras·
869 2608 949 2667 huin)
959 2606 1006 2653 vid.
1015 2606 1128 2654 Schneid.
1139 2606 1169 2653 ad
1176 2605 1304 2654 Columell.
1313 2606 1366 2660 viii,
1374 2608 1399 2662 2,
1407 2610 1430 2655 2.

277 2686 320 2731 que
336 2668 445 2723 instruit,
456 2680 611 2730 exspectatque
627 2686 705 2716 sonum
719 2673 837 2717 redeuntis
870 2672 971 2735 Attageu
989 2671 1089 2726 Ionicus,
1105 2671 1195 2732 (rosbes
1210 2672 1333 2732 gelonites
1347 2671 1431 2718 Hassi-

278 2736 364 2781 oratri.
392 2734 487 2780 Somnum
498 2744 519 2780 et
534 2736 626 2781 vetantis
634 2734 837 2781 exstruat—Lassi
870 2736 1008 2795 buhrr,)est
1021 2735 1063 2783 ille
1079 2734 1158 2782 adbuc
1172 2733 1295 2797 regionum
1308 2733 1430 2783 Asiatica·

278 2800 454 2845 subodoratum
470 2795 628 2851 viri.scilicet
643 2805 670 2844 ut
684 2814 764 2859 aquam
778 2800 836 2845 saii-
870 2814 920 2846 rum
943 2799 1052 2863 inprimis
1073 2798 1200 2861 indigena:
1235 2800 1302 2845 herba
1330 2800 1428 2859 lapathi,

277 2862 338 2915 dam,
349 2862 475 2973 qualitates
489 2860 588 2908 maritus
601 2861 702 2914 lavetur,
713 2872 835 2921 comparet,
869 2864 1065 2928 (Saueramffer)
1084 2878 1097 2911 a
1119 2865 1190 2910 verbo
1209 2862 1339 2918 λαπάζειν.
1359 2863 1386 2910 b.
1405 2880 1428 2913 e.

278 2934 305 2974 ut
321 2926 442 2981 Tibul.i,
456 2927 495 2983 10,
507 2928 538 2974 42
555 2924 667 2973 disertius
682 2924 705 2971 in
723 2940 748 2973 re
760 2924 835 2972 simil·
868 2926 969 2983 inanire,
991 2942 1027 2975 sc.
1051 2927 1132 2975 alvum
1146 2944 1154 2986 ;
1183 2927 1238 2974 binc
1262 2926 1306 2974 ini.
1329 2929 1380 2975 Sat.
1403 2929 1428 2986 ii,

277 2990 335 3039 lima
344 2991 572 3056 loquiturisacmm,
584 3004 619 3037 sc.
633 2990 835 3046 l.oribus;vetus·
869 2992 893 3046 l,
913 2994 954 3048 29,
974 2996 994 3040 si
1015 2994 1076 3039 duro
1098 2992 1226 3039 morabitur
1244 2993 1430 3053 atain-pettam

276 3058 306 3103 tis
325 3072 375 3121 pro,
395 3056 476 3105 aridis.
512 3056 584 3104 Pecus
605 3058 689 3108 tatum,
709 3052 835 3102 luxurians
867 3056 1139 3113 anturnacensium&
1158 3057 1247 3117 lapathi
1263 3058 1335 3103 breuis
1350 3058 1428 3105 herba

276 3116 834 3186 saliensqueobbonamcorporishabitudinem.
869 3120 943 3167 Prata
964 3124 1072 3174 amantis,
1091 3120 1217 3191 pratensis,
1234 3119 1259 3166 in
1277 3119 1352 3183 pratis
1367 3136 1429 3185 prse-

277 3185 387 3235 Disteuta
401 3188 560 3238 monetatum,
579 3182 684 3231 ornatius
701 3197 742 3247 pro
759 3183 834 3239 tenui,
867 3183 936 3248 cipue
947 3195 971 3234 et
982 3184 1041 3232 locis
1056 3183 1111 3233 udis
1127 3193 1199 3249 atque
1215 3184 1361 3249 palustribus
1373 3201 1428 3234 nes·

277 3250 399 3313 mulgeat:
418 3252 488 3297 boram
505 3246 836 3357 vina‚bornotina,bocipso
867 3249 961 3307 centis3
990 3248 1056 3298 Plio.
1080 3266 1120 3306 xx,
1141 3250 1184 3296 21.
1224 3249 1308 3296 Maiae
1326 3252 1429 3299 salubres

275 3312 372 3360 demum
394 3327 457 3361 anim
478 3320 542 3365 nata.
563 3309 669 3359 adeone
689 3312 737 3360 fere
758 3310 787 3358 ad
806 3327 836 3359 uc
868 3317 956 3375 corpori
975 3317 1053 3379 gram,
1069 3314 1093 3361 h.
1114 3330 1136 3361 e.
1157 3313 1238 3360 alvum
1256 3312 1426 3363 adstrictiorem

276 3385 390 3424 mustum.
410 3376 588 3423 Prameusduici
599 3327 667 3431 dolio,
675 3385 779 3423 mustum
789 3375 836 3424 sci-
869 3377 994 3436 levautes;
1011 3378 1067 3426 binc
1087 3394 1142 3441 sup.
1162 3378 1179 3433 i,
1197 3378 1238 3432 31,
1258 3378 1296 3432 16,
1316 3377 1429 3427 dicuntur

275 3438 332 3487 licet
343 3442 481 3489 servabatur
492 3439 592 3515 primum
606 3438 629 3487 in
641 3457 698 3503 rapa
714 3439 762 3488 sive
776 3442 838 3488 dolio
871 3444 944 3500 lema,-
962 3444 1036 3490 Mart.
1055 3458 1080 3498 r,
1093 3444 1135 3497 tt,
1147 3442 1171 3498 7,
1191 3441 1363 3491 Exoneraturas
1375 3460 1428 3492 aea-

275 3505 407 3567 capaciore,
421 3504 485 3553 unde
495 3504 565 3560 illud,
578 3502 676 3570 quando
693 3504 834 3552 deiaecatum
865 3516 922 3554 trem
935 3508 991 3555 miii
1006 3509 1086 3554 villica
1098 3508 1184 3554 maleas
1195 3507 1293 3560 Attritis,
1304 3517 1327 3554 et
1341 3511 1426 3564 armas,

275 3566 360 3626 luerat,
373 3568 396 3617 in
409 3570 543 3635 amphoras,
559 3579 640 3625 testas,
656 3569 693 3617 vel
710 3569 782 3617 cados
796 3572 834 3617 de·
867 3588 923 3634 qaas
945 3574 1011 3619 labet
1031 3572 1120 3626 tortus,
1141 3586 1200 3632 apes.
1245 3570 1425 3620 Terminalibus:

267 3632 832 3698 fundebatur3vinumigituresdoiiobaastum,
865 3636 1047 3684 celebrabantur
1070 3634 1213 3682 Terminalia
1233 3649 1257 3681 a.
1274 3633 1300 3681 d.
1316 3634 1349 3683 vii
1371 3637 1426 3685 Cal.

273 3696 312 3744 vel
330 3699 427 3753 elatiore,
445 3699 524 3747 bibere
540 3700 649 3747 solebant
664 3697 782 3746 tenuiores
797 3698 835 3745 vel
868 3700 944 3748 Mart.
963 3700 1017 3748 vide
1037 3699 1067 3748 de
1089 3699 1120 3747 iis
1146 3698 1217 3747 ovid.
1241 3698 1307 3746 Fast.
1328 3699 1355 3755 ii,
1378 3702 1426 3750 639

274 3762 434 3826 pauperiores,
446 3764 552 3838 dqfusum
568 3778 623 3810 vero
638 3770 662 3809 et
675 3760 700 3808 in
713 3761 835 3873 apprhecis
867 3778 921 3827 sqq.
941 3766 1002 3812 Casa
1015 3780 1076 3827 agna
1094 3763 1167 3812 Ovid.
1182 3762 1200 3811 l.
1212 3764 1230 3810 l.
1246 3780 1270 3810 v.
1284 3764 1342 3822 655,
1354 3765 1426 3827 Spar·

274 3824 722 3876 vinariisreconditumbeatiores:rid.
753 3826 836 3889 oettig.
866 3832 936 3893 gitur
953 3838 975 3875 et
997 3845 1051 3876 eam
1073 3831 1186 3877 communi
1209 3827 1330 3875 Terminus
1353 3845 1424 3891 agam

273 3898 380 4004 atquem
393 3890 487 3940 Ernesti
499 3891 522 3939 in
536 3891 606 3939 Clav.
617 3890 671 3939 Cic.
684 3905 703 3937 s.
713 3906 738 3938 v.
750 3892 837 3937 dolium
871 3892 957 3940 Heius
977 3903 1067 3954 ereptus
1083 3894 1151 3955 lupo:
1172 3892 1211 3941 vel
1227 3890 1291 4003 quod
1308 3891 1425 3957 ejusmodi

273 3954 313 4004 lau
332 3965 357 4005 at
376 3957 476 4004 Abram.
499 3956 529 4003 ad
549 3955 603 4005 cic.
624 3954 730 4029 Philipp.
750 3955 775 4009 ii,
793 3956 834 4003 st.
866 3957 959 4012 haedus,
969 3956 1020 4020 jam
1036 3956 1088 4021 lupi
1104 3956 1218 4005 dentibus
1244 3971 1315 4013 assus,
1326 3958 1424 4006 mactari

274 4020 355 4077 Daiei,
386 4020 410 4068 iu
444 4021 532 4084 quibus
566 4019 637 4068 dulce
672 4036 754 4067 vinum
785 4019 835 4068 sive
866 4021 963 4069 omnino
982 4021 1066 4080 debet;
1088 4021 1127 4069 vel
1146 4020 1212 4084 quod
1233 4035 1270 4074 ea,
1289 4036 1344 4083 quae
1363 4023 1425 4071 boas

272 4095 378 4135 mustum
390 4085 512 4134 conditum
522 4092 574 4133 est:
587 4086 704 4147 conchylia
718 4084 832 4139 Lam-iao,
865 4086 960 4133 fortuna
970 4086 1040 4134 nobis
1051 4094 1143 4135 servata
1155 4092 1179 4132 ct
1190 4084 1283 4134 reddita
1297 4094 1362 4141 sunt,
1374 4095 1425 4135 stu·

272 4150 357 4199 elucn
370 4150 474 4198 Lucrino
517 4149 568 4206 tita,
581 4165 634 4213 quae
650 4147 734 4197 ceteris
750 4148 834 4195 ostreis
866 4150 955 4198 diosius
966 4150 990 4197 in
1002 4166 1073 4198 usum
1084 4159 1108 4197 et
1119 4150 1221 4197 fructum
1233 4149 1403 4198 convertimus.

272 4216 556 4280 alautiorumepuarum
575 4212 755 4262 aestimatoribus
785 4229 829 4260 rae·
895 4216 1001 4263 61-70.
1022 4215 1069 4263 iias
1087 4218 1151 4262 iuter
1169 4216 1256 4277 epotas,
1277 4221 1335 4261 cett.
1368 4216 1424 4264 iam

271 4279 325 4327 ierri
343 4281 467 4329 solebant:
486 4278 518 4327 ei.
535 4277 580 4325 ini.
598 4280 649 4326 Sat.
663 4278 687 4334 ii,
707 4229 787 4333 mp'
808 4285 833 4326 et
863 4279 1027 4328 dulcissimam
1048 4279 1115 4327 illam
1132 4277 1288 4343 voluptatem,
1305 4294 1354 4353 qua
1373 4296 1425 4328 res-

272 4345 382 4395 Macrob.
393 4344 419 4399 ii,
433 4346 472 4392 11.
507 4344 629 4397 Rhombus,
645 4342 830 4405 (Sciatienfisel.
862 4343 955 4409 pertiso
966 4351 1136 4455 temporepost
1149 4350 1257 4409 peractos
1271 4341 1319 4390 dier
1333 4344 1425 4393 labores

271 4408 367 4471 Bittio),
380 4410 466 4475 passim
484 4409 544 4458 iuter
555 4405 659 4455 melioris
677 4415 739 4453 nota
754 4406 833 4471 pisces
864 4407 966 4456 rusticus
987 4408 1072 4473 pertun
1091 4407 1147 4462 itur,
1168 4407 1270 4456 breviter
1290 4407 1426 4456 adumbrat.

270 4472 397 4522 laudatur:
416 4474 449 4523 ct.
461 4469 828 4528 11118111,1,116,ΟοΙυπιο11.
863 4472 977 4539 Concipit
993 4488 1079 4536 nempe
1098 4472 1178 4519 animo
1195 4471 1323 4545 laenerator
1333 4472 1424 4536 jucun·

269 4534 320 4595 viii,
331 4540 371 4597 17,
379 4544 403 4589 9.
429 4542 506 4588 Serri:
518 4537 581 4594 vide,
591 4550 651 4601 quos
661 4534 692 4583 de
704 4533 747 4583 hoc
761 4535 828 4583 nobi·
862 4536 986 4586 dissimum
998 4536 1067 4584 illurn
1077 4536 1426 4600 sensura,quorust1cusinter
