3150 5200
549 331 715 397 LIBER
738 330 783 409 11,
807 333 838 394 2.

138 488 182 551 50
206 487 323 550 Donec
337 506 394 549 vos
410 492 524 548 auctor
539 484 652 547 docuit
667 482 850 567 praetorius.
897 481 1002 566 Ergo,

205 588 241 652 Si
256 590 329 672 quis
345 608 430 651 nunc
445 608 573 670 mergos
590 606 704 649 suaves
719 584 860 648 edixerit
875 605 978 660 assos,

204 689 339 754 Parebit
353 690 445 773 pravi
460 686 576 751 docilis
592 686 742 751 Romana
752 686 919 769 juventus.

206 790 368 855 Sordidus
383 813 404 853 a
418 789 508 853 tenui
524 788 609 853 victu
626 788 772 863 distabit,
789 785 901 849 Ofello

206 891 343 969 Judice3
367 914 441 954 nam
456 888 577 952 frustra
593 889 705 951 vitium
720 888 871 951 vitaveris
886 885 978 963 illud,

141 993 185 1056 55
207 992 244 1057 Si
259 1005 291 1057 tc
307 994 371 1057 alio
385 1014 521 1077 pravum
536 990 723 1053 detorseris,
771 987 964 1064 Avidienus,

209 1094 271 1158 Cui
287 1094 397 1170 Canis,
413 1116 455 1157 ex
472 1114 547 1156 vero
561 1092 706 1166 ductum,
722 1112 901 1173 cognomen
916 1090 1073 1167 adhaeret,

209 1194 448 1279 Quinquennes
463 1193 551 1257 olcas
567 1201 664 1257 estet
681 1191 840 1255 silvestria
854 1212 964 1267 corna,

211 1295 274 1373 Ac,
287 1297 349 1360 nisi
364 1305 533 1371 mutatum,
549 1295 654 1378 parcit
668 1292 850 1357 defundere
864 1294 990 1371 vinum3
1014 1304 1058 1370 et,

209 1397 316 1482 Cujus
332 1398 465 1461 odorem
481 1396 542 1461 olei
558 1418 700 1479 nequeas
717 1392 863 1478 perferre
878 1394 1001 1475 (licebit

145 1498 191 1562 60
213 1497 271 1563 llle
287 1500 424 1583 repotia,
441 1497 576 1573 natales,
593 1497 712 1559 aliosve
727 1495 855 1559 dierum

212 1600 328 1665 Festos
344 1600 471 1664 albatus
487 1598 642 1681 celebret)
657 1620 759 1662 cornu
773 1598 844 1681 ipse
859 1597 970 1662 bilibri

214 1702 371 1765 Caulibus
386 1701 531 1777 instillat,
547 1701 665 1765 veteris
681 1721 745 1762 non
760 1722 879 1782 parcus
894 1700 988 1764 aceti.

216 1802 315 1875 Quali
329 1804 430 1887 igitur
444 1803 532 1866 victu
548 1802 676 1885 sapiens
692 1810 813 1877 utetur,
829 1810 863 1863 ct
877 1800 993 1865 horum

126 1955 157 1987 sa
179 1940 293 2000 apposuit,
313 1952 384 2000 quare
401 1941 450 1999 p'us
470 1953 544 1984 mensa
561 1954 576 1983 a
597 1936 689 1984 Lucilio
720 1950 776 1983 eum
787 1936 852 1983 enim
863 1934 949 1983 frustra
960 1936 1034 1984 vitare
1045 1940 1127 1985 uitium
1141 1938 1212 1992 iilud,
1223 1936 1278 1985 lux-

127 2019 216 2065 qnoque
238 2011 341 2049 taxatur.
375 2002 468 2051 Versus
490 2000 578 2049 Lucilii
601 2000 687 2048 servati
721 1998 797 2046 uriam
808 2007 875 2073 puta,
887 2001 930 2063 qui
941 2014 1050 2064 perverso
1065 2001 1145 2048 animo
1154 2000 1185 2048 ad
1195 2000 1278 2049 vitium

128 2074 189 2115 suut
207 2065 270 2130 apud
285 2065 340 2113 Cic.
354 2064 384 2113 de
401 2064 456 2113 sin.
474 2065 499 2121 ii,
514 2066 538 2120 Β,
552 2065 572 2111 0
585 2064 663 2120 Publi,
675 2080 687 2110 a
720 2072 873 2118 cacinnum,
884 2063 915 2111 ad
926 2063 1044 2112 sordidam
1058 2064 1190 2119 arantium,
1202 2072 1279 2112 bans-

127 2127 688 2243 tatatiairuiuauiiui
719 2135 776 2239 tit
789 2128 1280 2255 ³rtuiitittut⁰ntti⁵

129 2262 158 2307 iss
177 2260 222 2305 ista
241 2257 359 2305 cannis
374 2210 458 2319 nsduilia
477 2228 544 2319 atpslc
562 2260 689 2319 acipensere
721 2262 743 2302 te
755 2254 912 2303 utbominem
941 2271 997 2304 rava
1010 2263 1035 2304 et
1049 2255 1164 2305 deteriora
1179 2228 1280 2320 sequen:

129 2338 184 2369 aun
204 2324 336 2369 maruno.
374 2321 448 2369 Piscis
467 2324 583 2381 acipenser
606 2318 691 2385 (Stis)
724 2325 789 2376 tanr5
806 2318 888 2367 eodem
942 2320 1146 2381 'tlectioprauun
1157 2319 1281 2383 quamde·

131 2401 147 2433 a
166 2384 199 2433 ud
221 2400 265 2433 nos
291 2383 387 2447 quidam
414 2399 471 2441 non,
495 2393 523 2431 ut
544 2384 600 2432 olim
631 2380 693 2447 (vid.
725 2373 948 2433 ienditlientleius.
980 2386 1042 2440 Atio,
1054 2383 1085 2431 ad
1096 2383 1163 2431 aliud
1174 2383 1265 2433 vitium.

158 2448 258 2499 eiudorl.
270 2448 301 2497 ad
313 2448 337 2495 h.
347 2448 364 2497 1.
382 2483 388 2504 ,
402 2448 432 2496 ad
444 2448 578 2497 lautiorese
596 2448 649 2495 ulus
657 2463 693 2495 re·
759 2448 867 2495 55-57.
884 2449 1018 2503 Auidicnus,
1030 2462 1126 2503 nomen,
1139 2457 1166 2496 ut
1179 2447 1282 2504 videtur,

131 2514 217 2562 fertur.
250 2511 346 2560 Plinius
379 2526 457 2577 uoque
473 2512 498 2559 in
511 2512 576 2560 Hist.
612 2520 646 2560 at.
659 2510 693 2567 is,
725 2509 818 2559 fictum.
851 2510 887 2557 Es
907 2528 967 2568 uero,
984 2527 999 2560 a
1018 2512 1134 2577 spurcitia
1149 2510 1242 2560 scilicet
1257 2521 1284 2561 et

131 2578 175 2634 26,
191 2576 298 2633 miratur,
315 2528 380 2641 quod
397 2579 493 2639 piscium
508 2578 572 2640 apud
589 2578 694 2640 antiquos
725 2573 889 2642 impudentia;
906 2578 1010 2632 ductum,
1022 2583 1133 2634 tractum,
1146 2575 1192 2633 vel,
1204 2574 1284 2625 utalii

131 2644 286 2690 nobilissimus
299 2641 361 2714 apud
380 2657 430 2689 suu
447 2643 525 2690 aetatis
541 2639 649 2690 homines
669 2640 693 2688 in
726 2639 817 2702 legunt,
833 2642 920 2687 dictum
941 2639 1080 2704 (inditum).
1114 2641 1157 2689 Est
1173 2640 1283 2703 (latita),

151 2720 209 2754 arvo
220 2706 253 2753 sit
263 2713 346 2770 pretio.
374 2705 426 2754 Nec
438 2704 552 2754 Horatius
563 2705 613 2755 sive
625 2704 693 2754 Olel·
725 2703 787 2752 edit:
810 2703 854 2752 inl.
867 2703 944 2770 Epist.
954 2704 972 2762 i,
985 2709 1009 2761 2,
1022 2706 1062 2761 39,
1074 2708 1095 2753 si
1110 2707 1167 2769 quid
1181 2715 1214 2754 est
1230 2709 1283 2756 ana·-

143 2785 173 2818 us
184 2769 435 2832 laudatissimorum
447 2770 489 2818 sed
505 2769 584 2835 potius
599 2770 629 2819 de
641 2785 693 2818 mu·
726 2787 797 2818 mum.

134 2833 205 2883 sabin
224 2833 250 2880 in
267 2833 313 2880 hac
331 2849 356 2882 re
374 2833 497 2882 hominum
513 2833 610 2898 ingenia
630 2834 694 2897 agit,
758 2837 800 2882 58.
819 2836 861 2891 Ac,
876 2839 921 2883 nisi
936 2845 1060 2891 nuatum,
1071 2843 1138 2892 cett,
1150 2851 1178 2884 ac
1190 2835 1283 2892 vinum,

134 2913 193 2946 uam
212 2897 285 2962 paulo
305 2905 358 2962 post
377 2897 403 2944 in
420 2915 443 2946 v.
460 2900 489 2947 51
513 2898 581 2954 dicit,
599 2899 624 2946 Si
646 2901 695 2961 quis
727 2897 772 2945 nisi
788 2899 892 2946 astuitia
907 2909 1044 2964 corruptum
1058 2900 1118 2948 etin
1131 2908 1223 2948 acetum
1236 2899 1285 2948 iere

134 2979 199 3009 nunc
216 2977 303 3024 mergos
317 2977 397 3009 suares
413 2964 509 3011 edissa-it
521 2979 587 3020 assos,
602 2963 696 3010 Parebit
726 2970 859 3010 mutatum:
877 2964 910 3011 ci.
923 2964 967 3011 inl.
984 2965 1036 3011 Sat.
1047 2963 1073 3021 ii,
1091 2966 1116 3018 8,
1128 2965 1169 3012 50.
1204 2963 1286 3011 Parcit

132 3029 204 3088 prasi
231 3027 311 3072 docilis
335 3025 439 3073 Ronsana
458 3030 582 3088 juventus.
624 3027 698 3074 Tutus
729 3026 865 3090 defundere,
877 3027 994 3102 exquisite
1010 3043 1060 3093 pro,
1072 3043 1142 3092 parce
1161 3026 1270 3075 defundit
1276 3044 1285 3087 3

136 3100 189 3138 not
204 3089 319 3146 rhombus,
339 3097 396 3137 cett.
416 3105 486 3138 nemo
504 3091 610 3147 rhombo,
629 3105 698 3138 nemo
730 3103 764 3137 sc.
783 3105 812 3138 cx
834 3089 898 3139 dolio
919 3108 945 3139 ιιι
966 3107 1003 3140 am
1021 3091 1102 3140 boram
1122 3092 1160 3140 vel
1181 3090 1285 3138 cadum:

135 3153 238 3202 ciconias
255 3152 328 3217 pullis
347 3152 513 3204 insidiabatur.
547 3155 642 3210 Docuit,
662 3169 697 3202 sc.
730 3153 983 3215 aliasparaerecurni
1018 3153 1285 3220 uitivoelegantcrpro,

134 3216 460 3280 ciconiaspulloscomedere,
470 3221 598 3279 pretorius.
617 3217 698 3266 Schol.
730 3233 785 3273 mn,
802 3218 874 3275 nolle,
889 3219 1004 3276 cunctari,
1021 3234 1038 3267 a
1055 3235 1081 3268 se
1098 3220 1129 3268 Ιιιιι
1198 3234 1222 3266 re
1238 3234 1288 3266 non

136 3281 227 3344 Cruq„
253 3281 345 3330 Annius
365 3281 509 3344 Sempronius
532 3282 612 3348 Rufus
636 3299 695 3344 pra·
728 3295 814 3345 posse:
837 3297 893 3349 sup.
905 3282 954 3331 Od.
971 3283 1007 3338 iri,
1022 3285 1063 3340 28,
1078 3285 1102 3340 ⁷,
1144 3286 1206 3331 arcis
1224 3286 1288 3331 dcci·

137 3347 213 3393 tarius
232 3346 358 3393 instituisse
377 3348 491 3403 creditur,
510 3357 538 3395 ut
558 3349 698 3394 ciconiarum
728 3360 782 3407 perc
797 3348 876 3394 borceo
887 3347 1014 3395 Conantem
1026 3347 1109 3396 Bibuli
1120 3349 1226 3396 Cmssuiis
1238 3365 1287 3396 cm-

134 3409 200 3470 puili
216 3410 415 3456 manducarentur
422 3428 431 3468 ,·
448 3427 528 3473 quare,
540 3427 592 3458 cum
604 3413 629 3458 in
639 3427 698 3472 pra-
730 3409 833 3470 pirorum,
845 3409 888 3467 ubi
898 3410 953 3459 ride
965 3427 1020 3486 quse
1031 3412 1182 3461 nausimus:
1202 3411 1288 3477 Mun·

138 3481 195 3519 tura
214 3474 312 3534 petendo
332 3473 446 3534 repulsam
464 3475 563 3530 tulisset,
583 3476 629 3522 talc
650 3477 698 3536 epi-
731 3475 793 3530 aare,
805 3474 869 3537 quod
880 3490 923 3522 nos
934 3475 1044 3532 dicimus,
1053 3479 1168 3524 abablius.

135 3551 244 3599 paramo
265 3539 365 3584 nuruis:
389 3537 536 3584 Ciconiarum
556 3536 636 3648 Rnp'us
658 3541 700 3586 ists
765 3538 871 3588 59-61.
889 3537 986 3594 Licebit,
996 3554 1048 3603 pro,
1061 3540 1127 3598 licet,
1136 3540 1254 3604 quamvis,
1263 3549 1292 3589 ut

137 3601 244 3648 eonditor
257 3599 579 3665 Hicestduobuselegantios
611 3603 699 3660 lancis,·
732 3615 787 3666 sup.
810 3603 832 3650 E
881 3635 887 3649 .
908 3604 947 3657 15,
968 3604 1007 3659 19,
1024 3603 1060 3652 Sis
1076 3620 1155 3668 pecore
1176 3615 1198 3654 et
1215 3606 1290 3653 multa

136 3663 307 3728 suffragiorum
316 3673 461 3726 punctorum
474 3667 631 3728 ruiitseprcan
660 3667 700 3713 ct·
733 3667 987 3715 diucsteiurelicebit.
1020 3667 1133 3730 Rapacis·
1151 3685 1193 3736 per
1202 3671 1292 3732 repotia

138 3729 601 3790 ceniarumpopuiusuitussstmcrtam.
632 3729 700 3778 Sslse
731 3727 852 3792 designari
870 3729 962 3778 videtur
975 3735 1100 3794 potationis
1116 3735 1230 3795 repetitio,
1242 3733 1291 3781 sire

138 3789 229 3839 dicitur
242 3794 373 3853 pessimus,
384 3791 427 3856 qui
442 3792 467 3839 iu
481 3801 585 3857 preturs
599 3793 701 3858 petenda
732 3792 771 3840 die
791 3801 844 3858 post
863 3794 960 3860 nuptias
979 3794 1095 3859 proximo,
1114 3797 1163 3846 sive
1181 3797 1291 3861 septimo.

140 3854 264 3920 repulsam
276 3855 341 3903 tuti-t.
733 3856 828 3914 Festus,
847 3859 960 3921 litpots'c:
982 3863 1093 3921 postridie
1116 3864 1210 3923 nuptias
1229 3863 1293 3921 apud

174 3921 218 3967 51.
238 3918 476 3993 Ediserit,tanqnam
505 3921 702 3970 retorvelhomo
733 3938 816 3969 nasum
827 3925 937 3970 maritum
947 3933 1060 3978 canatur,
1101 3926 1126 3972 ia
1139 3929 1205 3987 quasi
1217 3925 1293 3986 epict-

192 3981 276 4036 torius,
288 3983 360 4031 sicuti
372 3983 472 4031 snmus
541 3985 636 4049 pronius
648 3986 702 4033 Ru·
734 3995 776 4032 tur
784 3988 880 4047 potatio.
902 3987 984 4036 Schol.
994 3987 1062 4044 Aen,
1071 3942 1169 4051 lllpotia
1180 3989 1293 4036 (imatus

170 4062 190 4101 s,
211 4061 266 4094 cum
286 4045 393 4095 irrisione
416 4063 459 4113 pro
477 4047 577 4158 vulppri,
597 4048 705 4098 docuerit
735 4051 842 4112 septimus
858 4052 914 4109 dies,
925 4069 969 4114 quc
986 4068 1045 4099 nava
1059 4054 1114 4100 saur
1130 4061 1204 4112 nupta
1216 4053 1293 4099 redire

140 4125 209 4158 assos
220 4124 312 4173 mergos
323 4125 408 4160 suaves
420 4125 480 4160 esse.
544 4127 611 4177 ergus
625 4113 703 4179 (Tau-
735 4115 882 4174 adparentes
892 4131 958 4163 siros:
979 4114 1028 4162 rid.
1040 4114 1188 4164 Werasdorl.
1199 4115 1230 4163 de
1242 4115 1293 4163 Re·

141 4173 222 4236 cber),
234 4173 286 4222 avis
297 4174 427 4223 macilenta
436 4184 460 4223 et
469 4174 580 4239 insipida.
735 4177 808 4240 potiis
820 4178 945 4234 Veterum,
963 4179 1036 4228 1780.
1073 4181 1180 4236 ditatus,
1196 4178 1295 4228 indutus

176 4239 285 4313 53-55.
297 4237 434 4314 διινάἰάιιιιιι
445 4241 520 4293 tenui,
530 4247 587 4314 cett.
599 4239 703 4296 Ofellus,
737 4240 793 4314 alba
808 4249 880 4297 veste,
897 4259 979 4306 quam,
995 4243 1038 4354 pul
1053 4243 1202 4319 solemnibus
1217 4242 1295 4356 epulis

140 4317 186 4374 ‘¹¹¹¹
204 4301 704 4416 “lhisiipilillllihiilibffllii
735 4309 1091 4419 i²t¹tt¹¹¹·⁸‘s‘”⁰⁰¹’-³⁰²·
1125 4309 1295 4420 ‘'iliam‘'

141 4375 288 4478 disterticium
303 4437 407 4486 tenuem,
422 4402 512 4479 eum'a
528 4385 703 4481 victpoppdipo
737 4433 767 4486 Q.
780 4385 1084 4488 sterilibcdibatbscllsbllm
1101 4389 1165 4436 qm
1241 4388 1294 4428 m,

143 4491 274 4556 diligenter
301 4492 495 4558 distinguendum
527 4510 579 4545 esse
606 4504 744 4609 rrsosset3Bb
769 4498 870 4547 62..Ad
882 4500 982 4547 instillat
990 4499 1050 4550 elice
1060 4515 1090 4548 ex
1100 4499 1296 4551 antecedentibus
