3150 5200
250 320 252 325 ’
298 320 362 382 398
715 315 1038 381 SATIRARUM

383 472 429 537 Et
443 473 567 557 lapathi
582 474 689 538 brevis
705 472 819 547 heisa,
836 473 895 535 sed
911 471 986 535 slbo
1000 493 1067 535 non
1082 472 1151 535 sine
1167 470 1248 535 Coo.

317 574 360 637 30
383 574 527 639 Lubrica
541 585 711 639 nascentes
727 572 861 657 implent
876 572 1045 657 conchylia
1059 574 1162 651 lnnae3

384 676 451 741 Sed
466 699 530 740 non
547 698 640 741 omne
654 697 742 741 mare
757 686 809 740 est
824 698 994 759 generosae
1009 676 1116 741 fertile
1130 687 1234 741 testae.

382 777 511 842 Murice
527 776 653 841 Boiano
667 777 780 842 melior
796 776 940 841 Lucrina
954 776 1093 861 peloris:

381 880 502 944 Ostrea
518 880 665 956 Circeiis,
682 879 813 944 Miseno
828 880 977 943 oriuntur
991 878 1117 957 echini;

382 981 573 1047 Pectinibus
588 982 708 1067 patulis
719 982 825 1066 jactat
840 1004 876 1045 se
889 980 983 1045 molle
999 980 1191 1047 Tarentum.

316 1084 361 1147 35
382 1083 457 1148 Nec
473 1085 535 1147 sibi
550 1106 716 1148 coenarurn
729 1084 835 1167 quivis
851 1093 972 1147 temere
987 1094 1120 1167 arroget
1134 1095 1248 1161 artem,

381 1185 461 1249 Non
475 1187 565 1269 prius
580 1197 696 1250 exacta
711 1186 801 1249 tenui
816 1185 941 1248 ratione
957 1206 1122 1268 saporum.

381 1287 456 1351 Nec
472 1288 550 1351 satis
565 1299 626 1364 est,
643 1309 718 1351 cara
733 1287 840 1370 pisces
855 1306 1004 1350 averrere
1017 1309 1130 1351 mensa

381 1387 546 1473 Ignarum,
563 1391 682 1473 quibus
698 1399 748 1453 est
758 1388 815 1471 jus
830 1388 950 1470 aptius,
966 1400 1000 1451 et
1014 1391 1134 1471 quibus
1148 1390 1232 1453 assis

383 1491 576 1575 Languidus
591 1492 623 1555 in
638 1490 783 1555 cubitum
794 1490 863 1572 jam
878 1509 913 1551 se
929 1490 1064 1553 conviva
1078 1501 1225 1575 reponet.

316 1593 361 1655 40
383 1592 508 1658 Umber
522 1604 555 1666 et
570 1592 669 1677 iligna
683 1591 826 1654 nutritus
840 1589 959 1673 glande
973 1591 1132 1655 rotundas

382 1694 505 1759 Curvet
519 1718 599 1781 aper
612 1694 721 1759 lances
734 1714 864 1757 carnem
879 1692 1009 1755 vitantis
1024 1695 1177 1757 inertem:

381 1795 468 1858 Nam
485 1797 634 1861 Laurens
649 1796 752 1860 malus
768 1804 830 1869 est,
846 1793 928 1857 ulvis
944 1806 977 1858 et
991 1796 1150 1859 arundine
1165 1796 1308 1880 pinguis.

384 1897 491 1962 Vinea
507 1898 668 1963 submittit
682 1918 817 1981 capreas
831 1917 898 1958 non
913 1910 1040 1980 semper
1054 1896 1178 1962 edules.

382 1998 546 2063 Fecundae
559 1999 680 2085 leporis
695 2000 824 2083 sapiens
841 1998 1020 2063 sectabitur
1033 2022 1150 2064 armos.

330 2188 372 2236 29.
393 2185 495 2248 Lapathi
511 2186 555 2250 (ex
570 2200 656 2249 genera
674 2185 855 2251 diapson-Ra·
921 2186 962 2232 34.
982 2186 1126 2235 Pectiaibus.
1171 2188 1265 2243 Pectus,
1290 2188 1355 2245 mic
1379 2188 1449 2301 m,

296 2267 346 2299 men
366 2259 477 2307 scutatus,
494 2250 533 2298 vel
557 2251 588 2298 R.
615 2251 744 2307 Patientia,
767 2248 855 2304 Linn.)
890 2247 1136 2310 Kana-arwam
1170 2251 1225 2299 vide
1251 2266 1311 2315 qnos
1338 2252 1379 2300 lau
1442 2289 1450 2310 ,

299 2317 371 2363 Nesis
388 2314 659 2381 herho:sup.Epod.2,
672 2316 713 2370 57,
727 2316 776 2363 Aut
788 2315 858 2362 herta
890 2313 982 2361 Athen.
997 2314 1032 2372 iii,
1049 2332 1073 2380 p.
1090 2317 1122 2363 aa
1141 2316 1172 2370 B,
1190 2315 1292 2364 Aristar.
1310 2316 1344 2363 11.
1363 2317 1400 2365 Ν.
1415 2317 1449 2372 is,

296 2380 386 2440 lapathi
399 2387 469 2441 prata
487 2382 594 2447 amantis,
610 2388 633 2428 et
644 2382 714 2443 gravi
726 2378 810 2427 Malaia
820 2393 857 2425 sa·
891 2378 1046 2436 4‚a;1>tin.
1066 2379 1130 2428 Hist.
1148 2381 1182 2427 N.
1199 2379 1233 2435 ir,
1253 2382 1295 2435 51,
1311 2379 1387 2436 xxxii,
1406 2382 1450 2429 5³.

296 2444 372 2490 loom
392 2445 489 2502 corpori.
541 2443 642 2493 Brevis:
666 2442 748 2493 Schol.
772 2444 854 2505 Cruq„
888 2442 983 2491 Patalis
1000 2442 1061 2491 refer
1076 2442 1348 2510 adpectinumformsm
1358 2460 1448 2495 conu-

293 2510 610 2567 pommeranorum
627 2510 710 2557 altam.
743 2509 856 2555 Alboaou
886 2521 951 2554 vam.
985 2508 1057 2555 Molle
1068 2507 1202 2564 Tarentum,
1216 2508 1248 2556 ab
1263 2508 1361 2573 ingenio
1369 2510 1449 2557 homi·

294 2572 343 2620 siae
372 2570 426 2626 Coo,
453 2570 493 2618 oui
516 2570 690 2622 admiscebatur
712 2586 775 2636 aqua
804 2584 855 2620 ma·
888 2571 1448 2631 num,omllinsetlnsuriosinsibiriveutinm;

295 2632 363 2748 binii
388 2634 437 2682 vid.
457 2633 548 2683 Athen.
568 2636 585 2691 i,
606 2637 647 2692 ³5,
669 2646 693 2685 et
712 2636 803 2686 Heind.
825 2634 856 2684 ad
887 2635 945 2747 hipc
947 2636 1001 2748 Imie
1007 2637 1092 2750 Epipg.s
1092 2636 1109 2694 i,
1120 2639 1144 2695 7,
1157 2639 1198 2693 45,
1205 2637 1332 2686 Tarsstsss
1341 2641 1448 2688 inmte:

283 2719 286 2726 ⁴
312 2729 320 2746 o
342 2732 349 2745 ι
886 2715 910 2747 Vl
928 2735 934 2747 ι
961 2717 977 2749 n
1092 2735 1100 2749 o

328 2763 370 2810 30.
396 2761 531 2826 Conchyb'o,
558 2777 610 2818 nos,
637 2765 675 2811 die
702 2765 853 2819 Sobalthiere,
918 2765 960 2813 56.
977 2716 1113 2827 Niisoeprius
1123 2775 1210 2822 uncta,
1221 2773 1278 2814 cett.
1287 2768 1328 2829 qui
1342 2783 1390 2814 non
1400 2781 1448 2815 an-

294 2826 440 2890 Srholfisobo.
475 2826 587 2881 lubrico,
598 2841 697 2875 mucoso
707 2826 801 2890 liquore
810 2829 853 2876 ob·
886 2836 926 2877 tea
940 2828 1088 2878 subtilitere
1120 2830 1230 2878 loroverit
1247 2845 1356 2894 semrom
1372 2832 1449 2879 retio-

295 2890 369 2940 ducta
391 2889 429 2938 vel
451 2891 587 2950 madentia,
616 2891 738 2956 epitheton
758 2905 854 2940 ornans.
885 2908 950 2941 nem.
985 2892 1068 2949 Tenui,
1079 2910 1107 2941 su
1125 2893 1170 2949 tili,
1182 2902 1209 2942 ut
1219 2911 1243 2942 v.
1254 2895 1280 2943 9.

296 2954 853 3018 Nasuamtunoimpanacanonorsreddunt:
917 2958 1024 3006 37-39.
1037 2957 1085 3006 Nec
1095 2962 1151 3007 satis
1160 2968 1201 3015 aa,
1210 2967 1269 3008 cett.
1279 2972 1382 3006 ansus:
1397 2973 1451 3007 uon

297 3020 363 3069 Plin.
374 3019 408 3068 H.
422 3020 456 3068 N.
467 3019 494 3078 ii,
506 3023 546 3077 41,
558 3021 652 3069 Lusor-i
665 3029 774 3083 potestate
784 3030 854 3068 ostre-
887 3021 945 3070 satis
954 3030 992 3069 est
1002 3023 1080 3086 pisces
1091 3035 1159 3070 caros
1169 3037 1255 3080 omero,
1264 3022 1308 3070 sed
1316 3036 1377 3087 opus
1384 3037 1450 3086 qno·

293 3103 363 3134 arum
380 3085 593 3149 conchyliorumque
611 3095 633 3133 ot
653 3085 789 3132 maclarum
808 3101 853 3134 om·
886 3102 934 3151 que
948 3094 985 3134 est
1000 3086 1069 3143 scire,
1080 3087 1124 3151 qui
1139 3101 1222 3135 eorum
1237 3085 1295 3135 elixi
1310 3086 1383 3150 quito
1397 3089 1451 3136 assi

296 3153 558 3215 ainmoorporaaugeri
571 3159 593 3198 et
611 3164 692 3197 rorata
709 3151 853 3197 minui-ea·
888 3151 974 3199 molins
990 3160 1015 3199 et
1027 3151 1160 3216 jocundius
1173 3151 1277 3216 sapiam.
1310 3151 1449 3207 Pram-

296 3216 409 3278 quinium
431 3215 596 3278 diligentiores.
640 3213 752 3262 Ceterum
774 3214 854 3262 obser-
887 3231 938 3263 rare
955 3214 1066 3263 nonnulli
1081 3215 1236 3281 Codd.apud
1253 3215 1325 3264 Fsom
1343 3213 1450 3264 offunm

296 3285 353 3326 vent
362 3285 387 3326 et
397 3277 502 3326 sentiam
510 3277 598 3326 tirones
614 3277 639 3325 in
656 3277 701 3325 hoc
719 3276 855 3328 hexametro
887 3289 996 3336 comm,
1033 3279 1114 3328 lurimi
1132 3289 1212 3329 tamen
1224 3288 1320 3328 tuentur
1332 3295 1449 3336 suarm,

295 3349 345 3390 tam
362 3341 486 3390 vorborum
502 3340 685 3391 collocationem
703 3342 739 3390 vel
753 3341 854 3408 dbposi-
886 3353 912 3392 et
925 3343 971 3393 boc
985 3297 1044 3392 mili
1055 3352 1083 3392 ut
1092 3345 1173 3410 aptius
1183 3343 1352 3406 etelegsntius
1362 3343 1448 3408 mete·

295 3405 384 3454 tionem
398 3403 552 3469 aptissimam,
564 3419 637 3469 quam
651 3421 801 3456 numerorum
812 3407 853 3456 de·
887 3406 987 3456 mudum
996 3408 1102 3464 videtum
1118 3424 1223 3456 comere
1231 3408 1283 3473 jam
1290 3417 1335 3463 est,
1347 3423 1449 3456 menum

296 3483 393 3518 cursum
403 3467 580 3518 suavissimum.
887 3470 962 3520 elicui
976 3473 1009 3520 rei
1023 3471 1111 3537 cupido
1126 3471 1225 3536 injicere
1233 3487 1334 3534 eamque
1345 3471 1449 3529 suffire,

329 3533 371 3580 ³1.
388 3532 506 3582 Gaasrosae
523 3544 599 3586 teste:
614 3551 723 3600 generoso
740 3543 856 3584 vocantur
886 3551 940 3592 nos,
951 3538 1137 3600 uegschaoppea,
1151 3539 1290 3604 wegtischea,
1301 3537 1450 3600 neglcspen.

296 3595 410 3646 animalia
420 3606 533 3654 testacea,
545 3615 599 3664 quse
610 3599 733 3648 esculenta
743 3609 808 3648 sunt.
888 3601 973 3648 Coram
988 3617 1088 3648 ammosa
1103 3600 1196 3665 accipio
1210 3600 1241 3648 de
1258 3615 1342 3648 mense
1355 3600 1383 3648 in
1395 3616 1449 3649 mn-

329 3662 370 3710 32.
388 3661 479 3710 Murice
496 3663 587 3712 Boiano
604 3665 682 3712 melior
699 3665 853 3725 Litorinope-
886 3664 957 3722 cello,
969 3665 995 3712 in
1012 3680 1062 3729 quo
1079 3667 1129 3712 cosi
1140 3666 1178 3713 vel
1195 3664 1274 3728 auspi
1291 3663 1360 3729 pretii
1375 3667 1453 3726 pisces

296 3729 358 3775 loris.
389 3726 492 3774 Peioris.-
508 3728 661 3783 concharum,
683 3727 708 3775 in
730 3729 784 3777 sinu
803 3730 852 3776 Lu·
885 3730 983 3777 venales
990 3727 1090 3793 expositi
1097 3737 1169 3788 sunt3
1184 3745 1214 3777 ex
1224 3729 1270 3776 hac
1280 3729 1354 3792 igitur
1364 3744 1451 3778 menn

297 3789 375 3841 crensi
390 3789 452 3839 inter
469 3792 583 3840 Puteolos
599 3800 623 3840 ct
636 3793 709 3840 Baias
720 3802 852 3857 captarum,
885 3793 968 3858 cupidi
984 3793 1112 3841 lautiornm
1123 3793 1250 3858 epularum
1266 3802 1375 3847 emtores,
1387 3792 1449 3841 dnm

296 3853 549 3968 {enusprrsgembamr
563 3855 694 3967 murtiicibns
711 3855 736 3903 in
753 3855 807 3905 sinu
822 3855 853 3904 ad
886 3857 954 3969 altert
967 3857 1034 3934 alteri
1055 3872 1157 3905 mercem
1182 3857 1251 3969 ‹puasi
1277 3855 1450 3969 er'msnihoep:

320 3935 408 3970 masin
443 3934 479 3968 aru
513 3935 592 3968 nicea
628 3935 648 3968 s.
884 3937 962 3978 ena,
1005 3937 1057 3969 noes
1085 3937 1214 3968 samua:
1325 3936 1398 3968 esu

328 3987 369 4034 ³3.
388 3985 467 4033 Ostrea
481 3935 584 4033 Circeiis.
593 3937 609 3985 p
619 3985 685 4034 Plin.
698 3985 732 4033 Η.
746 3986 780 4034 N.
793 3983 851 4040 xxii,
884 3939 1132 4051 uuiversprespondet
1144 3987 1183 4049 rap*
1194 3936 1384 4049 vmeeiffipuod
1395 3999 1449 4050 pro,

295 4050 337 4106 21,
360 4050 525 4098 Circeiensibus
547 4051 625 4097 ostreis
648 4065 718 4112 nequo
738 4051 852 4106 dulciora,
885 4049 963 4114 pisces
979 4065 1065 4115 capere
1081 4048 1169 4098 dicitnr
1182 4065 1237 4114 sup.
1249 4051 1300 4097 Sat.
1311 4048 1338 4105 ii,
1350 4050 1375 4104 3,
1386 4051 1447 4107 236,

295 4130 366 4177 aeque
386 4116 500 4162 teneriora
519 4129 563 4162 essa
582 4115 634 4160 ullo
655 4125 791 4176 compertam
810 4124 852 4163 est.
885 4125 912 4162 tu
926 4118 998 4176 pisces
1017 4116 1110 4162 hiberno
1127 4131 1154 4161 se
1172 4131 1261 4178 aqum
1274 4116 1357 4168 uaris,
1377 4113 1403 4161 h.
1421 4129 1449 4162 e.

297 4179 397 4227 Circeii:
412 4175 525 4241 oppidum
540 4177 566 4224 in
584 4177 655 4225 Latio
674 4186 699 4226 et
717 4187 852 4243 promonto·
885 4187 968 4242 captos
985 4178 1073 4227 aufers.
1106 4180 1177 4226 Hauc
1191 4177 1377 4244 explicationem
1394 4192 1448 4225 am-

296 4242 357 4291 rium
380 4241 406 4289 in
433 4257 497 4290 maro
525 4241 676 4316 Tyrrhenum
704 4256 852 4307 procurrens.
901 4243 971 4291 lorus
996 4258 1092 4307 quoque
1117 4250 1154 4290 est
1177 4242 1288 4298 Vossius,
1311 4241 1355 4306 qui
1379 4240 1448 4291 hunc

295 4307 393 4362 Miseno,
410 4315 577 4371 promontono,
588 4312 613 4354 et
626 4305 734 4370 ejusdem
752 4307 855 4356 nominis
885 4261 967 4357 locum
977 4306 1047 4356 vertit
1064 4308 1108 4364 sic,
1121 4309 1172 4354 dass
1183 4307 1264 4354 Fiscus
1280 4322 1324 4354 coa
1339 4307 1449 4354 theusrsr

289 4371 391 4437 oppido,
403 4370 428 4418 in
444 4370 585 4436 Campania.
619 4371 719 4420 Echini:
738 4380 854 4421 testaceo-
888 4373 956 4420 Book
976 4375 1010 4419 du
1032 4371 1191 4435 biuroegrosst.
1224 4370 1260 4418 At
1279 4379 1384 4418 curten
1403 4369 1448 4417 od-

295 4451 348 4484 ram
359 4445 506 4563 gseepiugaltoto
518 4449 615 4500 corpore
630 4434 705 4500 spinis
720 4435 853 4486 munitum:
884 4435 1145 4550 pupppmlnotionem
1173 4435 1230 4482 furti
1257 4434 1297 4508 rel
1324 4433 1448 4546 riolpntia

295 4515 347 4558 uos,
430 4517 460 4549 e.
904 4515 920 4549 a
962 4536 968 4551 .
1011 4511 1448 4563 gaoromenm,qurrgnorn;es
