3150 5200
564 355 728 421 LIBER
752 359 814 435 lv,
838 361 869 424 9.

570 641 774 708 CARMEN
800 645 862 709 IX.

521 853 591 900 AD
634 855 910 904 LOLLtum.

356 1012 412 1075 Ne
428 1011 511 1076 forte
527 1013 642 1079 credas
659 1014 842 1091 interitura,
859 1038 933 1098 quae

357 1113 471 1198 Longe
488 1125 654 1177 sonantem
669 1127 765 1180 natus
781 1117 823 1179 ad
840 1113 999 1180 Aufidum

397 1213 475 1278 Non
490 1225 565 1278 ante
582 1215 729 1299 vulgatas
744 1239 805 1301 per
820 1229 907 1282 artes

441 1314 553 1379 Verba
567 1315 683 1400 loquor
699 1318 854 1381 socianda
866 1318 1009 1382 chordis.

300 1417 321 1478 5
353 1415 442 1492 Non,
459 1417 486 1478 si
501 1417 627 1500 priores
643 1416 807 1483 Maeonius
824 1430 914 1483 tenet

353 1516 457 1582 Sedes
472 1516 649 1594 Homerus,
666 1518 851 1583 Pindaricae
865 1520 978 1596 latent,

396 1618 548 1702 Ceaeque,
565 1629 598 1682 et
611 1616 716 1684 Alcaei
729 1623 870 1685 minaces

443 1718 686 1803 Stesichorique
701 1742 817 1804 graves
832 1722 1003 1785 Camcnae:

353 1819 437 1897 Nec,
454 1822 480 1882 si
496 1820 576 1903 quid
591 1821 665 1884 olim
680 1820 758 1888 lusit
774 1820 960 1898 Anacreon,

291 1922 331 1983 10
353 1919 484 1988 Delevit
499 1932 598 1986 aetas:
624 1923 725 2008 spirat
740 1923 849 1989 adhuc
864 1946 965 2000 amor,

137 2071 196 2128 xxii,
221 2073 261 2128 17,
279 2071 350 2122 'aaa'
370 2073 452 2138 ἔμπας
471 2076 539 2139 ὑμεῖς
559 2092 584 2124 τε
607 2077 649 2124 rai
670 2075 696 2126 ia
728 2075 762 2125 ita
786 2080 917 2139 prudentia
942 2084 999 2132 tuas,
1021 2079 1162 2132 contraiit,
1178 2081 1290 2139 jutitiae,

135 2135 215 2198 βυθοῦ
242 2135 321 2186 ἕλκετε
350 2141 415 2197 udae
437 2140 538 2188 atrata
564 2139 698 2190 vair-acrasi
727 2143 878 2197 abstinentie,
898 2143 1028 2196 honestatis,
1050 2146 1076 2187 et
1097 2156 1155 2190 oerae
1175 2145 1292 2202 sapientie

137 2199 696 2264 diopivarcdasiaadarci.Hemstcrh.adLuc.
729 2213 819 2252 aterna
841 2204 905 2278 apud
930 2211 1036 2270 posteros
1056 2203 1147 2266 vigebit
1171 2205 1292 2254 mamona.

135 2264 167 2312 T.
180 2264 198 2322 i,
217 2281 242 2330 p.
258 2265 315 2314 285.
350 2267 419 2314 Liber
435 2277 486 2315 cata
504 2269 569 2315 bonor
586 2269 651 2316 ducit
669 2272 700 2316 ad
731 2267 938 2331 Horatiusrgitur,
954 2268 1018 2380 {aad
1033 2266 1128 2331 scripsit
1142 2267 1168 2316 in
1186 2269 1292 2318 carmine

136 2330 220 2376 caitus.
245 2329 366 2384 Bacchus,
375 2329 507 2379 divinitatis
518 2331 699 2396 honoreapoe-
731 2333 880 2397 precedente
902 2332 933 2379 ad
976 2331 1113 2380 ensorinum
1137 2347 1161 2378 r.
1186 2333 1225 2388 11,
1252 2334 1290 2390 l2,

135 2390 167 2438 tis
182 2401 309 2449 mactatus,
325 2393 481 2458 agricolarum
537 2410 577 2443 ces
593 2396 699 2444 exaudit.
732 2397 844 2443 Carmina
855 2411 971 2458 ponamus
985 2396 1086 2451 Donare,
1098 2406 1122 2443 et
1136 2398 1237 2456 pretium
1253 2400 1290 2445 di-

134 2455 175 2504 De
189 2455 297 2511 Baccho,
309 2456 354 2505 deo
366 2459 461 2520 agresti,
474 2474 487 2506 c
500 2495 506 2507 .
518 2473 546 2506 su
565 2493 571 2508 .
583 2458 614 2507 ad
625 2459 660 2514 iii,
674 2462 697 2516 8,
729 2477 779 2508 aere
791 2463 891 2516 maneri,
900 2458 925 2507 id
937 2460 962 2506 in
971 2459 1015 2508 hoc
1027 2458 1131 2508 carmine
1141 2458 1171 2506 ad
1183 2459 1290 2508 Lollium

134 2519 159 2568 6.
202 2521 338 2570 Obsarrent
353 2520 441 2571 tirones
458 2523 483 2570 in
502 2475 594 2588 tripiice
611 2522 697 2572 divini·
730 2521 776 2570 insi
810 2523 888 2572 iarta
904 2523 1006 2599 repetiit.
1044 2524 1081 2571 Eo
1097 2522 1148 2586 ipra
1163 2538 1227 2571 anno
1242 2539 1291 2588 quo

134 2583 190 2631 tatis
202 2583 421 2651 circumscriptione
438 2595 513 2652 poete
530 2595 603 2636 artem
622 2598 646 2637 et
661 2587 697 2637 in·
730 2587 768 2635 M.
817 2586 874 2637 liius
883 2588 1013 2637 Palicanus
1022 2603 1077 2636 cum
1090 2587 1123 2645 Q.
1133 2586 1234 2635 AEmiiio
1243 2589 1290 2637 Le-

135 2648 242 2711 genium.
728 2652 786 2763 pido
797 2653 882 2701 consul
893 2652 950 2726 tuit,
960 2667 1045 2764 ntempe
1057 2653 1090 2700 U.
1099 2652 1130 2700 C.
1141 2668 1291 2765 nccnxrnni

745 2730 953 2765 occarmenscn
980 2730 1192 2770 nmessc,eom
1264 2734 1280 2764 ιι

307 2777 459 2827 CARMEN
478 2778 525 2827 lx.
727 2780 824 2829 credam
840 2733 1031 2844 adducor,pquod
1048 2779 1090 2827 illc
1106 2777 1136 2827 ad
1151 2730 1291 2843 noeaidqaa

167 2840 240 2900 Quod
253 2840 385 2891 Censorino
396 2842 420 2891 in
431 2844 535 2892 carmine
548 2843 695 2909 procedente
728 2850 822 2908 tompus
840 2860 866 2893 se
882 2843 983 2906 dignum
1002 2842 1099 2892 omnino
1117 2843 1147 2891 iis
1168 2842 1289 2898 laudibus,

133 2908 261 2969 probatum
279 2904 322 2953 ivit
340 2907 460 2963 Horatius,
479 2914 554 2955 “non
573 2915 694 2981 poetarum
727 2908 816 2971 quibua
828 2908 853 2956 in
872 2908 918 2955 hoc
934 2907 1069 2955 carminca
1091 2915 1162 2971 poeta
1183 2917 1288 2962 amatur,

134 2978 236 3026 tantum,
260 2969 303 3017 sed
322 2986 515 3045 eorumquoque
538 2988 580 3036 qur
600 2971 697 3019 abillis
730 2971 867 3045 prastitisse
892 2970 992 3019 videtur.
1037 2970 1200 3032 ignominiosa
1225 2971 1289 3019 enim

134 3034 293 3090 celebrentur,
312 3033 482 3083 immortalitati
500 3036 633 3084 consecrari
653 3051 696 3083 no·
729 3036 780 3093 illa,
789 3051 844 3109 quas
854 3035 884 3084 da
894 3034 947 3098 ejus
957 3033 1052 3097 ingenio
1061 3042 1086 3081 et
1094 3033 1199 3080 moribus
1209 3034 1288 3082 icrun-

133 3098 230 3154 mina,’'
258 3097 283 3145 id
304 3098 380 3146 Lollio
402 3115 435 3163 qu
469 3114 507 3155 ue,
532 3100 586 3163 ejus
614 3098 697 3147 laudes
730 3106 776 3155 tur,
797 3099 891 3164 judicia
912 3097 975 3163 (rid.
1001 3096 1066 3145 Veii.
1085 3096 1111 3151 ii,
1131 3096 1163 3143 97
1185 3104 1209 3143 ct
1231 3099 1287 3151 102,

136 3162 263 3211 aeternitati
274 3161 410 3219 traditurus,
423 3114 510 3210 idirco
525 3162 629 3211 carmine
643 3178 696 3227 pro·
730 3163 796 3211 Plin.
813 3163 847 3219 ix,
865 3165 906 3217 35,
925 3163 938 3223 §
956 3160 1011 3222 58).
1027 3160 1048 3208 si
1065 3174 1114 3223 qua
1124 3159 1182 3232 tides
1198 3158 1229 3207 iis
1244 3160 1286 3208 ha-

133 3226 184 3275 bat.
218 3228 287 3282 Mea,
300 3225 341 3281 ait,
352 3226 458 3274 carmina
469 3226 544 3291 lyrica
556 3242 603 3274 non
614 3226 695 3275 interi-
728 3226 807 3275 banda
826 3226 866 3281 sit,
886 3224 951 3273 haud
970 3223 1044 3274 dubie
1063 3224 1195 3297 advitam,
1215 3240 1287 3287 quam

134 3299 188 3337 tura
205 3298 272 3337 sunt.
304 3290 420 3346 Quamvis
436 3291 500 3337 enim
519 3292 637 3338 Homerus
649 3290 696 3354 pri·
728 3300 782 3355 post
792 3289 945 3339 consulatum
955 3288 1037 3353 gessit,
1049 3295 1176 3353 pertinent.

133 3368 203 3401 mum
220 3352 299 3401 locam
314 3353 373 3402 inter
390 3362 472 3419 poetas
490 3363 600 3420 occupat,
617 3362 697 3401 minen
763 3355 851 3402 1-12.
869 3354 1073 3417 longemanum
1088 3360 1158 3399 artur
1177 3352 1208 3397 ad
1220 3351 1288 3413 Aufi-

134 3432 219 3463 eornm
243 3432 337 3479 quoque
359 3426 480 3481 poetarum
501 3418 543 3481 qui
566 3424 620 3481 past
640 3432 692 3465 aum
726 3420 791 3474 dum,
800 3432 845 3483 ego
857 3418 981 3482 Appulus:
997 3416 1029 3464 ci.
1041 3432 1094 3481 sup.
1107 3415 1137 3463 ad
1148 3414 1182 3471 iii,
1194 3415 1234 3487 20,
1250 3416 1288 3463 10.

135 3477 257 3537 vixerunt,
275 3488 303 3527 ut
318 3480 446 3536 Pindarus,
463 3480 604 3536 Simonides,
622 3481 694 3529 Stesi-
731 3482 806 3530 Verba
817 3484 895 3544 iaqrtor
903 3482 1009 3530 minoda
1019 3482 1122 3529 chordis:
1140 3494 1247 3529 carmina
1259 3479 1290 3526 ad

132 3543 232 3601 charus,
245 3544 380 3601 Anacreon,
393 3554 418 3594 ct
428 3544 534 3609 Sappho,
544 3543 608 3592 haud
619 3544 696 3593 deleta
727 3545 842 3595 citharam
857 3551 987 3611 temperata
998 3552 1023 3592 et
1035 3542 1227 3601 accommodam
1241 3543 1288 3599 vel.

132 3615 170 3655 est
186 3608 315 3667 memori23
331 3617 473 3673 quapropter
489 3624 533 3657 nec
548 3624 625 3657 meam
640 3623 694 3671 ego,
728 3617 756 3657 ut
773 3625 827 3674 sup.
845 3608 871 3665 ii,
890 3612 930 3665 12,
947 3610 963 3655 4
985 3607 1100 3671 loquitur,
1122 3609 1193 3655 madir
1209 3615 1290 3667 aptato

151 3670 177 3718 ui
195 3670 227 3719 ad
244 3671 339 3719 iilomm
357 3674 492 3737 exemplum
510 3688 549 3721 me
565 3671 696 3736 composui,
728 3688 799 3722 cano.
833 3673 959 3721 Horatium
974 3671 1081 3719 imitatus
1094 3670 1214 3725 estOrid.
1227 3671 1289 3720 Met.

133 3686 238 3785 deletum
251 3734 279 3783 iri
291 3751 367 3800 spero.
392 3738 438 3785 Per
453 3744 575 3800 poetarum
592 3736 699 3783 carmina
730 3737 763 3793 ai,
775 3740 800 3792 5,
817 3738 907 3797 Orphea
962 3738 1032 3783 carris
1047 3738 1169 3783 sociantem
1186 3737 1290 3783 earmina

135 3806 217 3847 antem
239 3798 256 3846 ii
279 3798 360 3856 simui,
381 3800 467 3863 quiin
490 3799 539 3847 illis
560 3798 695 3857 laudantur,
728 3802 826 3848 chordis.
859 3799 919 3848 Simi
929 3798 972 3847 iter
993 3798 1050 3856 fers,
1073 3807 1100 3847 ut
1121 3798 1230 3846 observat
1249 3796 1290 3845 ct.

135 3862 329 3911 aetatemicruut.
363 3862 469 3911 Fuerunt
483 3862 547 3911 enim
562 3862 697 3912 sinedubio
729 3863 831 3911 Mitsch.
848 3863 965 3927 hymnum
983 3877 1024 3925 per
1043 3862 1160 3928 εὐλογίαν
1175 3861 1290 3933 φόρμιγι

133 3924 215 3997 piures
231 3925 289 3973 oiim
305 3943 353 3976 non
369 3927 447 3974 solum
464 3927 584 3983 mulieres,
597 3926 697 3975 Helena
730 3926 852 3991 συνάορον
866 3926 976 3989 designat
992 3925 1113 3975 Pindarus
1130 3924 1203 3971 Nem.
1220 3937 1252 3995 rr,
1264 3880 1288 3971 d.

134 4004 160 4036 sn
172 3989 543 4046 amoribussimillimrs,sedviri
555 3990 696 4054 sortesquo-
732 3991 783 4037 Nan
804 4000 859 4038 aitte
873 3992 982 4053 vatgotor
998 4006 1040 4049 per
1058 3999 1130 4060 ortes,
1148 4001 1190 4049 per
1209 3984 1290 4048 lynce

134 4066 192 4115 qne,
209 4054 312 4111 Teucro,
331 4054 470 4110 Idomeneo,
490 4054 612 4111 Sthenelo,
632 4056 696 4102 Hec-
731 4068 829 4118 poeseos
841 4061 916 4100 artem
926 4051 1028 4117 primum
1041 4066 1056 4098 a
1067 4066 1104 4098 me
1120 4058 1181 4099 mter
1197 4048 1289 4096 Roma-

133 4124 194 4171 tore,
205 4117 343 4182 Deiphobo,
356 4126 380 4166 ct
393 4120 574 4181 Agamemnone
585 4118 650 4167 haud
661 4118 697 4165 in·
731 4132 775 4165 nas
792 4116 933 4179 vulgatam
958 4114 1008 4162 sive
1024 4130 1066 4179 pcr
1080 4115 1142 4176 fider
1164 4128 1239 4185 notor,
1263 4120 1291 4159 nt

134 4180 232 4229 seriores
241 4199 248 4241 ;
264 4180 306 4229 sed
320 4197 376 4229 cum
394 4181 411 4229 ii
428 4198 476 4231 nan
492 4198 507 4230 a
522 4190 590 4247 pacta
607 4182 697 4246 aliquo,
730 4180 792 4229 dixit
807 4179 923 4229 Horatius
939 4177 1024 4243 supi,
1038 4178 1138 4233 26,10:
1159 4176 1191 4223 ci.
1203 4191 1237 4231 ιιι,
1249 4176 1290 4231 30,

133 4252 161 4292 ut
172 4242 210 4291 ilii
227 4245 257 4291 ab
269 4246 383 4299 Homero,
396 4245 541 4294 carminibus
555 4244 585 4292 ad
598 4244 696 4311 posteri-
732 4246 771 4299 13,
781 4252 805 4292 ct
814 4242 856 4291 int.
868 4242 946 4309 Epist.
955 4240 972 4298 i,
986 4242 1025 4296 19,
1034 4243 1076 4293 27.
1100 4240 1162 4295 Noa,
1174 4241 1194 4287 ri
1203 4241 1291 4299 priores

132 4316 207 4355 tatem
221 4310 344 4373 propagati
356 4308 413 4364 siut,
426 4319 515 4359 aterna
529 4308 647 4358 oblivione
660 4324 697 4357 sc·
731 4309 843 4371 Macrian
860 4316 920 4357 tenet
935 4306 1000 4353 Sedes
1017 4306 1139 4359 Homeros,
1160 4304 1291 4351 Pindaricae

149 4371 196 4419 ulti
207 4371 299 4435 jacent.
333 4373 427 4435 Itaque,
439 4389 519 4421 cume
537 4382 631 4438 aposta
641 4372 695 4429 sim,
729 4380 787 4421 cett.
800 4372 879 4421 Notus
895 4370 919 4419 in
937 4370 1000 4418 hanc
1013 4369 1154 4418 sententiam
1172 4375 1209 4415 cst
1224 4365 1291 4415 locus

131 4388 200 4483 duod
213 4434 312 4484 virtutes
322 4444 386 4492 tuas,
396 4452 410 4485 o
422 4437 496 4493 Lolli,
507 4388 626 4487 oilivione
636 4437 696 4485 obli·
731 4435 854 4486 Cicamnis
869 4436 937 4483 Orat.
951 4433 967 4490 i,
983 4434 1062 4482 Prima
1079 4436 1140 4480 etaim
1156 4439 1290 4507 ιιᾳιιιιιιοιιι,

133 4498 205 4546 terari
217 4498 303 4563 patiar,
313 4499 394 4555 immo,
405 4509 431 4548 ut
442 4501 574 4549 carminum
582 4517 698 4555 meorum,
731 4502 845 4548 honestum
855 4509 886 4547 ert
894 4501 918 4545 in
929 4502 1031 4546 recondis
1041 4501 1157 4559 tertiisque
1165 4505 1291 4546 munstero.

711 4584 725 4617 Q
