3150 5200
688 363 989 436 CARMINUM

479 531 547 605 Qui
562 529 687 613 primus
701 525 785 588 alme
799 523 870 586 risit
885 521 1018 593 adorea,

486 633 588 696 Dirus
603 651 664 714 per
679 627 777 690 urbes
793 621 876 688 Afer
891 632 928 686 ut
943 618 1056 692 ltales,

527 735 598 798 Ceu
612 731 740 795 flamma
753 748 814 810 per
829 725 943 799 tendas,
960 720 1010 784 vel
1028 717 1140 781 Eurus

570 835 635 899 Per
651 829 778 895 Siculas
794 823 951 910 equitavit
965 820 1083 885 undas.

415 938 458 1000 45
480 937 560 1000 Post
575 936 639 999 boc
659 929 815 997 secundis
829 947 933 1009 usque
948 922 1116 986 laboribus

480 1038 630 1102 Romana
649 1035 756 1119 pubes
771 1029 885 1104 crevit,
902 1035 935 1090 et
950 1023 1049 1106 impio

510 1179 513 1182 ⁴
529 1139 671 1204 Vastata
684 1135 863 1198 Poenorum
877 1125 1017 1192 tumultu

573 1239 665 1303 Pana
679 1236 773 1301 Deos
787 1232 934 1296 habuere
949 1238 1075 1292 rectos:

486 1341 647 1426 Dixitque
662 1337 796 1402 tandem
811 1331 959 1418 perfidus
975 1322 1158 1392 Hannibal:

421 1444 464 1507 50
485 1443 594 1522 Cervi,
609 1444 765 1526 luporum
781 1433 895 1521 praede
910 1430 1087 1516 rapacium,

275 1658 556 1723 oquitubolermogncsic
565 1658 661 1720 putrere
673 1657 777 1719 gaudet:
795 1652 833 1702 Sto
865 1649 972 1698 minebat
990 1641 1117 1698 Romanis,
1128 1637 1248 1706 periculo)
1265 1638 1326 1686 olma
1342 1635 1432 1683 adoreo

274 1725 364 1796 ebulus
389 1723 452 1771 molli
479 1723 562 1784 praelio
580 1722 664 1787 fronte
690 1722 773 1780 eupit:
802 1715 834 1763 el.
866 1717 930 1768 risit,
954 1713 1031 1776 (almo
1052 1708 1153 1756 victorie
1182 1705 1232 1752 luco
1259 1697 1431 1762 exsplenduit.)

276 1786 377 1834 Mrtscb.
410 1786 525 1834 Doctrina
540 1787 577 1833 sed
591 1789 637 1832 nim
651 1791 764 1846 promovet
777 1783 834 1828 iusi·
867 1793 958 1831 eorum,
967 1791 1023 1839 qum
1036 1773 1109 1820 Romo
1120 1771 1198 1817 debsct
1211 1766 1348 1820 Neronibus,
1360 1763 1432 1809 testis

276 1859 333 1907 tom,
351 1849 393 1898 sed
410 1848 495 1898 insitas
512 1848 586 1898 animi
597 1848 657 1896 vires
668 1849 711 1909 <rb
725 1844 836 1911 ἐγγενὲς)
868 1840 990 1890 laudatur.
1019 1839 1125 1886 Adoreo:
1137 1832 1204 1880 Plin.
1216 1829 1283 1884 xviii,
1295 1830 1319 1883 3,
1328 1827 1432 1890 gloriam

278 1913 345 1962 elicit
362 1922 388 1961 et
404 1928 512 1962 exercere
531 1912 602 1970 <locet
622 1909 748 1960 institutio.
764 1910 837 1958 Com·
870 1923 885 1952 o
906 1904 986 1970 farris
1014 1903 1097 1949 honore
1122 1899 1227 1944 Mortem
1256 1889 1431 1957 appellebaut3

278 1977 348 2050 mpde
359 1977 385 2025 in
400 1976 462 2025 hauc
474 1975 617 2025 seutentiam
632 1973 717 2023 laudet
734 1973 839 2036 Boettig.
871 1971 955 2017 odom
967 1964 1068 2020 scilicet,
1078 1965 1134 2010 ador
1145 1960 1233 2026 velsor
1243 1959 1350 2006 adoreum
1359 1954 1430 2012 (nos,

279 2041 334 2091 Cre.
351 2055 393 2105 pro
409 2040 485 2089 Arcb.
502 2041 571 2089 Poet.
588 2041 613 2096 7,
631 2041 707 2102 Atque
721 2039 781 2086 idom
798 2052 838 2100 ego
871 2031 974 2092 Dinkct)
997 2035 1051 2093 post
1076 2034 1168 2091 partam
1190 2019 1313 2071 victoriam
1339 2016 1433 2082 praemii

218 2154 222 2160 .
279 2105 755 2168 wrtsudaqaomodnoturomrrirnicrn
771 2109 838 2163 atque
871 2096 924 2145 leco
945 2092 1061 2142 militibus
1083 2087 1194 2138 distribui
1220 2085 1335 2142 solebat;
1364 2079 1432 2130 unde

278 2169 394 2218 illustrem
402 2171 519 2217 παππία
527 2171 589 2216 ratio
597 2169 700 2232 qaedam
709 2164 837 2230 ooqsormo-
870 2163 954 2208 odoreo
976 2172 1019 2223 pro
1042 2155 1095 2219 ipse
1117 2151 1216 2200 victoria
1238 2147 1342 2216 ponitur.
1388 2144 1431 2204 Ut,

281 2236 356 2295 tirqus
365 2234 615 2288 doctrine‚tumiilrtd
626 2234 699 2279 urcio
713 2231 769 2293 qaid
778 2245 838 2292 prc-
872 2231 1014 2289 postquam
1046 2219 1077 2266 ab
1103 2233 1131 2267 eo
1155 2215 1211 2264 iude
1239 2223 1351 2277 tempore,
1373 2225 1433 2273 qno.

282 2298 373 2344 clarore
393 2314 420 2344 oc
440 2298 560 2369 singulare
580 2297 651 2343 solers
672 2295 780 2342 cautere:
807 2291 840 2339 cl,
874 2287 940 2353 Aser,
969 2281 1104 2333 Hannibal:
1128 2283 1202 2334 dirus,
1226 2277 1309 2326 Livius
1335 2289 1433 2339 queque

282 2374 344 2424 quos
354 2359 438 2408 laudat
448 2359 548 2408 Mrtsclr.
561 2359 660 2417 Quinct.
670 2358 733 2406 Inst.
742 2357 785 2405 Or.
797 2355 838 2410 xii,
872 2351 922 2406 xxi,
941 2351 965 2406 4,
986 2347 1017 2397 ad
1040 2343 1185 2395 Hannibalis
1204 2341 1262 2390 vitia
1282 2341 1433 2387 inhumanam

282 2425 308 2478 2,
320 2431 345 2471 et
355 2423 437 2485 Eurip.
450 2422 512 2470 Hec.
524 2424 581 2471 600.
616 2421 746 2484 Utcunque,
762 2435 840 2484 quan·
872 2415 926 2478 ejus
935 2415 1094 2462 cmdelitctom
1106 2409 1190 2458 refert:
1209 2405 1241 2456 cl.
1253 2421 1283 2454 su
1302 2402 1348 2452 .ed
1358 2401 1395 2458 iii.
1405 2404 1432 2460 6,

282 2485 426 2558 &tanqum
451 2502 523 2533 nuces
543 2486 684 2550 defecerunt,
702 2483 744 2532 ubi
763 2483 841 2532 insite
874 2479 917 2528 ³6.
938 2473 1269 2541 Csujlomrrsopcrtcdos,sc.
1303 2483 1353 2515 rere
1363 2465 1433 2523 solet.

284 2562 363 2596 emmo
372 2564 433 2599 ures
445 2549 588 2612 (benenato,
598 2547 714 2596 utstatim
727 2547 842 2596 Horatius
873 2541 938 2608 quod
948 2540 980 2590 ad
991 2547 1072 2588 notam
1082 2535 1210 2601 zeugmatis
1220 2534 1319 2596 fiprram
1329 2546 1359 2579 ex
1368 2533 1433 2593 equi-

283 2628 334 2686 spse
344 2612 471 2685 qxplicat,)
480 2628 528 2661 non
539 2622 686 2668 exercentur,
694 2610 728 2659 ibi
736 2611 842 2659 studium
873 2610 932 2656 teuit
943 2604 1087 2654 eliciendum
1098 2611 1142 2651 est.
1164 2600 1210 2647 Per
1221 2599 1312 2647 Siculos
1321 2595 1434 2659 equitavit

285 2690 359 2725 animi
381 2676 504 2725 excolendi
515 2676 601 2749 'friget
634 2676 772 2723 indecorant
789 2678 843 2723 tens
874 2674 958 2727 undas,
975 2685 1016 2734 per
1031 2682 1095 2715 mare
1116 2664 1225 2715 Siculum
1247 2658 1434 2710 concitatissimo

284 2738 661 2814 notccalpc,benarudoles(rd
672 2738 844 2803 decimitiis
874 2734 965 2801 impetu
983 2731 1038 2782 ferri
1054 2730 1123 2779 solet.
1157 2728 1236 2801 Eurus
1253 2726 1303 2791 jam
1363 2726 1433 2795 itare,

281 2812 506 2922 -cogssfflgtlfbuid
521 2870 630 2926 debeam
645 2867 726 2923 Rem
743 2864 843 2914 Neroni·
876 2788 1437 2918 gigiirlirydtiiiviblldcdldrbiddginitsi’msselbstli

282 2934 335 2990 utus,
349 2933 420 2981 Testis
431 2933 565 2981 Metaurum
571 2932 672 3043 pumen,
685 2938 741 2979 cett.
774 2930 842 2987 Quo·
875 2925 1049 2989 designandum
1069 2922 1165 2971 dicitur.
1198 2918 1290 2967 Eadem
1311 2916 1341 2964 de
1362 2930 1437 2965 causa

286 2997 357 3046 modo
372 2998 438 3045 salus
448 3006 534 3052 restra,
544 3012 559 3043 o
597 2995 685 3050 omani,
698 2995 724 3041 in
737 2992 843 3056 antiquas
876 2989 998 3056 Zephyrus
1013 2986 1077 3054 apud
1095 2984 1184 3035 Cattdl.
1196 2981 1254 3038 lxvi,
1270 2983 1303 3030 54
1319 2980 1436 3029 Chloridis

285 3061 411 3136 Neronum
432 3061 510 3135 gentis
531 3059 618 3109 virtute
643 3076 667 3108 re
699 3059 745 3106 sita
766 3057 844 3114 fuerit,
877 3056 924 3103 oles
945 3070 1015 3115 equus
1036 3058 1143 3105 vocatur,
1163 3048 1205 3097 ubi
1222 3046 1276 3094 vide
1298 3052 1347 3092 not.
1381 3043 1436 3093 Nec

285 3126 433 3175 nebrltsnma
449 3126 492 3173 illa
505 3138 655 3191 pugnaque
691 3120 803 3171 asdrubal
815 3120 845 3169 ad
877 3119 925 3166 elio
946 3116 1046 3165 oonsilio
1065 3116 1129 3163 Euro
1149 3114 1200 3175 equi
1222 3111 1265 3159 Eoi
1281 3108 1346 3173 apud
1364 3107 1437 3171 Virg.

285 3188 375 3264 flumen
391 3191 529 3239 Metaurum
547 3204 561 3236 a
578 3188 609 3237 C.
625 3187 730 3236 Claudio
748 3186 846 3234 Nerone
879 3184 939 3230 AEu.
959 3180 984 3237 ii,
1007 3180 1064 3235 417,
1083 3186 1107 3227 et
1126 3174 1243 3239 Aquiloni
1261 3175 1312 3236 equi
1337 3170 1437 3222 lhroces

285 3251 393 3327 devictus
406 3262 451 3309 est,
461 3261 577 3310 testatur;
594 3251 688 3315 acujus
702 3257 798 3305 euentu,
810 3247 844 3297 uti
879 3245 942 3311 apud
955 3243 1012 3294 val.
1025 3244 1107 3291 Flacc.
1119 3240 1136 3299 i,
1148 3241 1205 3297 610,
1216 3238 1361 3287 tribuuntur.
1379 3235 1436 3285 Huc

285 3330 371 3371 omnis,
392 3332 447 3389 quar
466 3314 585 3364 Romanis
603 3314 715 3378 deinceps
734 3312 842 3375 contigit,
877 3307 979 3362 accedit,
991 3307 1055 3371 quod
1067 3304 1181 3354 ἱππεύειν
1192 3303 1258 3368 apud
1269 3303 1367 3351 Grecos
1379 3314 1436 3364 pas-

285 3377 400 3452 secunda,
412 3386 447 3427 rta
457 3380 543 3433 omnis,
553 3394 625 3442 quam
634 3378 766 3442 Poenipost
776 3376 843 3424 illam
877 3373 921 3423 sim
941 3372 971 3421 de
987 3370 1106 3445 omnibus,
1119 3368 1161 3433 qui
1176 3364 1330 3417 concitatiore
1344 3363 1376 3411 im
1409 3371 1436 3412 tu

285 3439 845 3579 ttmnttn‘ttitititl?cittii?
876 3436 1085 3551 blanditi
1098 3430 1265 3562 1111311,
1278 3430 1307 3549 l:
1319 3427 1360 3549 h,
1372 3427 1438 3555 ,ξέὶξ

286 3568 846 3683 tltlitttatltt‘iutltttttinif
878 3561 1058 3678 iiluiiiq‘i
1073 3556 1437 3675 iii‘bii'iisffl'ii‘luhriim

286 3694 383 3769 cissimo
403 3704 489 3745 eventu
518 3669 592 3746 ausui
618 3703 663 3751 est,
686 3666 778 3744 uenat,
793 3694 846 3743 Liv.
879 3643 1078 3748 radtnnddsedcii
1105 3690 1199 3753 χώραν,
1226 3686 1257 3735 de
1282 3701 1312 3735 eo
1341 3638 1437 3757 quoqrid

286 3774 360 3833 nen,
379 3760 411 3832 {3
458 3777 485 3824 q.
518 3761 589 3834 §lam
607 3775 692 3833 nempe
709 3758 801 3815 cestris,
819 3758 844 3807 in
877 3758 944 3806 beate
965 3755 1013 3805 dici
1034 3755 1109 3803 soleat
1132 3751 1208 3816 (vide,
1233 3765 1306 3814 quom
1331 3748 1437 3811 Boettsg.

287 3822 437 3885 qurbusrlle,
471 3822 844 3888 anu1balropposrtus,seadbue
877 3820 969 3877 laudat,
983 3818 1128 3881 Wesseliug.
1147 3815 1177 3863 ad
1196 3813 1296 3863 Diodor.
1315 3810 1365 3860 Sic.
1376 3810 1407 3859 T.
1418 3812 1436 3867 i,

286 3894 409 3961 tenuerat,¹
420 3903 475 3962 cum
491 3887 584 3961 delecta
595 3902 668 3935 manu
683 3885 779 3959 relictis,
791 3902 846 3934 cum
878 3902 903 3950 p.
914 3885 976 3947 631)
993 3881 1035 3957 qui
1052 3880 1129 3930 feroce
1143 3879 1232 3943 impetu
1282 3872 1438 3950 pulabundus

286 3965 301 4000 e
317 3952 427 4000 Lucania
443 3968 470 3999 ru
482 3952 606 4002 Umbrum
621 3951 693 4000 celan
710 3959 793 3997 iuuere
804 3950 845 3998 de·
878 3956 962 3997 terram
975 3946 1082 4010 aliquam
1091 3951 1240 4009 pervagatur,
1248 3894 1345 3989 libica
1362 3946 1437 4003 paret,

287 4015 352 4063 latus
368 4023 439 4070 esset,
461 4024 529 4064 tanta
542 4014 638 4064 fortuna
655 4014 689 4063 ibi
708 4013 739 4062 ad
758 4013 845 4063 flumen
878 4028 951 4076 quam
962 4019 1015 4076 apte
1026 4028 1041 4071 e
1052 4013 1128 4057 uitare
1140 4005 1272 4055 Hannibali
1282 3956 1364 4059 simul,
1375 4002 1435 4051 lern-

287 4079 423 4128 Metaurum
440 4078 532 4153 (ιιιιιιο,Ι
549 4080 649 4134 Maturo,
674 4078 721 4133 vel,
745 4078 845 4137 Meua)
879 4075 937 4126 citer
947 4092 989 4142 per
1000 4028 1076 4123 Italas
1087 4074 1158 4121 urbes
1173 4069 1259 4124 ruenti,
1272 4064 1437 4116 accommoda-

287 4142 384 4217 sdortus
402 4153 441 4191 est
457 4153 595 4218 exercitum,
609 4158 686 4219 'quem
707 4140 846 4191 Hasdrubal
879 4148 929 4188 turn
947 4140 993 4197 sit;
1010 4137 1079 4186 etsie
1094 4136 1138 4184 int.
1152 4134 1230 4200 Epod.
1249 4134 1287 4187 16,
1302 4134 1341 4187 la,
1357 4140 1380 4179 et
1397 4130 1437 4185 17,

286 4208 352 4255 iratrr
362 4223 406 4281 suo
418 4208 548 4256 Hannibali
561 4208 650 4256 auxilio
660 4206 776 4254 ducturus
786 4214 845 4263 erat,
880 4204 920 4261 74,
954 4203 983 4261 is,
1012 4200 1054 4267 qui
1080 4198 1220 4249 insolentius
1244 4196 1306 4245 hosti
1329 4192 1438 4251 insultat,

286 4279 315 4320 ut
329 4270 452 4320 occidione
468 4288 523 4320 oum
539 4288 595 4319 cum
612 4270 687 4345 ipsius
704 4270 768 4317 duce
781 4269 845 4317 occi·
877 4272 960 4330 equitis
981 4266 1085 4330 imagine
1107 4264 1270 4313 adumbratur.
1314 4260 1367 4307 Post
1388 4258 1438 4313 hoc,

287 4333 370 4394 deret;
381 4351 436 4399 quse
444 4336 541 4399 quidem
548 4335 648 4408 victoria
654 4332 847 4398 splendidissima
877 4332 919 4381 iri
936 4334 1019 4386 reiro,
1036 4328 1167 4394 posthanc
1185 4324 1282 4375 Claudii
1298 4321 1439 4381 victoriam

287 4414 345 4447 cnm
355 4400 709 4474 solaiuturarumuctonarum
726 4396 844 4445 Romanis
876 4398 981 4445 ucondtr
999 4395 1121 4447 lebnitica,
1137 4390 1298 4455 significanter
1315 4386 1345 4435 de
1363 4386 1440 4434 victo·

287 4478 363 4511 causa
377 4472 502 4519 exuestet,
513 4466 554 4512 itio
562 4464 660 4525 pulcher
673 4464 729 4516 dies,
740 4463 781 4524 qai
793 4464 845 4523 pri·
878 4460 927 4516 riis.
938 4458 963 4507 in
977 4472 1086 4524 pntspero
1103 4456 1221 4510 laborum,
1234 4467 1294 4519 quos
1310 4448 1399 4500 milites
1415 4448 1441 4497 in

288 4526 443 4590 aufugatis
458 4530 555 4578 tenebris
571 4526 707 4591 (propulso,
722 4524 786 4589 quod
802 4524 846 4573 irn-
878 4520 1081 4579 hettesnamont,
1093 4534 1205 4569 successu
1214 4516 1298 4583 positis
1306 4533 1314 4575 ;
1326 4516 1440 4569 mnnita,
