3150 5200
566 314 732 381 LIBER
754 313 801 393 11,
823 315 855 379 6.

130 468 197 533 105
220 466 419 533 Permissum
434 466 579 545 arbitrio,
596 468 665 532 sine
681 467 835 531 sordibus
848 476 999 531 exstrue:
1022 466 1121 533 funus

221 569 366 653 Egregie
381 568 502 633 iactum
516 568 628 633 laudet
643 570 767 633 vicinia.
815 568 939 652 Siquis

220 670 320 735 Forte
333 670 540 735 cohaeredunr
555 671 663 734 senior
675 670 757 733 male
772 670 900 746 tussiet,
917 668 993 733 huic
1008 680 1045 733 tu

220 772 297 849 Dic,
313 783 462 855 exparte
478 784 534 836 tua
550 793 608 836 seu
623 770 716 835 fundi
731 772 798 836 sive
811 772 927 835 domus
943 772 986 835 sit

220 873 347 951 Emtor,
362 873 559 957 gaudentem
573 894 702 937 numrno
717 882 749 937 te
764 873 930 937 addicere.
976 872 1043 938 Sed
1058 895 1110 936 me

132 976 197 1042 110
219 974 398 1059 Imperiosa
412 973 512 1038 trehit
528 974 742 1059 Proserpina:
765 976 849 1051 rive,
864 974 1011 1059 valeque.

577 1279 754 1345 SATIRA
777 1280 839 1345 vl.

219 1484 297 1549 Hoc
312 1494 383 1549 erat
397 1486 431 1548 in
446 1485 546 1548 votis:
571 1484 686 1549 modus
702 1485 772 1569 agri
787 1484 914 1548 nonita
928 1506 1076 1569 magnus,

219 1585 346 1651 Hortus
361 1588 417 1651 ubi
433 1596 467 1651 et
482 1596 569 1651 tecto
584 1587 708 1651 ricinus
719 1586 811 1670 jugis
827 1607 922 1669 aquae
937 1585 1022 1662 fona,

219 1687 266 1752 Et
280 1688 413 1772 paulum
429 1689 517 1753 ailvae
533 1710 633 1773 super
648 1688 698 1751 his
714 1686 810 1752 foret.
858 1686 999 1752 Auctius
1013 1697 1112 1771 atque

218 1788 267 1853 Di
279 1789 393 1855 melius
409 1790 526 1856 fecere.
572 1790 664 1853 Bene
679 1792 747 1854 est!
771 1788 852 1853 nihil
866 1787 1004 1873 amplius
1019 1810 1090 1865 oro,

164 1890 186 1953 5
220 1890 311 1955 Maia
325 1902 411 1968 nate,
428 1893 490 1955 nisi
506 1901 543 1955 ut
557 1890 691 1975 propria
704 1888 776 1954 lraec
791 1889 870 1953 mihi
884 1911 1018 1955 munera
1033 1890 1128 1955 faxis.

218 1991 254 2055 Si
269 2014 374 2077 neque
389 1994 543 2077 majorem
558 1991 621 2056 ieci
636 1991 760 2055 ratione
776 1990 859 2054 mala
873 2013 953 2068 rem,

217 2092 292 2157 Nec
307 2116 378 2158 sum
390 2093 536 2159 facturus
552 2093 630 2157 vitio
645 2091 781 2175 culpave
797 2092 972 2169 minorem:

127 2294 279 2354 illacrimans,
297 2296 423 2345 illacrima.
455 2298 573 2353 Audieris,
591 2311 641 2344 nou
660 2310 689 2343 ex
724 2312 779 2361 que
797 2310 881 2360 reapse
901 2303 952 2344 erat
970 2294 1077 2351 donatio,
1096 2296 1176 2345 oblato
1193 2315 1285 2347 nunno

128 2376 169 2410 ore
186 2360 321 2410 moribundi
333 2361 427 2425 (statim
444 2361 508 2409 enim
528 2358 689 2424 subjungitur,
724 2360 859 2424 (sestertio)
871 2369 923 2408 rste
932 2367 956 2408 et
967 2358 1035 2407 lirms
1044 2359 1129 2410 tiebat:
1141 2361 1190 2411 rid.
1201 2363 1284 2412 Bentl.

127 2440 211 2489 sparge
228 2427 333 2482 subinde
351 2426 414 2489 Ergo
431 2442 493 2474 nunc
515 2426 591 2473 Dama
608 2425 692 2471 sodalis
723 2424 883 2489 supsdsst.
894 2424 911 2481 i,
924 2426 949 2479 t,
963 2424 1003 2471 1⁴.

129 2488 251 2552 Nusquam:
276 2491 340 2551 estl)
362 2488 405 2538 sed
433 2497 514 2555 aperto
541 2496 691 2537 testamento.
759 2490 814 2537 110.
841 2488 965 2550 Imperiosa
993 2487 1150 2550 Proserpina:
1185 2491 1284 2539 Umbrsr

133 2552 201 2602 Unde
223 2554 288 2609 mill,
308 2554 402 2620 supple,
425 2569 527 2612 sumam,
554 2550 689 2617 exquiram,
722 2552 815 2604 scilicet
837 2567 867 2602 es
890 2553 955 2602 Orco
983 2550 1009 2600 in
1035 2552 1113 2603 lucem
1140 2554 1233 2604 emisse:
1253 2570 1284 2605 ex

129 2619 228 2682 parabo,
253 2617 382 2668 inveniam.
424 2617 586 2675 Heindorlius,
613 2617 691 2680 posita
721 2618 821 2682 imperio
839 2633 909 2666 seve
930 2617 1080 2682 Proserpina
1101 2617 1166 2668 dicte
1183 2618 1242 2668 hors
1258 2619 1283 2668 in

128 2690 183 2746 post
193 2693 254 2744 potes
264 2680 426 2740 distinctione,
437 2685 579 2732 illacrimans
593 2696 635 2747 pro
645 2681 689 2728 im·
723 2683 815 2732 Orcum
825 2680 902 2731 redire
911 2681 1040 2730 debebant.

128 2747 236 2810 perstivo
256 2747 351 2812 accipit,
370 2747 467 2796 laudato
488 2746 596 2811 exemplo
619 2744 690 2794 Cice·

128 2809 193 2858 ronis
210 2809 253 2874 (de
272 2811 331 2860 Nat.
345 2812 379 2860 D.
397 2811 432 2869 iii,
447 2812 493 2874 33)
507 2812 646 2860 illacrimari
663 2809 689 2858 in
904 2809 1036 2860 SATIRA
1054 2810 1103 2858 VI.

128 2871 203 2923 forme
214 2874 355 2939 deponentis
366 2875 413 2924 usi.
441 2875 559 2940 Equidem
572 2889 626 2924 vero
637 2882 691 2938 post
754 2875 877 2932 Horatius,
887 2889 942 2922 cum
953 2875 976 2924 ei
986 2873 1134 2937 contigisset,
1141 2875 1206 2938 quod
1216 2892 1284 2925 man·

127 2939 272 3012 illacrlnare
293 2939 547 3014 recteuimperetivura
562 2940 690 3013 ‘illacrima
722 2939 769 2988 irne
796 2939 821 2986 in
848 2939 910 2988 rotis
937 2939 1061 3011 habuerat,
1083 2938 1193 2988 modicus
1217 2955 1283 3004 eger,

128 3002 689 3139 tlul‘l.ll.“tlitl.l⁰u.ltt.¹?t‘lt
721 3002 1284 3140 liiidiiiiiliiditiiiliitilidi

128 3129 236 3193 aliquod,
256 3138 282 3178 ut
301 3147 365 3196 sepe
385 3132 448 3198 apud
467 3131 614 3188 Terentium,
633 3130 691 3180 date
722 3141 788 3194 grato
800 3131 880 3180 animo
906 3131 1018 3180 rofitetur.
1047 3131 1284 3196 Decantstrgiturin

128 3208 200 3258 opera
221 3208 265 3244 nec
286 3194 337 3244 sine
358 3197 383 3245 ri
405 3197 488 3260 sliqus
508 3194 598 3244 reticeri
620 3195 688 3251 solet,
722 3195 767 3245 hoc
778 3147 1035 3244 carmianiaudesvita
1045 3195 1149 3253 rustica,
1157 3203 1182 3243 et
1189 3211 1283 3254 ceusu,

128 3257 195 3321 quod
212 3273 227 3305 a
243 3258 327 3322 quovis
343 3260 414 3310 lecile
430 3259 534 3325 suppleri
551 3267 637 3325 potest,
654 3259 689 3307 uti
721 3277 750 3309 ex
770 3260 857 3323 quibus
879 3260 928 3308 vite
946 3260 1034 3308 rustica
1055 3259 1126 3323 longe
1145 3261 1237 3309 urbana
1253 3261 1285 3310 sit

128 3321 200 3370 modo
210 3321 236 3369 in
244 3337 312 3372 versu
323 3325 574 3389 precedenteverbum
583 3323 688 3388 aliquod,
719 3323 858 3390 jucundior,
870 3333 926 3373 ante
936 3325 1020 3373 oculos
1030 3324 1105 3389 pouit.

129 3401 145 3434 a
155 3401 203 3450 quo
213 3386 319 3451 pendent
327 3389 458 3438 accusativi
461 3388 550 3454 fortem
558 3395 583 3436 at
586 3389 689 3452 fidelem,
756 3389 828 3437 1-o.
845 3389 929 3436 Modus
938 3393 992 3453 agri
1003 3392 1091 3436 nonita
1098 3405 1204 3453 magnus,
1212 3390 1285 3455 cujus

129 3465 157 3499 su
176 3450 289 3514 piendum
299 3461 358 3501 eret.
722 3453 826 3501 ambitus
836 3467 884 3500 non
896 3468 997 3516 magne,
1008 3453 1049 3502 sed
1059 3453 1152 3517 exigue
1168 3469 1285 3504 mensum

159 3467 218 3563 iot.
246 3515 288 3564 Est
318 3517 414 3565 Gaudia
439 3519 570 3578 prodentem
601 3517 691 3564 cultam
722 3527 767 3566 est.
800 3517 892 3581 Jugisa
923 3534 951 3571 c,
958 3516 1050 3581 jugiter
1060 3517 1165 3574 fluentis,
1174 3518 1285 3582 perennis

127 3579 214 3627 calare.-
232 3579 287 3642 (est,
305 3581 371 3642 ἔστι)
388 3580 472 3630 licebit
483 3579 630 3629 lacrimando
647 3583 687 3645 (ιιι
720 3596 801 3646 equa,
820 3590 848 3629 ut
865 3579 909 3628 in.
929 3579 1008 3644 Epist.
1025 3579 1043 3635 i,
1063 3583 1285 3649 15,1·l;sicjagn

145 3643 217 3692 cteris
242 3643 403 3707 lacrimando)
431 3643 504 3692 animi
525 3643 633 3692 letitiam
659 3643 689 3692 de
720 3663 781 3708 apua
799 3644 830 3693 de
847 3644 1027 3708 squalontane,
1040 3645 1102 3710 apud
1116 3646 1284 3711 Sallinlog.

145 3707 526 3773 nereditateiarultuexpressam
536 3707 667 3756 occultare.
721 3725 774 3774 cap.
792 3711 833 3758 90.
871 3710 945 3768 Super
965 3709 1014 3755 liis:
1039 3709 1122 3758 Schol.
1141 3710 1191 3760 Cru
1210 3745 1226 3766 .,
1247 3715 1284 3760 in-

140 3772 217 3844 Ι105.
240 3772 426 3848 Sirusordilpu:
450 3771 502 3821 sine
521 3771 617 3846 :prdida
632 3788 688 3821 ava·
720 3789 798 3834 super,
807 3783 917 3834 pretam
924 3791 932 3831 3
949 3771 992 3820 sed
1002 3771 1109 3846 sortasse,
1122 3728 1284 3848 supmflorto,

127 3835 629 3958 ‘¹“loiffllll¹ltltltil.lttll22u
722 3835 1285 3961 itit:.⁰‘.l.¹¹tlll¹t.ll;l.iltllit}

126 3963 690 4093 1:32..turitunii.llantur?
722 3964 1015 4076 tntillum?
1032 3967 1108 4076 llll
1125 3968 1285 4091 tillut

126 4093 237 4140 arbom
250 4092 349 4142 Huslesr.
457 4065 465 4087 ¹
503 4065 511 4090 '
682 4066 689 4086 ⁵
722 4095 747 4148 5,
760 4093 975 4146 continuimus,
988 4094 1033 4139 nisi
1051 4094 1202 4140 diswcientur
1217 4065 1286 4155 opocd

161 4156 300 4205 107-109.
317 4157 380 4206 Huic
391 4168 417 4206 tu
431 4157 622 4213 Dic—addicere,
635 4172 689 4205 seu·
725 4155 800 4205 Valle.

126 4235 183 4268 sus:
202 4219 258 4268 huic
278 4227 304 4268 tu
322 4220 370 4277 dic,
383 4229 415 4274 te.
428 4221 477 4270 sive
496 4221 538 4269 ille
552 4219 621 4269 lundi
639 4220 690 4270 siva
755 4224 779 4270 5.
797 4221 863 4268 Maia
874 4229 943 4267 nate:
961 4219 1099 4268 Mercurius
1108 4217 1172 4267 euim
1188 4222 1286 4283 (parens

126 4283 213 4332 domus
231 4299 261 4332 ex
276 4292 319 4332 tun
333 4284 477 4334 hereditatis
492 4285 598 4350 portione
616 4294 690 4334 emtor
723 4286 778 4350 lyra
799 4301 883 4339 aum,
901 4299 955 4348 sup.
975 4283 1024 4332 Od.
1041 4283 1059 4339 i,
1075 4285 1114 4340 10,
1130 4285 1159 4342 6)
1176 4284 1287 4349 presidio

125 4362 179 4396 esse
196 4347 255 4396 velit
271 4349 439 4412 (gaudentem)
455 4358 546 4414 promto
563 4357 691 4414 paratoque
723 4364 767 4398 suo
784 4357 865 4414 poetes
876 4348 954 4406 lavet:
971 4347 1036 4397 uude
1046 4358 1123 4413 poete
1134 4364 1187 4412 sup.
1199 4348 1247 4396 Od.
1258 4349 1285 4406 ii,

126 4411 207 4460 animo
225 4413 291 4473 (nos,
309 4415 351 4460 snit
369 4413 460 4478 Vaga·
480 4415 524 4476 en)
540 4412 691 4462 civilissima
725 4415 763 4470 17,
775 4416 816 4468 30,
828 4416 875 4461 siri
895 4413 1047 4461 Mercuriales
1059 4421 1182 4461 vocantur.
1216 4412 1285 4461 Idem

127 4475 201 4540 pretio
221 4474 331 4526 addicere
352 4477 421 4527 velle.
482 4475 587 4542 jusmodi
608 4478 689 4534 erratio,
723 4486 749 4526 ut
775 4482 842 4526 dolor
864 4481 973 4526 mnarum
999 4479 1167 4540 imperatorum
1188 4475 1287 4543 (δύτωρ
