3150 5200
277 306 346 372 4³26
688 304 1011 375 SATIRARUM

300 460 345 524 20
367 460 519 524 Summus
534 480 607 543 ego,
624 469 658 523 et
672 483 775 545 prope
790 484 841 526 me
857 460 978 525 Viscus
994 459 1176 538 Thurinus,
1192 445 1226 525 et
1241 460 1335 537 infra,

368 562 405 625 Si
418 562 557 637 memini,
574 560 713 641 Varius3
737 586 811 627 cum
826 562 964 627 Servilio
979 562 1157 628 Balatrone

365 663 533 740 Vibidius,
549 686 631 747 quos
647 664 813 729 Maecenas
829 666 1014 729 adduxerat
1027 667 1171 729 umbras.

365 766 593 830 Nomentanus
607 778 677 830 erat
693 790 792 851 super
806 768 924 851 ipsum,
941 767 1079 831 Porcius
1094 768 1189 844 infra,

367 866 541 931 Ridiculus
556 878 641 931 totas
658 867 751 932 simul
766 869 944 933 obsorbere
959 858 1137 952 placentas.

300 972 344 1035 25
366 970 593 1034 Nomentanus
609 972 650 1034 ad
666 970 741 1047 hoc,
757 972 826 1053 qui,
841 972 869 1033 si
883 970 963 1055 quid
978 969 1062 1034 sorte
1076 970 1204 1047 lateret,

367 1071 481 1137 Indice
495 1083 690 1137 monstraret
706 1072 827 1157 digito:
851 1094 925 1136 nam
940 1083 1050 1136 cetera
1063 1072 1172 1148 turba,

366 1174 452 1251 Nos,
468 1175 610 1257 inquam,
627 1195 793 1238 coenamus
808 1196 896 1251 aves,
913 1173 1093 1257 conchylia,
1110 1174 1229 1257 pisces,

367 1276 482 1361 Longe
499 1276 686 1341 dissimilem
700 1286 777 1340 noto
794 1276 932 1341 celantia
947 1298 1090 1352 succum,

368 1377 416 1442 Ut
430 1378 481 1443 vel
496 1379 649 1443 continuo
665 1378 781 1462 patuit,
799 1400 899 1461 quum
913 1378 1056 1461 passeris
1072 1378 1136 1440 assi
1151 1387 1186 1439 et

302 1481 347 1544 30
366 1480 539 1564 Ingustata
553 1478 632 1543 mihi
647 1491 839 1563 porrexerat
855 1478 910 1543 ilia
923 1478 1063 1543 rhombi.

367 1580 523 1646 Posthac
538 1603 588 1645 me
604 1581 728 1658 docuit,
743 1580 902 1645 melimela
917 1582 1035 1645 mbere
1049 1580 1205 1644 minorem

367 1681 423 1747 Ad
437 1682 546 1747 lunam
561 1682 698 1747 delecta.
746 1683 837 1757 Quid
853 1682 917 1746 hoc
932 1682 1071 1759 intersit,
1088 1683 1130 1746 ab
1145 1684 1218 1766 ipso

280 1856 331 1909 tile,
343 1856 445 1917 quodque
457 1853 532 1901 Posset
543 1863 655 1903 canantes
665 1853 779 1929 offendere
788 1852 841 1917 (in-
873 1851 1036 1902 ministrandis
1046 1867 1149 1900 vacuum
1159 1852 1344 1918 relinquebatur.
1359 1854 1437 1902 Totus

280 1918 361 1982 tellige
378 1918 484 1967 ciborum
500 1916 624 1966 adesorum
642 1918 684 1966 reh
702 1920 764 1977 uias,
781 1918 842 1966 irus-
875 1916 914 1967 hic
925 1918 993 1965 locus
1005 1916 1098 1965 Horatii
1109 1915 1213 1973 facilius,
1225 1923 1293 1982 puto,
1335 1916 1435 1991 rspicie·

281 1983 341 2041 tula,
361 1984 444 2037 micas,
460 1996 524 2038 ossa,
542 1982 625 2045 cett),
641 1982 695 2031 dice
712 1992 766 2031 atur
784 2000 842 2031 anc-
875 1990 921 2037 tur,
939 1981 960 2029 si
978 1981 1041 2030 hanc
1058 1981 1106 2030 lere
1123 1996 1212 2030 mensa
1228 1988 1252 2030 et
1269 1982 1295 2029 in
1319 1991 1379 2031 ecus
1393 1997 1435 2030 ac-

282 2048 348 2096 lsctes
360 2046 398 2096 val
409 2048 523 2094 annuus.
875 2046 1039 2095 cambeotium
1056 2045 1145 2094 ordinis
1162 2048 1193 2094 ob
1210 2045 1293 2095 oculos
1307 2046 1352 2095 tibi
1363 2061 1435 2112 posu-

316 2113 420 2160 13-15.
447 2110 479 2158 Ut
501 2112 579 2159 Attica
603 2112 672 2176 Virgo
694 2112 752 2159 Cum
772 2114 845 2159 sacris
876 2111 1048 2175 erisfiguram:

282 2176 380 2233 Cereris,
394 2174 503 2224 sacerdos
521 2175 622 2224 Cereris.
657 2175 738 2225 Schol.
756 2177 842 2239 Cruq„

281 2240 341 2289 liius
360 2242 421 2295 uult,
431 2256 487 2303 quas
505 2239 597 2288 Tullius
613 2242 639 2287 in
653 2240 755 2288 Verrinis
772 2240 805 2294 iv,
817 2242 842 2294 ³,
1118 2273 1123 2282 .

281 2306 418 2367 canaphernr
435 2307 470 2351 uit
489 2304 596 2367 (vocat),
608 2322 656 2368 quc
671 2322 737 2353 sama
754 2306 844 2353 Cereris
1016 2347 1019 2353 .
1056 2272 1155 2322 M⁰d¹u⁸
1166 2274 1251 2322 leem·

281 2371 377 2417 sublatis
395 2385 467 2430 supra
486 2378 556 2430 caput
573 2371 716 2416 mombritio
735 2369 844 2431 sportulis
992 2369 997 2433 Ι
1043 2370 1059 2416 3
1089 2369 1094 2432 Ι
1143 2370 1154 2415 l
1203 2370 1208 2432 Ι
1253 2372 1269 2418 2
1317 2362 1321 2433 Ι

283 2432 422 2496 (canistris)
433 2441 526 2493 portare
533 2432 642 2481 solebam.
667 2434 738 2481 Ridet
747 2435 842 2481 nimiam

281 2512 386 2559 pompam
396 2498 422 2543 in
434 2499 498 2544 tenui
510 2514 524 2543 a
556 2508 634 2545 oratu.
659 2498 698 2546 De
711 2498 843 2559 canephoris

284 2558 334 2610 vid.
351 2559 480 2625 spanhem.
551 2560 649 2611 Callim.
665 2562 698 2610 H.
718 2562 744 2610 in
762 2563 843 2610 Cerer.
878 2586 882 2594 =
941 2579 964 2611 cs

285 2625 340 2672 127.
384 2625 479 2680 Fuscus,
507 2625 569 2672 fusci
593 2641 622 2674 ex
651 2626 723 2675 India
749 2625 844 2674 coloris.
910 2657 918 2672 .

285 2689 368 2736 Chium
387 2691 457 2736 muris
471 2705 556 2750 capere,
575 2690 614 2737 cui
628 2689 688 2737 nihil
705 2707 774 2755 aquia
791 2705 843 2737 ma·
899 2677 918 2752 ἒ
941 2701 974 2712 ·“·

283 2751 341 2803 rina
360 2751 492 2800 admixtum
509 2760 553 2800 est.
587 2754 669 2801 Schol.
686 2754 754 2810 Aen,
772 2757 845 2802 idest
902 2756 919 2810 8

281 2819 330 2867 rias
350 2835 411 2880 aqua
426 2820 525 2865 runnu.
559 2817 587 2864 In
605 2817 696 2866 Gracia
714 2821 774 2865 enim
790 2820 845 2866 rotet
895 2812 919 2874 ἶ
943 2809 966 2832 ’““

282 2883 335 2934 vinu
352 2899 411 2944 aqua
429 2885 520 2930 moriac
536 2883 666 2938 admisceri,
678 2892 705 2930 ut
720 2899 764 2930 non
768 2882 846 2948 ficiis
903 2875 919 2956 ἓ
943 2927 974 2936 ,

283 2956 454 3008 eorrumpotur.
499 2947 608 2995 Fortasse
640 2947 721 2994 vinum
756 2946 845 2995 Chium
880 2958 920 2984 -Η

284 3025 353 3074 aqua
372 3012 470 3058 marina
487 3026 579 3075 expers,
592 3011 615 3058 h.
627 3026 649 3059 e.
666 3026 750 3076 purum
767 3017 792 3059 et
808 3010 846 3057 in·
943 3028 967 3058 <a

284 3083 386 3139 tegrum,
399 3075 424 3124 iu
435 3075 524 3140 majore
537 3074 608 3123 laude
619 3074 673 3122 luit.

319 3141 358 3188 le.
377 3139 846 3213 (Divitiasmimor!)hoevoces,quas
945 3149 977 3160 ““
1345 3149 1380 3159 “

284 3204 452 3268 parentheseos
466 3203 533 3266 siguo
550 3202 647 3258 inclusi,
659 3219 700 3269 per
716 3203 846 3269 appositio·

285 3283 339 3316 nem
366 3266 494 3317 referende
521 3265 631 3315 videntur
658 3267 687 3315 ad
716 3278 846 3332 intransque.
878 3271 910 3319 ln
932 3271 1004 3318 medio
1026 3271 1081 3316 tecto
1098 3268 1198 3328 mimum
1216 3274 1241 3315 et
1260 3269 1345 3317 ceteris
1362 3268 1440 3318 omni·

286 3331 369 3387 Poeta,
393 3331 435 3396 qui
459 3329 578 3378 Fundanii
599 3331 729 3380 orationem
749 3333 846 3398 excipit,
877 3335 923 3382 bus
946 3334 971 3382 in
993 3340 1044 3382 tota
1063 3345 1147 3379 mensa
1165 3331 1338 3382 honoratiorem
1359 3333 1440 3382 locum

284 3394 333 3448 vini
352 3393 442 3443 Albani
453 3403 477 3443 et
488 3393 583 3443 Falerni
593 3398 763 3460 possessionem
780 3401 846 3444 mire·
878 3399 1013 3463 occupabat
1030 3396 1149 3452 Mesenae,
1163 3398 1287 3443 secanam
1303 3405 1330 3445 et
1344 3401 1441 3446 tertium

284 3475 323 3506 rar
351 3462 446 3508 divitias
473 3459 587 3524 appellat,
615 3460 673 3524 quia
700 3460 848 3510 Nasidienus
880 3462 979 3511 adducti
1001 3477 1016 3510 a
1044 3461 1180 3508 Mecenate
1202 3461 1300 3509 Umbra
1328 3463 1441 3510 mlius

283 3523 361 3588 jactat
370 3522 466 3587 quidem
484 3539 509 3571 se
526 3524 612 3573 habere
623 3525 678 3573 vina
687 3525 846 3588 generosiora,
879 3526 978 3573 Boiotro
992 3535 1017 3574 et
1036 3525 1149 3578 Vibidius,
1161 3539 1258 3580 scurra,
1269 3533 1298 3572 ut
1314 3541 1341 3574 se
1355 3533 1443 3590 gerunt

285 3587 325 3635 sed
339 3597 430 3636 uteaa
463 3595 520 3636 onst
532 3603 579 3637 non
591 3588 716 3655 impetrare
730 3598 809 3654 potest
817 3591 847 3638 ab
879 3590 904 3638 in
915 3590 1041 3649 convivi03
1057 3589 1083 3636 in
1093 3605 1177 3635 summo
1191 3589 1273 3651 beto(
1275 3590 1381 3637 Summus
1391 3608 1441 3654 ego,

284 3650 391 3700 avaritia.
430 3605 500 3701 llius
529 3653 570 3702 ille
595 3669 619 3702 v.
641 3655 674 3702 35
698 3654 848 3718 expallescit,
880 3654 905 3703 h.
929 3672 951 3704 e.
991 3654 1064 3701 rimus
1086 3652 1110 3700 in
1133 3665 1226 3700 summo
1244 3651 1320 3715 lecto)
1340 3657 1442 3715 prinum

284 3731 339 3768 curn
366 3715 473 3766 conviva
501 3718 602 3782 majores
623 3717 712 3766 calices
735 3727 846 3784 poscunt.
878 3719 959 3768 locum
971 3672 1119 3774 l'uadouius,
1130 3719 1253 3764 remedium
1266 3717 1346 3766 Viscus
1355 3719 1441 3766 Thuri·

289 3780 350 3836 Uuu,
361 3795 395 3829 sc.
407 3789 494 3830 tecum.
879 3800 931 3839 asu,
944 3787 1037 3832 tertium
1050 3782 1150 3838 Varius,
1166 3780 1193 3828 in
1210 3782 1255 3828 imo
1271 3783 1327 3830 beto
1341 3786 1441 3844 finan

321 3846 360 3918 lli.
386 3846 455 3894 Nosse
486 3848 571 3903 laboro,
603 3846 663 3895 scire
697 3846 848 3896 vehementer
879 3847 959 3896 locum
975 3849 1049 3921 (nam.
1062 3844 1156 3894 medius
1174 3843 1242 3893 locus
1256 3845 1282 3893 in
1296 3861 1441 3934 upoqupque

284 3924 422 4023 cuilio-'nib
439 3976 454 4025 J
458 3990 496 4023 am
507 3975 648 4024 Fundanius
659 3975 773 4024 describit
783 3973 847 4024 ordi-
878 3910 1441 4087 {liheiriiiriirillhlilrdssndodrlhedmlllnsihlidl

286 4053 341 4086 nem
371 4054 418 4103 quo
446 4040 549 4104 quisque
580 4056 669 4088 mensre
700 4039 848 4088 accubuerit.
896 4055 936 4088 um
956 4040 1121 4096 lt'omentouar,
1132 4037 1226 4086 tertium
1246 4040 1351 4093 Porcius,
1368 4039 1441 4087 Nasi-

285 4105 345 4152 Tres
363 4102 428 4162 lecti,
447 4113 475 4152 ut
492 4103 551 4153 satis
569 4113 671 4161 constat,
691 4103 721 4152 ad
740 4118 849 4151 mensam
880 4104 944 4153 dieni
960 4103 1066 4169 parasiti.
1100 4103 1212 4152 Ceterum
1231 4102 1262 4152 de
1276 4105 1387 4151 tricliniis
1401 4118 1442 4151 ac·

285 4168 473 4223 collocabantur,
493 4167 557 4218 uude
578 4169 655 4226 locus,
674 4167 714 4216 ubi
731 4170 847 4216 coenaba-
880 4177 962 4217 curate
973 4167 1095 4216 eterudite
1105 4167 1155 4230 egit
1166 4167 1444 4216 tt'iisremsnnusnosrer

285 4238 332 4288 tur,
353 4247 438 4280 nomen
461 4231 554 4296 accepit
572 4235 717 4289 triclinium,¹
741 4231 766 4280 in
786 4247 846 4281 uno·
879 4233 903 4280 in
916 4232 1010 4282 Pallast
1020 4232 1062 4282 des
1073 4234 1185 4288 Scaums,
1197 4247 1221 4295 p.
1232 4234 1282 4279 229
1293 4247 1347 4296 sqq.

303 4312 381 4360 uoque
402 4297 463 4345 lecto
482 4304 537 4352 tres,
557 4297 588 4345 ad
606 4312 724 4344 summum
745 4305 847 4361 quatuor
910 4299 952 4345 24.
971 4298 1095 4345 Ridiculus
1113 4307 1180 4352 toros,
1201 4295 1243 4362 qui
1261 4295 1379 4345 ridiculus
1397 4295 1445 4344 fuit

284 4313 480 4420 discumbebant;
509 4377 572 4410 unus
588 4362 664 4410 lectus
680 4377 788 4416 summus,
808 4376 846 4410 se·
879 4360 992 4435 eo,quod
1006 4370 1068 4410 totas
1088 4360 1211 4426 placentas
1231 4377 1279 4409 uno
1296 4361 1384 4408 haustu
1400 4360 1443 4408 de-

284 4424 377 4476 cundus
400 4427 495 4482 nardius,
515 4426 596 4475 tertius
617 4427 676 4473 imus
699 4426 846 4487 vocabatur,
880 4427 1005 4489 glutiebat.

284 4505 359 4538 unum
377 4505 464 4539 mensae
485 4489 548 4538 latus
564 4489 625 4539 cibis
641 4505 682 4555 par
696 4505 774 4539 servos
789 4491 847 4538 sub·
917 4491 1024 4540 25-30.
1061 4489 1216 4539 Nomentanus
1247 4493 1277 4538 sd
1308 4491 1357 4544 tor,
1385 4498 1443 4538 cett.

1352 2808 1375 2829 t

1401 3011 1409 3024 ·
1400 2852 1426 3004 πτηοοῐ
1399 2609 1424 2829 :nunnus

1353 3025 1377 3057 z
