3150 5200
286 343 351 406 ala
716 334 1015 404 CARMINUM

506 491 603 557 Vinci
618 491 780 557 dolentem
797 492 897 555 crevit
911 493 944 554 in
960 490 1158 555 Herculem:

547 594 773 658 Monstrumve
789 594 969 657 submisere
985 591 1100 656 Colchi

587 696 711 780 MajuS,
727 693 937 759 Echioniaeve
950 693 1088 758 Thebae.

437 797 481 860 ut
502 795 632 861 Marses
646 795 821 881 profrmd0,
836 796 1003 879 pulchrior
1018 797 1143 860 evenit:

503 897 656 974 Luctere,
673 896 773 961 multa
787 909 922 981 proruet
937 897 1099 980 integrum

544 998 627 1063 Cum
640 998 738 1062 laude
753 998 917 1074 victorem,
931 1010 1088 1082 geretque

587 1099 710 1163 Proelia
724 1100 918 1183 conjugibus
933 1097 1106 1181 loquenda.

500 1201 692 1284 Carthagini
702 1201 770 1284 jam
785 1221 851 1263 non
866 1222 928 1283 ego
943 1201 1073 1264 nuntios

437 1303 480 1365 70
501 1301 633 1366 Mittam
647 1301 827 1384 superbos:
852 1301 981 1378 occidit,
998 1301 1118 1364 occidit

543 1403 628 1487 Spes
644 1403 747 1466 omnis
761 1413 796 1466 et
811 1401 941 1466 fortuna
956 1403 1058 1466 nostri

581 1504 744 1581 Nominis,
761 1502 972 1568 Hasdrubale
987 1503 1168 1568 interemto.

496 1606 555 1670 Nil
570 1605 718 1670 Claudiae
733 1627 798 1668 non
814 1597 984 1686 perficient
998 1625 1130 1667 manus:

499 1707 593 1780 Quas
608 1718 642 1770 et
656 1706 800 1792 benigno
814 1707 944 1770 numine
959 1705 1091 1790 Jupiter

413 1797 416 1801 ¹
432 1810 475 1894 75
540 1808 709 1884 Defendit,
724 1819 758 1871 et
773 1829 860 1871 curae
876 1829 1009 1892 sagaces

583 1908 776 1994 Expediunt
791 1932 850 1994 per
865 1919 961 1975 acuta
974 1908 1060 1974 belli.

281 2092 335 2131 mas
350 2077 477 2140 occiderat,
490 2095 549 2134 nova
567 2089 672 2134 monstra
684 2079 712 2133 in
721 2077 840 2134 Colchide
873 2085 971 2133 Grecos
989 2075 1162 2146 ἀναπέμπειν)
1173 2075 1203 2130 de
1220 2079 1317 2129 floribus
1335 2075 1433 2140 dieitur,

281 2154 307 2194 et
317 2146 414 2195 Boeotia
422 2147 487 2197 edita
495 2157 559 2197 sunt.
593 2149 711 2198 Fabulam
722 2149 752 2197 de
764 2151 840 2212 hydra
872 2165 932 2213 quos
939 2156 999 2197 terra
1005 2147 1092 2210 sensim
1104 2145 1240 2209 sensimque
1249 2160 1343 2192 sursum
1349 2144 1434 2200 mittit,

281 2209 473 2260 laernsutractat
483 2213 628 2262 Ovid.Met.
639 2213 672 2270 ix,
682 2215 779 2276 fflsqq.
789 2229 796 2258 ι
808 2212 840 2260 cl.
873 2212 980 2278 apposite
997 2211 1028 2259 ad
1043 2210 1098 2260 illos
1115 2209 1176 2258 viros
1195 2217 1306 2262 amatos,
1341 2209 1366 2256 ui
1382 2222 1433 2255 non

281 2273 533 2337 Apollodor.ii‚5,2.
568 2278 631 2326 Cum
647 2277 723 2342 hydra
738 2278 837 2325 lernau
870 2278 1046 2326 subitoeterra
1057 2273 1217 2340 prosiluerlnt,
1229 2273 1279 2328 sed,
1290 2281 1318 2320 ut
1353 2271 1434 2320 vidius

282 2335 404 2386 Romanos
415 2343 674 2406 quoquecomparatl'
715 2341 760 2390 bus
772 2340 837 2406 apud
870 2341 887 2389 l.
911 2357 933 2390 e.
956 2347 1045 2394 narrat,
1068 2337 1156 2387 sensim
1177 2338 1312 2400 sensimque
1335 2344 1433 2386 eterra

281 2399 346 2472 Flor.
363 2400 381 2454 i,
399 2403 439 2449 la.
472 2403 535 2450 &cto
549 2421 654 2466 comus:
690 2405 837 2469 inoprovar·
870 2404 1039 2462 succreverint,
1049 2401 1180 2450 transtulit.

279 2461 338 2510 baali
358 2465 479 2513 locutione
499 2466 579 2530 ὕδραν
600 2467 697 2532 τέμνειν
716 2467 837 2524 dicuntur,
902 2469 1009 2517 65-76.
1042 2467 1127 2514 Mersus
1156 2465 1281 2529 profundo,
1309 2465 1433 2525 pulchrior·

279 2525 367 2588 quibus
378 2543 407 2574 ex
418 2543 475 2582 uno,
487 2530 553 2593 quod
563 2531 680 2588 vicerunt,
692 2532 756 2580 malo
766 2532 837 2600 plura
867 2535 955 2580 evenit:
974 2539 1030 2579 nota
1040 2531 1073 2579 im
1122 2565 1128 2585 ,
1140 2545 1189 2604 qua
1199 2527 1263 2592 quis,
1281 2527 1361 2582 malls.
1374 2527 1430 2592 qul·

278 2596 303 2637 et
315 2591 404 2656 majora
417 2592 607 2642 subnascuntur:
625 2594 674 2645 vid.
686 2595 838 2645 Tonantad
867 2598 914 2645 bns
935 2596 1066 2651 laborabat,
1100 2592 1191 2644 elicrter
1212 2590 1339 2657 superatis,
1361 2608 1429 2640 oom-

278 2651 333 2701 b.l.
370 2657 573 2715 Vineidolentun,·
592 2674 657 2717 nam,
671 2668 698 2709 nt
711 2660 837 2709 satisoon-
868 2668 964 2726 paratur
977 2676 1031 2709 cum
1050 2674 1078 2708 eo
1093 2658 1135 2723 qui
1150 2674 1164 2707 e
1178 2656 1296 2724 profundo
1311 2656 1379 2712 mari,
1398 2656 1430 2705 ad

277 2724 333 2772 stat,
345 2718 407 2766 Iolai
417 2718 514 2768 demum
525 2736 570 2785 ope
581 2722 645 2770 victa
658 2732 695 2772 est
705 2723 753 2771 ista
761 2723 837 2789 hydra
870 2724 935 2789 quod
947 2724 1067 2774 demersus
1075 2722 1160 2779 luerat,
1171 2724 1235 2769 bona
1247 2721 1341 2768 lortrma
1350 2736 1428 2769 emer-

277 2782 308 2829 ab
330 2781 444 2830 Hercule.
478 2784 566 2841 Creuit,
589 2785 737 2849 significante
759 2788 837 2835 brevi·
886 2788 920 2847 't;
936 2790 1064 2850 pulchrior,
1085 2786 1178 2834 virtutis
1198 2786 1285 2833 bonore
1302 2784 1429 2847 insignior.

276 2852 365 2919 tatalet
382 2847 503 2909 elegantia
519 2864 569 2913 pro,
587 2850 640 2907 luit,
657 2867 713 2899 rum
732 2866 795 2899 nora
814 2852 836 2900 ei
895 2852 995 2901 anuum
1013 2852 1120 2899 imitatus
1135 2858 1171 2898 est
1190 2847 1298 2897 Rutilius
1314 2848 1398 2897 Itiner.
1409 2848 1428 2905 i,

276 2921 405 2959 creassent
418 2912 507 2976 capita.
541 2914 697 2963 Monstramur
716 2918 837 2965 submisere
870 2918 925 2972 129,
951 2917 1026 2965 Fleuit
1041 2930 1153 2963 suasurus
1168 2914 1289 2961 Hannibal
1305 2914 1351 2975 ipse
1365 2928 1428 2961 suos.

277 2974 355 3022 Colchi
366 2975 453 3037 Mrp‘ua
467 2976 608 3025 &lunave
621 2978 707 3037 Hebe,
719 2993 764 3027 nee
776 2987 838 3028 terra
871 2981 926 3034 Qua
944 2983 1017 3044 uret-gi
1036 2988 1159 3042 mqtoeunt,
1177 2980 1230 3025 abu
1247 2979 1332 3038 asnjam
1349 2991 1427 3023 resur-

276 3037 393 3087 Colchica
402 3047 426 3088 et
436 3040 552 3089 Thebans
562 3056 577 3089 e
587 3042 645 3090 satis
655 3042 766 3092 dmconis
774 3042 833 3092 den·
899 3055 935 3100 nt,
955 3044 1115 3105 Exsiliumque
1132 3044 1183 3089 imis
1200 3042 1272 3088 altius
1288 3043 1335 3088 icto
1350 3041 1428 3088 undu.

274 3101 339 3153 tibus
356 3104 434 3166 majus
450 3114 580 3155 monstrum
595 3107 683 3156 emisit.
717 3107 834 3155 Fabulam
889 3118 973 3165 uotae,
1002 3108 1076 3155 milita
1100 3114 1195 3167 proruet
1221 3108 1258 3152 int
1287 3121 1339 3151 run
1366 3104 1427 3151 Cura

274 3164 304 3216 de
326 3168 437 3223 dmenne,
459 3184 531 3232 quem
553 3169 661 3219 Cadmus
681 3171 707 3219 iu
727 3171 832 3227 Bantia,
866 3172 935 3219 laude
943 3174 1058 3219 uiatorem.
1073 3170 1149 3232 Finge
1158 3167 1426 3233 libipargadiatorum,

317 3239 399 3295 tquam
419 3230 461 3281 ille
480 3232 554 3297 hujus
573 3234 650 3283 socios
668 3250 682 3283 a
701 3242 784 3282 uatum
802 3235 833 3284 ad
864 3250 967 3299 quorum
985 3234 1052 3289 alter,
1068 3234 1119 3297 jam
1136 3247 1203 3298 pano
1220 3231 1306 3287 victus,
1324 3230 1426 3279 alterum

283 3302 362 3343 entem
376 3294 459 3343 missos
475 3306 609 3355 necaverat,
621 3299 671 3347 inte
691 3298 768 3347 ecissa
779 3314 832 3363 per·
866 3298 912 3347 'arn
932 3314 999 3364 paene
1011 3299 1122 3346 victorem
1134 3306 1158 3345 et
1170 3294 1269 3360 integris
1279 3294 1356 3343 adbuc
1368 3294 1425 3342 riri-

274 3355 376 3413 bibetnr,
396 3359 500 3432 suaviter
514 3370 607 3409 enarrat
626 3363 699 3411 Ouid.
715 3364 778 3411 Met.
797 3362 832 3419 iii,
862 3315 920 3419 bus,
932 3378 1017 3426 magna
1029 3360 1164 3410 cumlaude
1174 3358 1307 3425 prosternit.
1336 3358 1426 3407 Proelia

273 3419 370 3485 25sqq.
398 3421 832 3492 Edenubnshu'usserpentis,quo·
864 3428 1000 3490 conjugibus
1014 3428 1134 3499 loquenda,
1149 3423 1207 3473 lue.
1222 3438 1336 3473 cuorum
1352 3422 1424 3470 mari·

273 3442 833 3603 tttllllllttlltttltltt
864 3487 1424 3603 llll.tllll¹ttulttll⁰²llltl¹t

271 3613 353 3670 sparti,
365 3566 545 3677 meusimvid.
555 3616 635 3679 Heyn.
647 3616 678 3665 ad
689 3592 831 3681 Apollodori
864 3620 905 3673 29,
917 3626 942 3667 et
957 3620 1092 3681 conjuginm
1108 3616 1139 3665 de
1154 3616 1269 3665 uxoribus
1285 3629 1366 3663 eorum
1381 3630 1423 3662 ac·

271 3688 296 3736 p.
314 3674 362 3722 454
380 3678 455 3739 (quos
474 3677 582 3743 apposite
599 3679 713 3728 Horatius
730 3692 832 3729 menstra
863 3682 965 3747 cipiunt,
977 3680 1028 3745 qui,
1041 3696 1096 3729 cum
1108 3680 1209 3729 vietmm
1219 3696 1233 3728 e
1245 3679 1307 3728 bello
1324 3676 1423 3725 domum

271 3737 399 3811 wilti),
420 3742 528 3814 prognati
550 3756 610 3797 esse,
628 3742 671 3791 sed
691 3758 755 3799 mox,
776 3760 831 3793 cum
864 3746 984 3801 redierint,
995 3744 1081 3809 proelia
1090 3760 1134 3792 sua
1144 3744 1174 3792 iis
1188 3751 1307 3792 enarrent.
1335 3744 1421 3803 Super·

271 3800 388 3849 hostiliter
416 3812 495 3851 statim
517 3804 619 3853 invicem
648 3822 673 3855 se
697 3808 830 3871 petiissent,
864 3812 908 3867 bos,
925 3824 981 3858 oum
997 3808 1118 3873 superbia,
1131 3808 1255 3856 Romanos
1269 3806 1344 3856 rictus
1360 3821 1422 3863 mse,

270 3864 360 3939 mutuis
369 3865 517 3925 vulneribus,
524 3869 632 3933 quinque
641 3879 735 3919 tantum
747 3888 831 3937 snper·
864 3873 1006 3933 nisurum
1024 3871 1142 3983 qjusmodi
1153 3871 1252 3920 nuntius
1295 3878 1317 3918 st
1327 3868 1421 3917 cladem

268 3929 372 3987 slrtrbus,
399 3946 414 3979 e
440 3932 528 3995 quibus
554 3934 600 3981 luit
627 3934 721 3984 Eebion
751 3936 831 3999 (unde
863 3938 1015 3986 Cannensem
1041 3937 1075 3985 uit
1089 3937 1117 3983 M
1166 3932 1419 3992 ,Hamicarisliliusz

270 3993 386 4042 Echionia
399 3994 500 4057 Tute),
513 3998 611 4063 periisse
625 3999 757 4048 traduntur.
791 4000 829 4049 Si·
864 4000 912 4049 vid.
926 4000 979 4049 Liv.
992 3999 1059 4057 xxiii,
1074 4002 1112 4048 ll.
1160 4003 1215 4047 ostri
1226 3996 1422 4061 nominis,gentis

268 4057 335 4106 milia
354 4067 457 4107 monstra
480 4069 541 4111 terra
564 4063 682 4113 Colchica
701 4067 827 4113 subruisirss
861 4076 954 4113 nostra.
983 4065 1028 4111 Nil
1038 4065 1142 4111 Claudia
1150 4080 1194 4111 uon
1202 4063 1319 4126 perficient
1329 4076 1420 4117 nanus,

268 4122 348 4179 lertm,
371 4132 396 4172 el
417 4124 514 4197 quidem
543 4143 584 4191 per
607 4130 731 4186 iasonem,
755 4144 827 4192 quem
861 4128 1099 4177 b.e.aC.Claudii
1118 4128 1222 4177 Neronis
1238 4134 1309 4189 gente
1325 4140 1421 4188 sperare

267 4184 381 4235 donatam
391 4187 437 4235 sibl
449 4203 463 4235 a
473 4190 587 4239 Minerva
600 4192 699 4241 alteram
709 4192 826 4257 serpentis
859 4192 940 4240 Roma
958 4199 1034 4257 potest
1052 4192 1146 4249 omnia;
1163 4207 1205 4255 per
1213 4206 1293 4237 munus
1307 4190 1420 4237 Claudias

266 4250 333 4299 illius
354 4266 375 4326 a·
391 4251 484 4301 Cadmo
509 4254 583 4303 erebi
604 4255 712 4331 dentium
735 4266 825 4320 partem
859 4256 971 4369 intelligit
988 4255 1098 4329 simulC.
1111 4254 1208 4329 Claudii
1223 4252 1325 4303 Neronis
1339 4260 1420 4317 poste-

266 4329 350 4429 tlt.
366 4320 825 4442 llffillaf‘l‘iiiu.”ilit‘ililil'
858 4336 915 4442 tt,
944 4315 1421 4449 transtretantes

264 4446 465 4508 sqqsotnum.
480 4446 826 4513 Sadnntm,quodeleganter
859 4448 959 4498 Rhaetos
981 4464 1007 4497 se
1032 4448 1171 4512 praebuerat,
1195 4446 1338 4495 vaticinatus
1366 4460 1420 4495 esse

265 4506 329 4573 apud
351 4510 449 4562 nuent.
468 4510 486 4567 i,
508 4512 532 4569 t,
556 4518 580 4561 et
602 4512 659 4561 alibi
683 4512 733 4578 (uti
759 4512 825 4578 apud
857 4514 963 4578 fingitur,
976 4528 1024 4579 quo
1040 4511 1101 4561 nihil
1115 4510 1210 4561 sanein
1228 4509 1302 4561 Dmsi
1320 4507 1419 4559 laudern

1567 4343 1569 4408 l
