3150 5200
597 345 760 414 LIBER
783 344 812 425 l,
835 347 866 410 2.

243 500 486 566 Libertinarum
502 498 587 575 dico,
605 497 779 562 Sallustius
795 499 829 560 in
844 519 925 580 quos

242 601 322 666 Non
336 601 443 664 minus
459 599 589 676 insanit,
605 621 702 682 quarn
716 601 773 683 qui
786 597 980 662 moechatur.
1026 596 1074 661 At
1088 597 1141 662 hie
1157 599 1184 660 si

177 701 219 764 50
242 701 320 776 Qua
332 722 396 777 res,
413 722 479 783 qua
493 701 577 765 ratio
593 701 757 777 suaderet,
773 722 904 783 quaque
918 699 1066 764 modeste

241 802 404 867 Muniiico
418 823 491 867 esse
506 802 593 880 licet,
610 801 706 866 vellet
720 803 828 866 bonus
843 812 942 884 atque
956 801 1117 884 benignus

242 903 346 981 Esse,
371 904 465 968 deret
478 913 635 986 quantum
651 903 730 967 satis
745 914 844 980 esset,
859 925 920 967 nec
936 904 999 967 sibi
1013 903 1131 967 damno

241 1003 473 1088 Dedecorique
487 1003 589 1082 foret;
613 1026 724 1068 verum
739 1004 802 1069 boc
816 1027 852 1069 se
867 1004 1073 1088 amplectitur
1087 1025 1164 1079 uno,

242 1105 317 1170 Hoc
333 1116 429 1182 amat,
444 1105 508 1171 hoc
523 1105 653 1169 laudat:
678 1104 866 1170 Matronam
880 1104 1001 1169 nullam
1015 1127 1078 1190 ego
1093 1115 1202 1189 tango.

178 1206 221 1269 55
243 1205 290 1270 Ut
305 1207 470 1295 quondam
486 1205 660 1284 Marsaeus,
677 1218 802 1270 amator
816 1205 965 1290 Originis
979 1205 1045 1282 ille,

243 1306 311 1381 Qui
325 1309 467 1392 patrium
482 1308 586 1372 mimae
602 1308 703 1372 donat
718 1307 921 1392 fundumque
935 1308 1113 1393 laremque,

241 1408 301 1473 Nil
316 1407 414 1472 fuerit
428 1407 482 1486 mi,
499 1409 614 1492 inquit,
631 1430 704 1474 cum
719 1411 879 1474 uxoribus
894 1432 1037 1494 unquam
1051 1410 1175 1475 alienis.

242 1509 368 1574 Verum
382 1521 434 1574 est
446 1532 520 1575 cum
534 1512 651 1586 mimis,
667 1521 717 1575 est
733 1533 807 1576 cum
821 1513 1060 1589 meretricibus,
1076 1512 1165 1576 unde

241 1610 341 1674 Fama
354 1611 472 1675 malum
486 1613 629 1696 gravius,
646 1633 743 1695 quam
758 1633 811 1676 res
825 1612 937 1676 trahit.
983 1612 1040 1677 An
1055 1613 1116 1676 tibi
1131 1614 1262 1678 abunde

175 1713 220 1775 60
243 1711 421 1776 Personam
436 1712 515 1776 satis
531 1723 592 1790 est,
609 1735 675 1777 non
689 1712 782 1791 illud,
799 1715 961 1797 quidquid
975 1716 1098 1799 ubique

241 1812 365 1890 Officit,
381 1813 525 1878 evitare?
571 1813 698 1879 Bonam
714 1814 896 1898 deperdere
911 1815 1040 1892 famam,

241 1913 326 1980 Rem
340 1916 442 1999 patris
458 1915 624 1994 oblimare,
640 1913 759 1979 malum
773 1927 825 1980 est
839 1918 1047 2001 ubicumque.
1093 1917 1185 1990 Quid
1206 1917 1305 1981 inter-

241 2016 316 2094 Est,
331 2019 365 2081 in
379 2028 537 2094 matrona,
553 2017 669 2082 ancilla
683 2039 844 2102 peccesne
858 2021 991 2102 togata?

240 2117 359 2183 Villius
374 2121 406 2184 in
421 2119 545 2184 Fausta
560 2118 660 2184 Sullae
676 2141 787 2204 gener,
804 2118 867 2183 hoc
882 2121 980 2184 miser
995 2142 1061 2185 uno

173 2219 217 2283 65
238 2218 381 2285 Nomine
396 2221 566 2304 deceptus,
582 2243 697 2305 poenas
713 2220 925 2305 deditusque
942 2245 1106 2307 superque

151 2389 199 2421 rem
219 2387 304 2418 omnem
322 2381 345 2419 er
364 2374 435 2420 uitam
452 2381 475 2419 et
490 2388 542 2419 cum
560 2387 652 2434 corpore
664 2371 709 2436 fu·
775 2375 818 2420 55.
835 2372 956 2434 Originis:
971 2372 1068 2420 iuerunt
1081 2372 1125 2420 ille
1136 2381 1241 2436 tempore
1251 2373 1303 2422 Ro·

152 2453 223 2484 mem.
743 2451 788 2483 mu
800 2443 848 2484 tres
858 2434 1013 2483 nobilissimis
1029 2437 1108 2484 mimo
1117 2446 1143 2485 et
1153 2437 1302 2486 meretrices:

185 2501 227 2548 44.
244 2499 430 2554 Perminsemnt,
450 2499 608 2562 pudicarum.
642 2499 709 2548 Calo·
743 2498 827 2562 Origo,
844 2498 948 2548 Citheris
965 2500 1029 2562 (sive
1044 2499 1198 2560 Licoris),et
1211 2501 1303 2550 Arbus-

150 2563 354 2677 tulllius*
372 2561 632 2677 lutfridi
647 2563 710 2693 {ll
744 2562 816 2677 “ulii
834 2562 1088 2692 diffiniit·
1100 2563 1155 2614 ³⁰¹·
1167 2581 1191 2623 ¹'
1203 2565 1230 2615 ²·

150 2666 218 2749 bant',
242 2708 304 2756 quas
333 2644 413 2742 Grldsei
439 2644 505 2741 adua
526 2702 622 2741 vocant.
664 2693 713 2743 Sed
777 2694 821 2741 60.
838 2693 876 2739 An
887 2695 930 2741 tibi
940 2695 1033 2741 abunde
1048 2693 1180 2751 Personam,
1192 2702 1251 2743 cett.
1261 2696 1304 2760 qui

151 2756 213 2805 inter
224 2771 304 2805 servos
313 2755 455 2805 ἁοιιιωιὶοοι
467 2770 562 2821 quoque
574 2757 600 2813 ii,
612 2756 654 2821 qui
666 2756 711 2821 lig-
744 2756 989 2820 mammisque
1006 2771 1105 2823 peccare
1121 2758 1205 2822 possit,
1220 2760 1303 2816 evitat,

151 2835 182 2868 no
194 2819 290 2870 serendo
299 2828 323 2870 et
333 2819 386 2869 aliis
396 2819 532 2869 ministeriis
544 2820 711 2869 humilioribus
744 2827 768 2869 at
784 2820 811 2869 in
827 2820 946 2878 libertina,
958 2836 1032 2886 quarn
1048 2828 1161 2879 neuim,
1252 2824 1304 2881 t,is

150 2884 333 2939 adhibebantur,
353 2883 467 2959 appellati
487 2892 544 2933 snut
566 2886 662 2941 minna,
683 2894 711 2934 ut
743 2898 792 2932 non
812 2900 861 2933 rem
882 2884 969 2949 ipsam,
987 2901 1036 2935 non
1053 2883 1113 2933 illud
1130 2902 1164 2950 qn
1213 2888 1304 2953 ubique

150 2946 521 3005 hoclocoetsat.1,6,10³,n
538 2948 579 2997 ist.
590 2949 607 3004 i,
619 2952 658 3005 14,
669 2951 710 2997 42.
742 2947 830 2997 damno
841 2957 865 2997 et
876 2948 986 2998 dedecori
997 2959 1042 3006 est,
1054 2948 1097 2999 sed
1113 2964 1238 3014 pereum
1250 2960 1303 3001 tan-

182 3013 224 3061 45.
241 3012 302 3061 Jure
312 3029 400 3061 omnes:
415 3026 499 3061 omnes
515 2966 540 3061 il
555 3012 643 3061 iactum
656 3029 709 3063 esse
742 3011 889 3068 temeritas,
903 3028 1010 3078 persone
1025 3021 1128 3068 mutum,
1141 3030 1190 3062 non
1205 3015 1238 3064 rei
1253 3015 1303 3064 dis-

151 3074 202 3125 'ure
217 3075 324 3133 aiebant,
342 3074 385 3125 red
402 3076 479 3123 Galle
495 3077 607 3139 negabat.
646 3078 707 3127 Gal·
741 3077 833 3125 crimen
844 3076 911 3126 lacit.
936 3078 1112 3138 Perpennam
1124 3076 1175 3140 jam
1191 3077 1302 3144 designa-

146 3091 454 3254 ιιιῃι..
468 3140 709 3255 sustuleru
740 3143 1302 3255 rnurrsrrmrruau

150 3239 709 3397 rusurrruuurlrm.
740 3220 1304 3397 periurissimum

150 3410 204 3452 nas,
215 3412 270 3460 qua
281 3410 386 3471 corpore,
397 3404 512 3461 tauquam
527 3411 604 3445 merce
619 3398 709 3461 aliqua,
743 3395 871 3453 obducere,
889 3396 914 3444 in
931 3397 1015 3445 limum
1032 3406 1166 3447 etcoenum
1180 3398 1249 3464 qnasi
1260 3400 1302 3448 ab·

148 3460 380 3524 questumiacrunt:
399 3460 527 3509 hincm
538 3476 562 3509 v.
574 3462 606 3508 83
622 3460 652 3511 de
668 3476 709 3511 rs·
739 3458 824 3522 jicere,
847 3460 883 3508 uti
904 3460 951 3509 lere
971 3464 1104 3525 dilapidare
1129 3478 1181 3526 pm,
1204 3464 1304 3529 turpiter

150 3524 379 3573 nnstatisetlormu
391 3524 524 3573 lenociniis.
742 3523 894 3587 profundere.

181 3588 222 3637 fl.
239 3589 373 3645 Sallenites,
392 3587 465 3645 idem,
483 3596 511 3636 ut
529 3587 629 3643 videtur,
642 3586 708 3636 cr'u·
774 3590 817 3636 62.
834 3590 898 3642 Quid
913 3591 1018 3647 interest,
1033 3597 1091 3639 cett.
1123 3590 1187 3654 Ergo
1198 3607 1302 3657 pecces;

149 3666 194 3717 pus
212 3652 351 3707 Sallustius,
369 3652 400 3701 ad
419 3666 490 3726 quem
507 3650 596 3716 scripta
610 3660 647 3701 est
659 3651 708 3701 Od.
743 3667 799 3699 nam
816 3651 900 3701 eodem
916 3651 986 3710 redit,
1002 3662 1082 3703 utrum
1100 3652 1126 3701 in
1147 3664 1256 3705 matrona
1271 3672 1303 3707 an

149 3716 256 3765 secunda
272 3714 327 3764 libri
338 3716 446 3771 secundi,
462 3715 504 3765 ubi
517 3714 566 3765 rid.
584 3730 709 3789 argumen-
744 3715 769 3763 in
781 3716 871 3765 ancilla
883 3731 978 3781 peccea

149 3787 209 3828 lum.
243 3780 711 3843 lnquosNouminurinaeuit‚rnquas
776 3780 817 3828 63.
835 3782 930 3828 Ancilla
941 3790 1028 3843 togata,
1037 3777 1158 3840 libertina,
1169 3781 1219 3839 cui,
1231 3792 1304 3833 antee

148 3842 602 3895 nonminorslrbrdrnrsiurorelertur.
743 3842 849 3899 ancillas,
873 3858 938 3892 nunc
961 3851 1041 3907 togam
1062 3844 1155 3908 pullam
1182 3862 1212 3895 ex
1239 3862 1304 3897 more

180 3909 221 3957 51.
244 3908 368 3971 Munifico,
388 3922 440 3972 pro,
452 3906 610 3957 munificum:
629 3907 661 3955 ci.
680 3908 711 3957 ad
743 3906 894 3955 meretricum
905 3914 997 3968 gestare
1007 3906 1105 3956 licebat.

151 3974 202 4021 Sat.
215 3972 233 4029 i,
246 3973 269 4027 1.
284 3972 323 4021 19.
351 3972 488 4036 Benigmu:
499 3970 531 4019 ci.
544 3986 597 4036 sup.
609 3969 641 4019 ad
650 3985 674 4019 v.
684 3972 710 4019 4.
775 3972 817 4019 64.
837 3970 922 4017 Villius
931 3972 958 4018 is
969 3971 1067 4029 Fausta,
1076 3978 1134 4020 cett.
1143 3986 1192 4018 non
1202 3970 1302 4029 Villius,

180 4038 220 4085 52.
238 4036 338 4091 Damno,
356 4036 476 4101 perdendo
492 4036 570 4085 bona:
598 4036 709 4091 dedecori,
742 4033 785 4083 sed
805 4035 836 4083 Τ.
856 4032 953 4082 Annius
972 4033 1045 4089 Milo,
1063 4048 1094 4082 ex
1112 4033 1228 4083 Cicerone
1244 4036 1304 4085 satis

148 4098 268 4165 perdendo
278 4099 368 4148 bonam
378 4098 475 4148 famarm
743 4105 823 4155 notus,
838 4097 935 4145 renate
947 4097 1055 4153 maritus,
1066 4104 1092 4147 et
1106 4096 1206 4163 proinde
1217 4099 1302 4157 Sulla,

180 4166 220 4221 53,
239 4166 281 4211 54.
304 4164 353 4212 Hoc
371 4180 395 4212 te
418 4165 566 4226 amplectitur
588 4180 643 4219 uno,
665 4163 710 4211 hoc
740 4160 817 4236 patris
834 4160 940 4216 Faustin,
960 4176 1031 4224 gener
1048 4160 1102 4209 mit.
1135 4160 1182 4209 Sed
1201 4160 1303 4220 Villius,

147 4242 196 4275 uno
216 4227 326 4276 lrbrdmrs
340 4220 433 4291 'genere
458 4227 504 4276 sibi
527 4227 615 4292 placet.
658 4227 708 4275 Hoc
740 4226 802 4298 idem
815 4224 914 4273 fortasse
924 4226 1012 4298 Sextus
1023 4223 1205 4298 Villius,·qnem
1218 4226 1303 4276 Cicero

146 4302 218 4349 emet,
232 4289 289 4341 huic
304 4290 346 4339 uni
361 4291 469 4340 libidinis
484 4290 565 4354 generi
580 4290 691 4354 indulget
701 4308 707 4350 ;
741 4290 834 4353 (Epist.
845 4288 876 4337 ed
887 4289 956 4337 Fam.
970 4306 997 4345 n,
1009 4290 1040 4353 6)
1052 4289 1082 4337 ad
1096 4289 1198 4337 Milonis
1213 4288 1303 4339 amieos

145 4356 186 4405 loc
204 4357 296 4413 undar,
313 4356 359 4403 boc
371 4372 446 4404 unum
458 4354 565 4403 libidinis
577 4369 653 4419 genus
665 4370 706 4404 ex·
740 4354 819 4408 relert,
830 4367 886 4401 cnm
901 4360 965 4401 esset
978 4370 1042 4402 unus
1063 4352 1222 4402 adulterorum
1242 4370 1303 4418 quos

144 4419 217 4474 tollit,
241 4420 300 4467 dura
326 4420 369 4477 ait,
394 4420 530 4467 Mutronum
556 4421 647 4468 nulum
668 4436 709 4482 ego
743 4420 841 4473 Fausta,
858 4416 943 4465 mulier
957 4416 1094 4474 libidinosa,
1106 4416 1230 4466 admittere
1241 4418 1302 4468 sole·

147 4494 227 4547 tango.
741 4484 793 4537 bat,
807 4498 879 4545 gener
897 4480 1072 4545 quodammodo
1090 4481 1173 4537 Sullae,
1190 4482 1233 4545 qui
1249 4483 1304 4548 ejus
