3150 5200
307 332 372 397 4:30
724 336 1049 402 SATIRARUM

395 488 590 555 Mazonomo
605 492 700 575 pueri
715 513 832 575 magno
847 491 1014 575 discerpta
1027 489 1171 555 ferentes

394 589 545 656 Membra
561 594 663 678 gruis,
680 594 785 677 aspari
802 592 868 656 sale
883 592 985 657 multo
1000 615 1066 656 non
1081 593 1151 655 sine
1166 592 1270 671 farre3

393 691 577 778 Pinguibus
592 707 627 760 et
641 695 713 761 ficis
728 705 859 779 pastum
870 696 966 778 jecur
980 694 1106 758 anseris
1121 694 1223 770 albae3

393 792 440 858 Et
455 795 602 881 leporum
618 796 759 873 avulsos,
775 806 813 859 ut
826 795 929 860 multo
945 796 1089 874 suavius,
1104 818 1223 872 armos,

328 894 371 957 90
394 895 503 969 Quam
518 898 545 961 si
559 920 633 963 cum
647 898 766 963 lumbis
780 899 855 981 quis
870 898 958 975 edit3
981 908 1050 962 tum
1065 909 1199 983 pectore
1214 897 1334 961 adusto

393 997 545 1063 Vidimus
561 1010 595 1064 et
610 1000 749 1065 merulas
764 1000 844 1084 poni
858 1008 892 1063 et
908 1000 977 1063 sine
992 1000 1088 1064 clune
1102 998 1291 1083 palumbes3

394 1099 518 1165 Suaves
533 1123 599 1179 res,
616 1104 644 1166 si
659 1125 724 1167 non
737 1124 854 1166 causas
867 1111 1014 1165 narraret
1029 1122 1140 1165 earum
1154 1110 1188 1163 et

392 1200 539 1266 Naturas
556 1204 722 1282 dominus;
748 1225 846 1287 quem
859 1225 920 1266 nos
936 1204 982 1266 sic
996 1201 1138 1286 fugimus
1153 1200 1226 1277 ulti,

393 1303 442 1368 Ut
456 1303 536 1368 nibil
551 1306 682 1370 omnino
696 1315 914 1389 gustaremus,
929 1303 1018 1369 velut
1030 1303 1092 1368 illis

328 1405 372 1468 95
393 1404 531 1469 Canidia
545 1406 688 1471 afflasset
702 1410 796 1492 pejor
812 1407 1019 1489 serpentibus
1035 1403 1137 1470 Afris.

306 1593 418 1647 dividere,
438 1593 508 1641 modo
527 1594 583 1642 huic
602 1595 672 1643 modo
693 1593 734 1642 alii
758 1593 868 1642 osculum
933 1594 975 1642 88.
993 1592 1055 1641 Finis
1064 1601 1163 1654 pastum
1175 1588 1212 1651 ἦπ
1256 1591 1379 1642 cveordv.
1398 1592 1465 1640 Cum

305 1655 369 1709 dare.
383 1664 408 1704 et
424 1674 491 1733 ouras
508 1660 613 1736 dividere,
627 1656 690 1736 apud
699 1656 803 1735 ¹Catuli.
815 1655 868 1712 lxii,
899 1658 951 1769 im
963 1656 1020 1704 olim
1031 1656 1121 1705 anseris
1129 1655 1198 1730 jecur
1249 1655 1394 1704 lautissimas
1403 1670 1464 1721 epu·

308 1721 347 1774 1⁵,
361 1718 466 1769 Noscito
477 1724 842 1779 merumolwdwmmusoares.
912 1737 939 1769 aa
961 1721 1094 1776 referretur,
1116 1722 1174 1768 obm
1213 1734 1292 1793 noque
1311 1734 1415 1776 ames,
1437 1729 1466 1768 ut

339 1786 380 1833 8³.
410 1784 512 1834 Ridetur
526 1787 593 1850 fictir
614 1803 701 1842 emim,
726 1802 776 1851 pro,
799 1786 870 1834 rebus
903 1800 968 1833 nunc
988 1784 1047 1833 varii
1069 1784 1161 1850 generis
1182 1784 1205 1831 ci
1222 1799 1252 1839 rs,
1272 1783 1359 1848 quibus
1381 1800 1465 1832 eorum
1566 1805 1567 1818 ¹

305 1848 383 1905 dctis;
399 1848 458 1898 dum
477 1851 584 1900 convivas
604 1848 635 1900 de
653 1866 723 1899 avaro
745 1858 770 1899 et
789 1849 869 1914 inepto
899 1849 981 1915 jecora
1009 1858 1058 1897 tam
1083 1846 1208 1913 grandiora
1233 1863 1307 1911 quam
1355 1847 1467 1911 ingirion

306 1912 454 1962 convivatura
469 1914 531 1963 risus
549 1914 645 1971 tollunt,
657 1914 716 1963 alias
732 1928 827 1971 causas,
839 1930 869 1963 ex
901 1913 1062 1969 redderentur,
1078 1912 1145 1987 pasci
1162 1912 1285 1961 solebant:
1301 1865 1355 1960 vid
1369 1912 1467 1961 Nicias.

305 1976 395 2040 quibus
403 1976 504 2034 rideant,
513 1979 615 2041 fingunt.
628 1978 755 2027 Balatrone
762 1982 868 2036 accido,
902 1977 933 2025 ad
945 1978 998 2027 Geo
1030 1993 1054 2024 n.
1066 1992 1114 2031 nv,
1125 1977 1167 2034 22,
1179 1991 1203 2040 p.
1216 1977 1288 2024 1023.

306 2039 601 2154 adspiranteadipuvaute.
934 2044 976 2091 89.
1086 2057 1228 2088 rea-omos:
1243 2040 1277 2089 cl.
1291 2056 1348 2106 sup.
1361 2039 1393 2089 ad
1410 2041 1466 2091 sat.

338 2106 380 2156 85.
403 2107 460 2154 Arte
506 2109 655 2155 mandaturos
669 2108 811 2173 fortunam:
834 2107 869 2155 sic
902 2106 928 2163 ii,
941 2108 966 2161 4,
979 2107 1019 2153 44.

306 2169 371 2234 apud
393 2170 541 2229 Terentium,
566 2186 581 2218 a
605 2173 713 2221 Gesnero
735 2170 869 2228 laudatum,
934 2171 976 2219 92.
1005 2169 1031 2215 Si
1052 2185 1097 2216 non
1119 2185 1208 2225 musae,
1230 2178 1287 2218 cett.
1310 2168 1372 2217 nibil
1398 2168 1464 2217 enirn

307 2234 412 2299 Adelph.
432 2235 465 2293 iv,
490 2236 514 2291 7,
533 2236 574 2291 23,
594 2246 646 2284 orte
665 2238 791 2299 corrigere,
811 2240 871 2299 qaod
903 2233 1021 2298 ejusmodi
1039 2247 1101 2281 vano
1117 2240 1143 2281 et
1159 2247 1230 2281 avaro
1247 2233 1409 2290 convivatore,
1426 2232 1465 2282 ci·

306 2299 467 2363 ceciditforte,
480 2300 598 2349 sc.male.
903 2300 987 2347 borum
1014 2296 1139 2360 originem,
1167 2298 1279 2363 pretium,
1301 2306 1326 2347 et
1354 2306 1465 2347 natumn

339 2364 380 2411 96.
398 2362 537 2418 Moronomo,
549 2364 619 2414 lance
637 2362 769 2429 grandiore,
782 2362 808 2411 in
823 2380 872 2429 qua
904 2361 1034 2411 identidem
1049 2361 1195 2426 explicante,
1208 2361 1331 2411 molestius
1341 2370 1414 2426 atque
1424 2360 1464 2410 in·

307 2440 356 2475 non
378 2434 471 2474 tautum
490 2426 565 2491 μάζα,
584 2429 625 2477 sed
644 2429 716 2477 etiam
735 2427 788 2476 alia
809 2444 871 2478 esce
905 2425 1062 2476 tolerabilius.

307 2497 375 2538 toste
385 2488 492 2547 elixave,
502 2500 529 2541 ut
540 2492 565 2540 in
573 2493 618 2541 boc
630 2492 693 2549 loco,
702 2491 871 2541 afferebantur.
936 2493 978 2549 94,
988 2492 1029 2539 95.
1047 2489 1108 2545 Illis,
1121 2488 1235 2555 appositis
1249 2488 1318 2537 cibis.
1353 2489 1465 2545 cannia,

340 2554 380 2602 87.
399 2553 450 2602 Non
468 2558 517 2603 sirie
551 2573 618 2605 erre:
638 2572 681 2623 per
696 2556 743 2624 sar
760 2556 871 2623 equidem
904 2554 962 2604 satis
979 2562 1036 2605 nota
1056 2570 1086 2605 ex
1105 2555 1156 2603 Sat.
1176 2555 1194 2612 i,
1212 2555 1237 2612 8,
1255 2562 1281 2604 et
1300 2552 1377 2620 Epod.
1397 2555 1414 2602 5
1438 2562 1467 2603 et

307 2633 356 2666 non
374 2617 483 2676 farinam,
556 2620 661 2669 minutas
678 2620 794 2686 panisar
811 2621 872 2670 iarre
905 2622 944 2668 17.
977 2619 1091 2683 Affloseet,
1111 2635 1146 2668 sc.
1164 2635 1290 2670 venenum·
1328 2620 1406 2681 Peior,
1421 2633 1465 2668 ve-

307 2681 369 2730 cocti
380 2681 511 2746 particulas
523 2684 589 2748 (noa,
599 2687 729 2750 geriebenes
742 2685 807 2735 Brod
818 2689 873 2736 oder
904 2685 1021 2734 nenaticr.

307 2745 418 2810 Senmet)
431 2747 597 2798 intellexerim.
