3150 5200
723 350 1019 421 CARMINUM

508 508 676 574 Perfidum
691 509 774 573 votis
790 517 901 592 caput,
916 507 1067 571 enitescis

506 609 679 675 Pulchrior
692 610 805 687 multo,
818 610 1038 693 juvenumque
1053 609 1167 692 prodis

810 710 947 774 Publica
962 732 1050 774 cura.

508 814 667 899 Expedit,
683 813 795 877 matris
810 812 935 876 cineres
950 821 1082 895 opertos

445 918 486 980 10
507 916 644 993 Fallere,
661 926 694 979 et
710 923 779 978 toto
795 914 956 978 taciturna
969 913 1073 976 noctis

509 1018 610 1103 Signa
625 1039 698 1081 cum
711 1015 806 1092 ooelo,
818 1014 992 1099 gelidaque
1007 1012 1112 1077 Divos

810 1116 920 1181 Morte
934 1126 1093 1180 carentes.

508 1218 611 1284 Ridet
624 1219 699 1297 hoc,
715 1220 858 1303 inquam,
872 1217 987 1283 Venus
1002 1218 1084 1303 ipsa,
1100 1218 1208 1283 rident

507 1320 676 1405 Simplices
693 1320 868 1404 Nymphae,
884 1318 973 1384 ferus
988 1331 1022 1383 et
1037 1320 1180 1405 Cupido,

445 1424 485 1487 15
507 1422 644 1506 Semper
658 1423 811 1486 ardentes
827 1442 947 1486 acuens
962 1423 1098 1506 sagittas

811 1523 894 1588 Cote
909 1534 1053 1589 cruenta.

508 1625 618 1704 Adde,
634 1627 723 1709 quod
739 1624 844 1709 pubes
860 1625 920 1689 tibi
935 1626 1057 1690 crescit
1067 1627 1182 1702 omnis,

510 1728 657 1792 Servitus
673 1729 791 1793 crescit
805 1749 906 1805 nova3
929 1749 989 1792 nec
1003 1729 1129 1811 priores

508 1830 620 1915 lmpiae
636 1840 757 1895 tectum
772 1829 911 1893 dominae
925 1829 1113 1912 relinquunt

442 1933 486 1995 20
811 1930 906 2014 Saepe
921 1932 1043 1996 minati.

506 2033 557 2098 Te
574 2036 640 2099 suis
656 2044 775 2098 matres
790 2042 939 2097 metuunt
949 2034 1109 2119 juvencis,

290 2224 371 2274 statim
394 2239 475 2274 euram
499 2222 534 2272 tui
557 2222 606 2273 sive
627 2222 713 2272 amoris
731 2222 852 2271 flammam
883 2236 908 2295 p.
923 2222 980 2270 499.
1013 2221 1110 2284 Sagitta
1126 2220 1239 2271 dicuntur
1254 2221 1368 2278 ardentes,
1386 2219 1446 2285 quis

291 2290 371 2338 animo
381 2288 530 2355 concipiant3
548 2287 640 2336 scilicet
649 2286 853 2348 paelloedicuntur
882 2300 971 2398 ιῖςιιοιιι,
987 2300 1035 2349 quo
1054 2286 1152 2335 imbuta
1168 2294 1233 2342 sunt,
1246 2285 1346 2349 spirant.
1379 2286 1445 2340 Τόζιι

290 2371 360 2409 cure,
372 2354 430 2418 quia
442 2366 511 2400 curas
522 2351 643 2415 injiciunt.
676 2351 725 2407 Sic,
736 2360 764 2399 ut
775 2366 852 2399 unum
896 2368 914 2413 μ

291 2418 376 2465 saltem
390 2432 419 2463 cx
434 2414 516 2463 multis
531 2429 618 2479 ponem
633 2414 779 2479 exemplum,
792 2417 851 2463 Pro·
883 2413 916 2461 cl.
928 2415 968 2463 cl.
980 2414 1081 2462 Mitsch.
1112 2416 1220 2462 Aeaeae:
1237 2413 1271 2461 sic
1282 2430 1297 2461 a
1313 2413 1347 2461 ud
1358 2413 1444 2462 Philo·

290 2488 351 2545 pert.
361 2479 387 2537 ii,
400 2481 440 2537 25,
455 2480 477 2535 l,
493 2478 623 2542 Cynthium
636 2493 705 2525 suam
719 2480 850 2539 pulcherri-
883 2476 979 2526 demum
991 2479 1037 2543 Ep.
1047 2494 1087 2535 xv,
1097 2480 1122 2537 3,
1133 2478 1159 2526 in
1170 2478 1271 2526 Antbol.
1307 2494 1363 2526 nec.
1373 2479 1405 2526 T.
1418 2477 1445 2535 ii,

290 2560 349 2591 mam
360 2560 448 2600 σιιιιιιιι,
461 2544 583 2590 dolorleao
594 2552 680 2600 natam,
693 2541 808 2608 appellat.
878 2558 908 2624 p.
920 2543 961 2599 74,
972 2541 1043 2593 Ἀλλ’
1053 2541 1101 2604 ἤδη
1118 2544 1163 2592 θοὰ
1179 2542 1240 2598 τόξα
1256 2539 1306 2591 selon
1321 2540 1445 2616 llr'ryovmv

323 2609 414 2657 9-12.
440 2608 526 2655 Matris
548 2610 633 2655 cirtem
648 2617 733 2668 opertae
750 2607 850 2664 Fallere,
891 2613 994 2671 Ερωτις.
1019 2608 1192 2657 Coteeruenta:
1208 2606 1287 2671 cogita
1298 2607 1445 2670 Cupidinem

290 2671 351 2720 laiso
367 2671 449 2735 jurare
466 2686 508 2736 per
523 2670 632 2719 conditos
648 2671 730 2719 matris
745 2670 849 2720 cineres:
883 2671 982 2734 sagittas
1004 2687 1089 2720 acuere
1108 2673 1215 2727 obtusas,
1232 2680 1257 2719 et
1273 2670 1399 2733 sanguine,
1419 2671 1445 2719 in

291 2735 321 2784 de
344 2751 408 2784 more
429 2749 470 2800 per
486 2743 611 2802 parentum
630 2750 685 2783 ossa
698 2733 797 2800 jurandi
816 2736 849 2784 cl.
882 2745 959 2784 cotem
978 2735 1122 2794 destillante,
1138 2736 1218 2785 adbuc
1237 2733 1375 2793 madentes,
1398 2735 1445 2783 nisi

291 2801 400 2864 Propert.
412 2799 438 2855 ii,
452 2801 490 2856 16,
504 2801 543 2856 15,
555 2799 623 2848 stibi
636 2800 770 2848 Burmann.
802 2800 850 2848 Pe·
882 2811 1000 2857 emittar,
1018 2808 1046 2846 ut
1064 2817 1127 2866 saepe
1145 2800 1212 2855 alibi,
1229 2799 1280 2864 jam
1299 2806 1443 2858 estserae,

288 2863 395 2929 jerantes
410 2863 483 2938 igitur
493 2879 535 2930 per
545 2879 604 2920 rem,
615 2880 670 2975 (pure
684 2863 789 2912 maxima
800 2865 850 2929 pie·
883 2863 996 2921 crudelis,
1005 2873 1081 2912 atrox.

290 2936 339 2976 tate
351 2937 375 2976 ct
385 2928 498 3002 religione
510 2929 541 2976 ab
552 2927 581 2976 iis
592 2943 620 2977 co
631 2929 639 2976 i
650 2928 759 2984 debebat,
772 2928 850 2992 gravi-
918 2929 1022 2977 17-20.
1043 2929 1117 2983 Adde,
1134 2930 1194 2990 quod
1212 2931 1282 2990 perles
1301 2930 1344 2976 ult
1361 2932 1444 2977 crescit

290 2992 337 3041 oris
358 2993 454 3042 sceleris
480 2991 577 3057 culpam
602 2992 648 3041 sibi
669 2992 850 3041 contrahebant.
881 2995 961 3049 oman,
978 2993 1081 3041 Seruitus
1096 2995 1176 3040 macir
1192 3010 1259 3041 naua.
1293 2990 1446 3055 Quid,quod

292 3057 376 3105 Gelldo
388 3058 464 3104 Morte
473 3069 582 3114 carentes,
595 3057 748 3106 immortales.
882 3055 971 3120 plures,
983 3072 1056 3120 quarn
1072 3066 1136 3111 ante,
1148 3071 1178 3104 er
1193 3056 1259 3104 omni
1269 3056 1396 3122 juventute
1413 3056 1446 3104 ad

325 3122 428 3169 13-16.
446 3121 517 3168 Ridet
527 3123 576 3178 loe,
587 3125 688 3194 inquom,
700 3121 781 3177 Venus,
794 3127 850 3170 cett.
883 3128 907 3166 te
918 3121 1050 3175 confluunt,
1063 3121 1132 3170 etsie
1144 3135 1268 3177 novorum,
1281 3121 1323 3184 qui
1336 3120 1380 3168 tibi
1393 3135 1445 3168 ser-

291 3185 360 3242 nihil,
378 3185 486 3250 inquam,
504 3193 592 3233 nocent
607 3185 649 3232 ubi
667 3185 779 3266 perjuria,
795 3200 851 3232 nam
882 3183 1101 3239 viant,amatorum
1119 3201 1232 3234 numerus
1248 3193 1357 3248 augetur.
1388 3186 1444 3232 Ser-

291 3249 298 3295 i
358 3251 452 3304 Venus,
466 3248 595 3314 Nymphae,
614 3257 639 3296 et
656 3248 750 3313 Lupido
770 3263 800 3297 ea
817 3249 850 3296 ri·
882 3251 961 3296 eltae:
980 3248 1036 3296 binc
1054 3249 1143 3297 Barine
1153 3265 1213 3297 vers.
1225 3265 1263 3313 sq.
1274 3253 1368 3297 domine
1383 3249 1444 3297 dici·

289 3265 356 3362 dinis.
382 3312 488 3362 Positam
498 3312 571 3376 igitur
579 3313 610 3360 ab
619 3311 686 3360 initio
698 3313 849 3369 sententiam,
883 3322 935 3372 tur;
952 3312 1060 3423 apposite
1079 3321 1160 3362 autem
1177 3313 1282 3377 juvenis,
1303 3314 1445 3377 quitatum

289 3380 382 3439 impune
397 3381 500 3438 pejerare
514 3387 624 3430 amanter,
636 3376 665 3424 ad
680 3391 752 3440 quam
766 3378 795 3426 τὸ
811 3381 849 3425 in·
882 3391 908 3424 se
928 3379 983 3440 puel
995 3394 1015 3425 a
1036 3377 1133 3425 cuidam
1151 3377 1296 3442 emancipat,
1315 3377 1339 3424 ei
1358 3381 1446 3425 serrare

289 3457 358 3504 quam
372 3440 520 3489 referendum
533 3449 577 3496 est,
589 3439 690 3489 ulterius
703 3441 850 3505 exsequitur.
882 3439 976 3497 dicitur,
993 3450 1022 3489 ut
1038 3441 1103 3505 apud
1120 3442 1219 3490 (lrmcoe
1235 3439 1376 3491 ὃουλεύιινε
1394 3440 1444 3491 vid.

291 3505 362 3553 Rldet
383 3507 423 3552 hae
446 3504 578 3568 (ejusmodi
605 3503 748 3570 perjurium)
774 3505 850 3554 Venus
883 3504 986 3554 Dorvill.
1005 3504 1037 3552 ad
1054 3505 1146 3554 Charit.
1164 3506 1190 3561 ii,
1211 3507 1248 3563 17,
1285 3507 1366 3562 .319,
1384 3505 1444 3554 edit.

290 3571 355 3631 ipsa3
373 3569 436 3634 apud
444 3569 570 3617 Tibullum
580 3567 615 3625 iii,
628 3570 652 3624 6,
662 3570 702 3626 49,
715 3568 766 3634 ipse
777 3570 849 3636 Jupi·
883 3568 950 3632 Lips.
984 3569 1193 3635 Imprimperjure,
1206 3570 1263 3634 perli
1303 3602 1310 3616 .

290 3641 341 3682 ter:
369 3635 476 3696 perjuria
492 3635 552 3682 ridet
570 3643 688 3681 amantum
705 3633 810 3694 dispiter,
827 3645 850 3681 et
914 3635 1020 3681 21-24.
1036 3633 1344 3692 lamentaliliissuim
1353 3637 1444 3696 jaaca-

289 3707 365 3746 usntos
376 3697 516 3762 irritaserre
521 3701 600 3760 jubet.
635 3696 746 3746 Ceterum
756 3697 782 3744 in
794 3713 849 3746 sen·
882 3713 923 3743 cur
930 3697 960 3745 de
970 3696 1129 3753 adolescente,
1139 3705 1167 3746 ut
1177 3715 1230 3762 sup.
1239 3697 1265 3754 ii,
1274 3700 1299 3754 6,
1308 3699 1333 3754 6,
1338 3702 1444 3760 juvenca

289 3760 387 3810 tentiam
399 3762 456 3820 roric
468 3761 496 3811 lv
509 3763 580 3826 ἔρωτι
589 3761 698 3823 Ὃρκονς
713 3762 748 3824 μή
767 3760 850 3812 δύνειν
882 3760 912 3809 de
922 3761 1012 3826 puella,
1024 3762 1067 3809 ubi
1078 3760 1131 3810 vide
1141 3771 1230 3810 notata.
1256 3761 1358 3810 Terenes
1366 3767 1444 3824 parci,

289 3825 355 3875 οὔατ’
366 3826 391 3884 lc
407 3825 542 3875 ἀθανάτων
554 3827 596 3890 (ιιι
612 3825 675 3890 apud
690 3825 788 3874 Gallim.
802 3827 849 3893 Ep.
882 3839 917 3872 sc.
935 3841 965 3875 ne
983 3825 1065 3874 lormae
1083 3835 1131 3874 tum
1148 3825 1267 3874 illecebris
1283 3841 1364 3874 earum
1382 3826 1444 3874 filios

290 3891 354 3946 xxvi,
371 3892 387 3938 3
403 3889 504 3952 dicitur)
521 3891 554 3939 cs.
566 3888 638 3937 Ouid.
651 3889 705 3937 Art.
717 3889 734 3945 i,
750 3891 808 3946 631,
825 3900 850 3939 et
882 3889 971 3954 capias,
983 3901 1007 3939 et
1017 3889 1052 3938 sic
1064 3889 1131 3937 fundi
1143 3889 1238 3938 illorum
1253 3890 1296 3938 fias
1309 3889 1444 3939 celmitas.

288 3955 359 4019 plura
375 3954 405 4003 ad
422 3954 445 4003 lr.
458 3954 475 4003 1.
487 3955 518 4002 ab
534 3953 701 4018 interpretibus
717 3953 789 4001 allata
806 3971 848 4003 ex·
882 3953 981 4010 Misere,
998 3955 1022 4002 b.
1039 3971 1062 4003 e.
1078 3953 1163 4003 misere
1179 3962 1205 4002 et
1220 3953 1310 4019 perdite
1326 3964 1443 4010 amantes,

288 4019 376 4084 empla.
399 4019 524 4080 Simplices,
534 4033 582 4066 non
593 4017 623 4065 ad
635 4026 759 4066 externum
772 4019 849 4083 Nym·
882 4016 1030 4082 δυσίρωτεςι
1058 4017 1142 4067 eodem
1159 4034 1231 4066 sensu
1250 4017 1294 4065 inl.
1310 4017 1345 4073 iii,
1366 4019 1391 4073 7,
1414 4020 1444 4066 10

289 4084 389 4149 pharum
409 4083 511 4137 cultum,
531 4083 572 4130 sed
592 4083 623 4130 sd
643 4081 747 4130 nativam
766 4096 849 4131 earum
882 4081 959 4130 Chloe
979 4087 1061 4131 misera
1082 4082 1179 4131 dicitur.
1219 4082 1271 4130 Tau
1291 4099 1320 4129 ne
1340 4085 1444 4130 retardet

916 2366 993 2409 πυρα,
1003 2351 1140 2412 πυρίπνοα,
1153 2350 1343 2415 πυριπνείοντες
1351 2349 1444 2399 dieree':

289 4147 362 4196 animi
379 4146 554 4258 simplieitatem
572 4146 706 4195 retulerim:
728 4163 780 4203 nos,
790 4157 848 4208 gut·
882 4148 949 4194 Aura
964 4151 1067 4203 maritos,
1085 4147 1110 4194 li.
1125 4161 1148 4194 e.
1165 4162 1196 4195 ne
1212 4147 1294 4195 tormer
1310 4154 1358 4194 tue
1375 4147 1443 4194 leno-

288 4214 387 4274 miitlrlg.
441 4227 501 4266 enas,
522 4226 609 4266 srevus,
628 4208 725 4275 ἄγριος.
757 4212 849 4275 Semper
880 4209 951 4258 ciniis
969 4211 1065 4258 maritos
1085 4210 1116 4259 ad
1134 4209 1256 4259 libidinem
1276 4219 1355 4258 tecum
1374 4225 1443 4258 eser·

288 4275 773 4337 ardenteeaeuenssagr'ttaeGaramanta.
808 4277 848 4324 De
880 4273 981 4323 cendam
998 4274 1114 4339 pellicias.
1146 4277 1214 4322 Aura
1231 4275 1262 4324 de
1279 4275 1359 4330 odore,
1387 4287 1443 4322 aem

288 4341 333 4390 hsc
350 4337 487 4404 Cupidinis,
497 4339 595 4402 sagittas
610 4337 727 4395 senentis,
739 4339 764 4386 iu
780 4355 846 4404 gem-
877 4338 998 4402 juvence,
1010 4355 1080 4403 equae
1092 4339 1176 4402 (Virg.
1188 4340 1251 4388 Geo.
1260 4339 1296 4396 iii,
1306 4291 1442 4396 millon-

288 4405 334 4452 mis
354 4419 450 4468 quoque
477 4417 589 4467 expressa
615 4403 719 4466 imagine
747 4404 848 4452 laudant
878 4419 908 4450 ne
924 4407 995 4460 oirles,
1006 4414 1034 4450 ιιι
1049 4413 1096 4450 tota
1111 4413 1195 4452 tremor
1206 4413 1442 4466 pomaretepwrum

289 4469 396 4542 Lippert.
420 4467 518 4532 Dactyl.
541 4467 609 4517 Mill.
635 4467 652 4524 i,
675 4469 731 4516 798.
775 4468 846 4517 Adde
880 4468 1021 4528 Corporam'
1038 4477 1129 4515 tantum
1144 4478 1210 4516 nolas
1224 4470 1280 4514 ador
1295 4469 1379 4514 attulit
1396 4485 1439 4514 aa·

288 4531 484 4583 Wrnclrelmann.
501 4531 526 4581 in
543 4533 607 4598 Opp.
622 4533 653 4580 T.
667 4531 683 4589 i,
702 4549 726 4597 p.
745 4532 785 4588 71,
802 4532 844 4591 vii,
877 4531 960 4594 ml),
971 4541 997 4582 et
1010 4531 1059 4580 alia
1073 4530 1195 4589 animalia,
1208 4530 1239 4579 ad
1252 4531 1376 4580 libidinem
1387 4547 1441 4595 pro·
