3150 5200
593 328 809 407 LIBERI,
832 334 885 397 22.

308 474 320 557 ‚'
336 478 409 544 Nec
425 480 591 543 venenatis
606 481 741 564 gravida
756 483 895 566 sagittis,

553 582 671 659 Fusce,
686 582 859 665 pharetra:

279 674 304 746 Ι5
337 683 411 747 Sive
426 705 486 767 per
502 683 615 767 Syrtes
630 684 693 747 iter
708 694 878 761 aestuos'as,

337 786 411 849 Sive
426 784 571 849 facturus
587 806 647 870 per
661 784 888 869 inhospitalem

334 887 527 963 Caucasum,
541 886 592 950 vel
607 909 681 969 quae
695 886 766 951 loca
781 886 949 953 fabulosus

550 989 682 1053 Lambit
697 988 885 1074 Hydaspes.

333 1090 485 1175 Namque
500 1114 550 1155 me
566 1091 645 1155 silva
660 1090 756 1174 lupus
770 1092 803 1153 in
819 1091 951 1169 Sabina,

273 1192 314 1256 10
335 1191 426 1255 Dum
439 1215 543 1256 meam
558 1203 653 1256 canto
670 1191 828 1275 Lalagen,
844 1203 878 1256 et
892 1194 978 1257 ultra

334 1294 524 1359 Terminum
538 1295 625 1359 euris
639 1316 740 1377 vagor
754 1294 928 1377 expeditis,

548 1395 648 1479 Fugit
663 1396 833 1459 inermem:

334 1495 441 1569 Quale
456 1507 642 1580 portentum
656 1517 762 1579 neque
776 1496 923 1561 militaris

334 1598 482 1662 Daunias
496 1598 570 1662 latis
585 1599 642 1662 alit
657 1595 829 1675 aesculetis,

273 1700 313 1762 15
333 1699 406 1763 Nec
421 1700 520 1764 Jubae
535 1700 630 1765 tellus
646 1708 781 1783 generat
794 1699 923 1763 leonum

548 1798 653 1863 Arida
667 1800 788 1863 nutrix.
875 1804 881 1811 '

300 1954 303 1959 .
333 1902 423 1967 Pone
438 1926 499 1979 me,
514 1903 616 1986 pigris
632 1902 689 1964 ubi
703 1900 792 1964 nulla
806 1905 927 1987 campis

330 2004 441 2068 Arbor
456 2006 568 2067 aestiva
582 2013 747 2068 recreatur
762 2025 858 2081 aura,

152 2172 287 2221 debebant.
320 2172 426 2218 Grauida
444 2186 495 2236 pro,
514 2172 594 2236 plena,
614 2171 715 2231 referta,
750 2170 816 2227 xxxi,
836 2173 860 2227 7,
880 2174 971 2236 Oquid
985 2177 1065 2225 solutis
1079 2187 1111 2225 est
1128 2179 1215 2226 tentius
1228 2181 1309 2227 escrit!

154 2236 194 2286 sic
204 2235 296 2286 Gracia
307 2234 420 2299 ἐγκύμων
432 2236 560 2299 πενόμενος.
767 2250 801 2292 ro,
819 2236 899 2285 animo
917 2239 980 2286 curis
999 2239 1086 2297 soluto,
1102 2241 1144 2289 ubi
1159 2240 1191 2290 cs.
1206 2258 1260 2305 que
1276 2241 1307 2291 de

192 2302 264 2350 5-8.
289 2299 419 2361 vulgarem
438 2300 588 2357 sententiam,
606 2300 717 2364 quamvis
749 2250 795 2347 iioc
818 2299 931 2365 loquendi
953 2318 1038 2366 genere
1064 2304 1217 2353 notavimus:
1245 2306 1306 2355 adde

154 2364 205 2414 iter
224 2365 246 2413 ei
265 2362 401 2412 faciendum
418 2363 448 2411 ait
466 2380 508 2430 per
526 2364 578 2412 loca
598 2363 715 2429 periculo·
750 2362 850 2411 Mitsch.
860 2366 890 2413 ad
901 2366 925 2413 h.
936 2366 954 2415 l.

154 2428 263 2484 sissima,
272 2427 339 2475 docte
347 2428 479 2476 exornavit.
495 2430 581 2492 Syrtes,
593 2429 646 2476 loca
657 2430 712 2493 Syr·
781 2430 884 2478 13-16.
903 2432 977 2485 Quare
983 2440 1123 2493 portentum,
1132 2432 1228 2496 qualem
1238 2449 1305 2483 mon-

114 2536 121 2545 .
155 2492 226 2541 tibus
239 2492 277 2557 (b.
286 2508 308 2540 e.
320 2490 386 2539 radis
398 2492 446 2540 illis
463 2493 567 2541 arenosis
578 2493 602 2541 in
612 2492 671 2541 mari
683 2492 713 2540 ad
746 2498 846 2541 strosam
856 2494 971 2543 belluam.
997 2496 1149 2543 Daunimsc.
1161 2504 1223 2545 terra
1231 2498 1304 2563 (γῆ),

154 2566 269 2607 extreme
292 2554 380 2608 Africa
404 2555 471 2613 litus,
493 2556 572 2616 hodia,
599 2557 668 2622 Gotse
686 2560 714 2606 da
749 2556 861 2622 Appulia,
875 2558 1305 2625 quaeini.iv,14,26,regnaDauni

153 2623 228 2670 Sidra
252 2633 273 2670 et
303 2621 389 2686 Gebes)
418 2620 574 2686 adJacentia5
607 2621 715 2670 similiter
746 2621 947 2683 Apputtvocatur.
968 2625 1232 2685 Militaris,beilicosa;
1248 2644 1304 2676 nam

153 2687 218 2736 Hor.
234 2685 277 2734 ins.
294 2684 319 2742 ii,
338 2687 378 2742 20,
397 2688 435 2744 15,
453 2702 493 2751 per
511 2687 588 2750 Syrtes
604 2687 716 2743 Gestator,
748 2684 842 2752 Appuli
864 2698 889 2737 et
911 2690 987 2736 Marsi
1008 2689 1033 2736 in
1051 2688 1116 2737 rimis
1136 2689 1198 2738 inter
1217 2691 1305 2741 milites

153 2759 182 2801 et
201 2751 269 2816 Virg.
289 2751 351 2798 AEn.
369 2750 402 2798 iv.
419 2751 459 2806 41,
479 2766 518 2816 per
535 2753 624 2814 Syrtem
642 2753 717 2797 inhos-
748 2749 873 2800 Romanos
889 2753 976 2802 virtute
993 2707 1082 2802 beliica
1099 2753 1205 2816 insignes
1222 2755 1303 2806 fuere:

151 2818 237 2877 piton,
265 2823 376 2863 extreme
406 2813 494 2863 Africa
522 2831 574 2863 oras
600 2813 717 2877 designat.
748 2813 939 2875 etintiitsa.
963 2818 1219 2873 intrassemus.
1231 2821 1306 2870 rastis

151 2879 281 2936 AEnuomr,
293 2880 325 2928 ob
338 2893 435 2926 arenam
452 2879 536 2927 aeolis
547 2886 605 2928 aestu
621 2878 654 2925 ibi
670 2878 715 2926 ser·
748 2885 772 2925 et
791 2879 839 2928 late
866 2881 978 2946 porrectis
999 2881 1139 2930 serculorum
1161 2883 1304 2933 nemoribus.

151 2953 250 2992 ventem
257 2961 265 3002 ;
291 2943 326 2991 sic
343 2941 440 3008 Jupiter
453 2943 574 2992 Hammon
591 2944 621 2991 ab
638 2958 715 2992 arenae
746 2941 813 2990 Jutae
825 2946 901 3000 tetius,
909 2946 1065 3003 Mauritania,
1075 2961 1130 3010 quae
1138 2946 1210 2994 Jubre
1220 2945 1304 2997 ditioni

152 3016 215 3056 aestu
234 3007 260 3057 in
281 3007 367 3071 Libyn,
390 3006 431 3054 ubi
452 3006 504 3071 ejus
524 3016 572 3056 tem
589 3007 640 3056 lum
659 3006 713 3063 suit,
747 3007 858 3118 suipecta
869 3008 921 3058 suit.
955 3009 1133 3057 lacrumando
1144 3014 1233 3066 nutris,
1246 3011 1270 3060 h.
1281 3029 1304 3060 e.

152 3071 221 3146 apud
239 3071 331 3122 Catuli.
348 3071 390 3128 vii,
408 3073 432 3127 5.
444 3083 555 3144 'aestuosus
589 3071 673 3130 bitur,
690 3079 715 3119 et
746 3071 780 3144 ari

152 3152 190 3185 mc
206 3137 270 3202 apud
285 3135 388 3185 eundem
402 3135 459 3193 xlvi,
471 3138 496 3193 5,
515 3135 593 3184 Nicea
610 3147 712 3184 astuosa.
745 3143 799 3183 tnt:
818 3136 845 3185 τὸ
857 3140 926 3184 arida
938 3136 1086 3185 referendum
1100 3137 1131 3185 ad
1148 3146 1214 3186 terne
1233 3148 1302 3188 natu-

151 3199 318 3275 Inhotpt'talem
352 3201 488 3257 Caucasum,
517 3209 621 3249 montem
652 3199 713 3248 inter
744 3214 804 3257 ram,
821 3217 876 3265 quae
893 3201 951 3250 solis
966 3201 1049 3250 ardore
1064 3211 1157 3257 exusta,
1173 3201 1269 3260 torrida,
1281 3213 1306 3252 et

151 3265 205 3314 Cas
221 3282 272 3314 rum
283 3274 307 3315 et
316 3279 381 3313 mare
391 3263 492 3338 Nigrum
503 3264 585 3323 situm,
595 3262 645 3330 qui,
655 3263 713 3328 quia
743 3265 868 3321 siticulosa,
891 3274 918 3314 ut
939 3265 983 3312 int.
1004 3265 1081 3331 Epod.
1099 3267 1123 3322 3,
1144 3267 1183 3322 16,
1201 3267 1304 3329 Appulia

150 3328 187 3377 ob
204 3282 383 3393 gnarumque
400 3327 598 3378 ibrlatibuiasua
614 3329 711 3386 habent,
743 3336 850 3385 vocatur,
868 3330 922 3378 fuit.
967 3329 1057 3378 nume
1072 3332 1177 3378 ieonum
1196 3331 1304 3380 similiter

150 3391 327 3441 immanitatem
337 3399 362 3441 et
373 3393 478 3441 locorum
491 3393 625 3442 vastitatem
643 3391 712 3440 inha-
744 3391 849 3457 Phrygia
860 3392 992 3456 θρέπτειρα
1006 3394 1117 3444 λεόντων
1131 3394 1302 3458 appellaturis

150 3455 262 3505 bitabilis
274 3455 710 3522 1111115111ἱηήοερὶεαὶὶε(ἇέενος,
745 3456 823 3505 Anti.
847 3459 928 3507 Graec.
952 3460 999 3522 Ep.
1019 3457 1123 3507 Ἀδεσπ.
1144 3474 1253 3517 crxxrv,
1278 3463 1302 3518 l,

147 3519 261 3582 ἄβατος,
296 3519 474 3586 α’πάνθρωπος,
509 3522 596 3570 AEsch.
629 3522 710 3570 Prom.
743 3520 774 3567 T.
785 3519 819 3577 iv,
829 3538 853 3585 p.
868 3525 922 3570 152.

151 3587 201 3647 19)
219 3585 314 3636 dicitur.
352 3586 391 3633 Vel
406 3603 455 3648 que
473 3588 530 3643 locu,
550 3601 599 3651 pro,
615 3585 653 3633 vel
671 3601 712 3651 per
778 3585 882 3633 17-20.
899 3587 983 3634 Naxus
1004 3592 1028 3634 et
1049 3601 1146 3634 sensus:
1171 3585 1302 3637 certissime

151 3651 209 3698 loca
235 3667 290 3716 quar
323 3658 381 3700 cett.
428 3649 555 3698 Fabuloaus
582 3651 709 3713 Hydaspes,
742 3647 816 3710 igitur
832 3649 863 3698 de
882 3649 1004 3713 singulari,
1022 3665 1070 3712 qua
1088 3649 1122 3698 dii
1139 3667 1178 3700 me
1194 3651 1260 3716 pium
1278 3661 1303 3700 et

151 3713 232 3763 India
249 3715 350 3763 fluvius:
378 3715 406 3764 rb
415 3713 539 3778 satuimus
558 3714 662 3762 referunt
681 3713 711 3762 ad
743 3712 894 3762 innocentem
907 3724 1001 3779 poetam
1016 3722 1121 3772 tuentur,
1132 3731 1190 3764 cura
1204 3731 1302 3781 persua-

151 3778 227 3826 miras
244 3778 396 3836 narrationes,
408 3795 462 3853 quse
475 3777 505 3827 de
520 3778 664 3826 immanibus
681 3778 712 3826 ud
744 3792 793 3835 sua,
805 3777 830 3825 in
845 3777 1010 3826 desertissimis
1020 3786 1087 3828 terna
1098 3779 1242 3841 regionibus,
1254 3778 1303 3828 sive

152 3841 220 3891 bunc
237 3843 335 3917 fluvium
354 3842 437 3916 bestiis
446 3851 478 3952 ¹'et
495 3842 615 3899 monstris,
633 3842 668 3890 uti
682 3841 712 3916 de
744 3840 768 3889 in
777 3857 839 3915 'zona
849 3841 943 3916 frigida,
951 3842 1000 3891 sive
1008 3842 1036 3916 in
1048 3859 1108 3890 zona
1116 3844 1212 3901 torrida,
1219 3859 1302 3953 secluso

148 3907 324 4038 mim
340 3916 597 4036 ..tirsum
611 3915 712 4034 {snt
739 3909 1301 4043 w...

149 4052 221 4084 mua:
239 4038 319 4084 lanttit
328 4035 470 4100 exquisitius
481 4052 532 4102 pro,
545 4035 622 4083 alluit.
733 4035 843 4100 frigide,
865 4033 951 4082 deinde
973 4037 1064 4082 torrida
1086 4052 1144 4082 rone
1166 4034 1300 4097 descnptro.

186 4101 225 4156 10,
246 4102 284 4148 11.
304 4100 375 4149 Ultro
396 4103 527 4156 terrenum,
551 4099 576 4148 h.
599 4116 622 4148 e.
644 4106 711 4148 extra
742 4113 843 4163 quarum
853 4099 928 4147 altera
938 4098 970 4146 ob
981 4098 1081 4146 nimium
1091 4098 1173 4160 trigue,
1185 4098 1259 4145 altera
1269 4099 1301 4145 ob

147 4164 287 4239 tanninnm,
298 4163 362 4238 intra
377 4179 448 4238 quem
462 4163 522 4212 alias
539 4165 710 4238 circumvagari
740 4163 843 4274 puppium
859 4163 917 4210 solis
930 4161 1036 4210 ardorem
1053 4163 1084 4210 ab
1102 4161 1237 4274 herpinibus
1253 4176 1302 4273 npln

146 4228 709 4358 rernmemersis:
866 4242 935 4339 rm
953 4229 1091 4364 mm
1106 4290 1137 4337 ..
1152 4234 1302 4363 ssim

145 4355 331 4412 erat,ad¹riam
350 4372 400 4404 non
415 4356 554 4406 adverterat.
588 4357 656 4404 Curis
671 4373 708 4404 er·
741 4371 806 4404 mam
834 4371 916 4404 earum
939 4355 1122 4421 descriptionem
1147 4353 1211 4418 apud
1232 4355 1302 4418 Vng.

143 4424 240 4485 peditis,
264 4420 408 4487 exquisitius
436 4437 479 4486 pro
507 4421 608 4486 vulgari,
630 4420 710 4469 animo
742 4421 806 4470 Geo.
825 4421 842 4476 i,
861 4422 919 4478 23³,
937 4421 1006 4469 docte
1023 4427 1048 4466 et
1066 4427 1176 4467 accurate
1194 4419 1303 4484 exposuit

145 4485 214 4536 cutis
224 4484 475 4552 solutoetexpedito;
492 4485 526 4536 sic
541 4485 605 4553 apud
618 4483 710 4535 Catuli.
744 4485 861 4536 Vossius:
881 4484 1024 4534 11.Τί11111.
1044 4483 1078 4541 iv,
1099 4484 1122 4541 1,
1143 4485 1204 4547 153,
1230 4483 1302 4533 Orid.

798 3087 813 3119 a
829 3071 871 3120 illa
887 3072 960 3136 regio,
972 3090 1026 3138 que
1040 3075 1120 3121 leones
1135 3074 1242 3138 inprimis
1258 3092 1303 3123 nu·
