3150 5200
375 338 657 405 EPISTOLA
685 339 759 404 AD
791 341 1040 409 PISONES.
1222 349 1285 420 557

125 493 193 557 295
258 492 428 577 Ingenium
443 494 560 558 misera
575 493 652 577 quia
667 492 864 559 fortunatius
880 507 952 561 arte

216 594 342 671 Credit,
359 604 393 658 et
408 594 554 659 excludit
570 618 665 660 sanos
682 594 843 661 Helicone
857 609 973 681 poetas

216 696 437 773 Democritm,
453 698 540 760 bona
554 719 631 781 pars
646 718 711 761 non
726 720 854 781 ungues
869 721 990 783 ponere
1005 712 1111 777 curat,

214 796 294 862 Non
308 799 462 876 barbam3
496 810 622 863 secreta
635 800 718 883 petit
732 798 815 877 loca,
831 800 949 865 balnea
961 801 1052 865 vitat.

213 898 433 964 Nanciscetur
448 901 533 965 enim
548 901 688 984 pretium
702 923 885 985 nomenque
899 913 1019 986 poetar,

127 1000 196 1063 300
218 1000 253 1063 Si
269 1002 374 1065 tribus
388 1000 556 1086 Anticyris
572 1012 673 1087 caput
686 1004 866 1069 insanabile
881 1027 1046 1090 nunquam

215 1101 358 1167 Tonsori
375 1103 490 1169 Licino
505 1103 710 1169 commiserit.
757 1105 791 1169 Ο
806 1128 870 1190 ego
883 1107 996 1184 laevus,

217 1203 286 1276 Qui
300 1226 424 1288 purgor
438 1204 536 1269 bilem
550 1206 612 1270 sub
628 1206 718 1269 verni
733 1209 889 1290 temporis
903 1208 1033 1273 horam!

214 1305 293 1370 Non
308 1306 391 1369 alius
408 1304 536 1371 faceret
551 1306 685 1372 meliora
699 1319 868 1390 poemata:
893 1324 1006 1375 verum

214 1406 273 1471 Nil
289 1408 371 1471 tanti
386 1418 454 1485 est3
478 1430 557 1493 ergo
572 1408 690 1493 fungar
706 1410 775 1475 vice
791 1412 885 1489 cotis,
901 1424 1033 1477 acutum

129 1508 195 1571 305
217 1508 374 1574 Reddere
389 1532 463 1593 quae
478 1509 599 1575 ferrum
614 1512 710 1587 valet,
727 1534 841 1577 exsors
856 1515 929 1598 ipsa
944 1516 1093 1579 secandi:

216 1609 341 1674 Munus
357 1621 391 1675 et
406 1610 557 1687 officium,
573 1612 619 1676 nil
634 1613 780 1677 scribens
796 1613 878 1698 ipse,
895 1616 1042 1695 doceb03

216 1712 314 1776 Unde
329 1722 486 1795 parentur
501 1736 599 1797 opcs;
623 1713 703 1797 quid
717 1712 783 1777 alat
798 1713 980 1801 formetque
995 1728 1143 1802 poetam;

217 1814 308 1888 Quid
323 1814 449 1890 deceat,
465 1816 544 1898 quid
559 1836 643 1893 n0n3
666 1837 732 1899 quo
748 1817 862 1895 virtus,
878 1842 945 1902 quo
959 1818 1044 1884 ferat
1058 1843 1159 1885 error.

256 1916 429 1981 Scribendi
444 1928 532 1981 recte
549 1939 664 2002 sapere
678 1928 729 1981 cst
743 1928 777 1981 et
793 1921 990 2005 principium
1005 1932 1038 1985 et
1053 1921 1144 1986 fons:

127 2020 192 2082 310
214 2018 299 2083 Rem
315 2020 375 2083 tibi
389 2019 564 2084 Socraticae
579 2030 734 2104 poterunt
749 2022 922 2086 ostendere
938 2023 1080 2100 chartae3

212 2121 391 2205 Verbaque
407 2122 569 2207 provisam
584 2144 652 2187 rem
667 2144 732 2185 non
747 2122 849 2186 invita
864 2134 1053 2207 sequentur.

125 2268 189 2317 enim
196 2280 328 2345 presectus
336 2274 373 2322 vel
385 2273 497 2339 praciam
507 2272 603 2321 mollius
615 2272 689 2321 sentit
718 2272 780 2322 banc
802 2289 852 2322 rem
873 2274 926 2337 jam
947 2273 1081 2323 Lambinus
1101 2274 1183 2323 attulit
1203 2276 1283 2325 locum

126 2344 275 2401 arpentatsm
290 2336 412 2401 aliquam
429 2338 508 2403 imago
520 2337 636 2387 unuslata
651 2346 688 2385 cst
719 2336 844 2387 Ciceronis
859 2338 920 2387 Div.
932 2337 949 2394 i,
962 2338 1003 2394 37,
1016 2338 1094 2400 Negat
1103 2340 1173 2396 asim,
1183 2342 1282 2405 cinefa-

125 2412 141 2445 a
157 2400 287 2456 statuariis,
305 2402 347 2465 qui
367 2418 426 2468 opus
452 2403 517 2477 quod
535 2400 649 2465 levigant
665 2410 689 2450 et
720 2418 781 2457 rore,
795 2403 940 2451 Democritus
958 2417 1093 2465 quenquam
1109 2420 1220 2465 magnum
1229 2422 1282 2467 poe-

125 2464 259 2527 sxpcliunt,
271 2481 301 2515 ue
312 2465 370 2530 quid
386 2466 520 2532 asperitatis
531 2466 557 2513 in
572 2480 600 2513 eo
612 2479 687 2513 rema-
721 2473 768 2513 tam
788 2482 833 2515 esse
853 2482 922 2526 posse.
965 2466 1033 2513 Idam
1052 2465 1083 2514 ds
1104 2467 1173 2515 Orat.
1193 2467 1220 2525 ii,
1241 2471 1283 2525 46,

125 2536 191 2585 neat,
211 2529 331 2591 unguibus
343 2539 490 2595 percurrunt,
506 2538 653 2606 pertentant,
665 2537 690 2579 et
721 2529 782 2590 Snpe
793 2533 854 2578 enim
870 2532 960 2587 audivi,
976 2539 1064 2592 poetam
1079 2532 1162 2578 tonum
1172 2534 1283 2581 nentrum

123 2592 690 2725 frustrarentur·ututur
720 2594 834 2706 litim
844 2594 1284 2724 staminiarum:

124 2719 195 2769 tidem
235 2722 323 2771 lurium
346 2723 425 2773 codd.
444 2723 570 2780 revocarit,
591 2731 615 2772 et
634 2737 687 2772 cam
720 2725 849 2770 quintorum
867 2727 972 2772 exsistere
987 2739 1058 2785 posse,
1075 2733 1099 2770 et
1118 2729 1167 2772 sine
1186 2729 1283 2788 quodam

125 2793 209 2834 contra
219 2739 358 2835 bentleiurn
369 2803 432 2837 more
442 2803 486 2836 suo
496 2786 612 2837 defendit.
720 2785 805 2849 afflatu
826 2791 891 2850 quasi
905 2787 1016 2852 fonnis:
1033 2786 1064 2834 cf.
1087 2788 1189 2837 Aristot.
1212 2792 1283 2840 Post.

157 2850 297 2899 295—308.
309 2852 391 2900 Pnece
408 2861 458 2900 turn
469 2853 599 2900 Decimum
607 2851 686 2916 Septi·
719 2865 742 2898 c.
763 2852 802 2899 16.
836 2853 959 2900 Helicone:
980 2851 1013 2902 cl.
1035 2865 1090 2915 sup.
1112 2853 1190 2918 Epist.
1212 2854 1237 2912 ii,
1259 2858 1281 2911 l,

125 2927 205 2960 mum:
234 2915 355 2970 Horatius,
377 2869 530 2966 alienissimus
556 2917 584 2963 nb
612 2931 688 2963 comm
721 2915 780 2962 218.

124 2979 237 3034 stultitia,
254 2981 294 3042 qui
310 2982 386 3040 poesin
404 2998 449 3028 non
464 2990 514 3028 crte
536 2991 557 3028 et
571 2983 687 3035 doctrina,
752 2980 810 3028 298.
822 2978 921 3033 Balnea,
932 2979 1282 3043 ubilrequeneeratbominum

123 3043 163 3088 sed
171 3045 216 3090 solo
227 3046 320 3107 ingenio
330 3053 352 3091 ct
355 3043 444 3108 furore
453 3045 685 3106 pmtieometiuntnr,
719 3049 861 3091 conventus.
911 3045 1009 3092 Poterat
1041 3043 1155 3091 Horatius
1187 3045 1282 3103 addere,

125 3107 213 3154 mauult
243 3109 329 3162 docere,
352 3111 433 3170 quibus
454 3110 567 3170 presidiis
581 3108 686 3172 futurm
717 3113 734 3134 “
748 3105 831 3154 vinum
846 3106 908 3155 bibit
918 3107 944 3165 ;”
961 3124 1014 3181 sup.
1034 3106 1098 3154 enim
1120 3107 1228 3172 apisci,
1242 3114 1281 3166 19,

123 3179 190 3230 pocta
208 3174 336 3220 inarmatus
352 3175 382 3220 nd
396 3175 472 3234 poesin
483 3175 588 3221 recedere
598 3175 685 3226 debeat,
716 3172 733 3217 2
752 3187 806 3234 sqq.
824 3186 886 3226 esse,
901 3171 944 3227 ait,
955 3186 1007 3235 qm,
1025 3170 1095 3218 modo
1112 3171 1212 3236 largiore
1232 3175 1283 3223 vini

125 3251 194 3296 quom
204 3238 307 3284 insanire
318 3253 369 3284 cum
382 3239 556 3284 insanientibus.
581 3236 687 3283 Breviter
718 3233 805 3283 haustu
828 3236 982 3300 conceperint
1005 3236 1114 3291 furorem,
1135 3251 1160 3283 se
1182 3237 1282 3303 pulchra

125 3299 203 3358 igitur
220 3301 270 3363 agit
288 3303 316 3348 de
333 3301 459 3348 uirtutibus
481 3317 529 3363 quc
551 3303 579 3348 ab
596 3317 628 3354 eo,
647 3301 687 3361 qui
719 3307 795 3362 postas
807 3309 885 3363 partes
895 3298 1216 3377 explerepossecpinentur.

123 3372 193 3422 poete
207 3367 296 3412 nomine
310 3381 332 3414 se
346 3365 444 3428 dignum
458 3367 554 3413 reddere
566 3365 626 3420 cult,
638 3365 685 3411 sm*-
751 3364 810 3420 299,
821 3365 879 3411 300.
897 3364 1050 3413 Narciscetur
1065 3381 1134 3419 enim,
1144 3373 1201 3414 cett.
1234 3367 1281 3416 sci-

124 3437 228 3489 gunmr.
719 3425 784 3484 licet,
793 3426 923 3476 dummodo
932 3428 1032 3476 barbam
1043 3427 1134 3493 aliquis
1141 3430 1281 3493 promiserit,

158 3491 297 3540 ast-298.
311 3491 434 3555 Ingentum
445 3495 600 3547 misermcatt.
623 3489 687 3548 Quia
719 3499 743 3538 st
762 3490 854 3553 justam
877 3491 974 3540 laudem
995 3493 1128 3554 (pretium)
1149 3502 1174 3541 et
1195 3511 1282 3549 nomen

126 3553 289 3610 Democritus,
307 3554 362 3620 plus
382 3555 477 3619 ingenio
498 3571 572 3620 quam
595 3555 686 3604 miseras
719 3563 795 3619 poeta
807 3554 925 3620 accipiet;
942 3555 1059 3620 particula
1070 3559 1139 3612 enim,
1151 3563 1281 3617 utsriticet,

125 3618 171 3666 arti
182 3619 334 3668 tribuendum
345 3635 397 3668 esse
407 3635 517 3678 censens,
530 3635 571 3669 soa
585 3619 626 3684 qui
639 3634 688 3666 non
719 3619 965 3676 adelmannum,
977 3622 1054 3678 credo,
1070 3620 1152 3668 ironia
1168 3621 1281 3672 inservit:

124 3681 250 3731 insaniunt
267 3699 282 3732 a
300 3683 472 3733 consuetudine
486 3701 542 3734 cum
553 3684 633 3734 illusis
646 3698 687 3731 co·
719 3682 841 3745 vulgarem
852 3682 1005 3740 locutionem,
1023 3684 1121 3732 barbam
1137 3686 1281 3750 promittere,

76 3781 80 3788 .
124 3755 197 3804 ercet,
207 3749 467 3812 bonaporspostarum
479 3757 576 3798 externo
584 3747 688 3813 corporis
720 3761 774 3810 agre
792 3746 813 3794 ‘e
830 3756 855 3795 st
874 3747 950 3795 multo
970 3746 1081 3813 adsperso
1098 3749 1149 3798 sals
1168 3751 1283 3802 Horatius

124 3809 193 3858 cultu
211 3821 236 3861 et
253 3811 358 3860 moribus
375 3812 497 3862 bominum
515 3813 596 3862 oculos
614 3812 643 3861 ad
661 3827 687 3860 se
720 3825 775 3875 amp
786 3811 865 3868 ificat;
883 3811 994 3860 insanum
1010 3823 1103 3876 poetam
1115 3823 1185 3862 vocat
1201 3827 1280 3877 caput,

125 3873 245 3924 advertere
256 3875 352 3934 studet;
370 3893 417 3925 non
428 3876 686 3940 ungussdesscaudos,
719 3875 759 3922 cui
778 3876 886 3924 sanando
896 3877 935 3924 vir
954 3874 1099 3924 helleborum
1111 3877 1150 3924 vel
1163 3878 1190 3926 in
1208 3879 1282 3928 tribus

125 3953 175 3987 non
186 3940 284 3990 barbam
296 3941 459 3990 demetendam
470 3949 551 4001 curat;
569 3940 652 4006 recipit
661 3955 687 3989 ss
719 3937 816 3994 insulis,
835 3940 856 3987 si
878 3947 925 3988 tres
946 3949 1034 3995 assent,
1055 3939 1177 4005 Anticyris
1199 3953 1282 3992 natum

126 4001 152 4050 in
168 4004 221 4052 loca
238 4005 290 4054 sola
299 4013 324 4054 et
336 4015 435 4060 secreta,
446 4014 470 4054 et
484 4004 538 4054 loca
555 4004 689 4068 frequentia
721 4005 847 4060 sufficeret,
857 4002 899 4068 qui
910 4011 1045 4068 caputvero
1055 4019 1178 4078 nunquam
1190 4006 1282 4056 tonderi

125 4065 195 4130 sugit.
227 4069 281 4125 Ars,
305 4069 353 4117 sive
377 4068 492 4124 doctrina,
513 4069 582 4133 quasi
605 4085 688 4134 parum
720 4067 810 4141 patitur
835 4067 891 4132 (qui
918 4068 1015 4116 barbam
1044 4068 1180 4132 promittit),
1206 4070 1282 4122 facete

123 4130 193 4204 juvet
210 4141 292 4196 poetas
310 4132 357 4182 nisi
372 4136 493 4197 ingenium
510 4133 644 4188 accesserit,
658 4133 689 4180 ab
720 4131 782 4180 rllud
799 4149 918 4195 nunquam
929 4134 1014 4180 tonsmi
1027 4136 1164 4180 committere
1179 4132 1280 4184 dicitur:

124 4195 156 4242 ris
177 4196 296 4262 praecipue
314 4197 357 4262 qui
379 4198 449 4248 unice
474 4197 567 4262 jactare
589 4206 689 4263 possunt
720 4195 797 4246 obiter
806 4197 878 4244 simul
890 4211 987 4261 carpere
998 4197 1114 4269 liomtius
1125 4195 1218 4270 ridetur
1229 4207 1281 4249 ton-

126 4259 258 4322 ingenium,
270 4261 408 4310 contemtim
424 4266 506 4311 misem
524 4263 591 4325 (nos,
603 4279 686 4310 nrmse·
720 4275 796 4309 sorem
814 4259 935 4325 quandam
953 4260 1074 4316 Licinum,
1092 4268 1186 4325 qu1,ut
1205 4273 1284 4313 narrat

126 4325 176 4388 lig)
194 4323 292 4383 dicitur,
311 4326 346 4374 uti
366 4325 414 4376 fere
432 4343 486 4390 sup.
502 4329 553 4375 Sat.
568 4327 594 4384 ii,
611 4329 635 4382 8,
649 4327 688 4382 la,
723 4327 781 4374 Vet.
801 4325 883 4374 Scbol.
901 4325 988 4389 Cruq„
1015 4327 1076 4388 quod
1102 4327 1184 4373 adimet
1215 4327 1282 4376 Pom·

39 4419 52 4444 .
124 4391 213 4436 divitie
232 4389 335 4438 bominis
349 4391 414 4439 arari
431 4394 526 4441 misere.
559 4392 690 4446 Scanatus
720 4392 807 4452 peiren,
829 4408 843 4437 n
863 4391 950 4439 Cerere
966 4399 1057 4438 senator
1075 4388 1159 4453 sactus
1185 4393 1282 4442 dicitur.

125 4451 220 4526 scilicet
242 4453 284 4528 qui
302 4470 350 4528 non
366 4453 516 4530 concitantur
518 4457 616 4570 gui-ore,
630 4453 655 4503 b.
665 4471 690 4530 e.
723 4453 801 4502 affert
819 4454 881 4502 idem
899 4452 1184 4528 Sebolqinscriptioneni,
1203 4455 1283 4505 Licini

124 4523 213 4580 spmtn
232 4525 257 4567 st
270 4533 366 4582 ingemo
382 4527 484 4584 posteo.
540 4519 650 4570 cmmode
663 4535 689 4570 m
723 4518 850 4585 sepulchro
866 4518 1053 4585 superadditam,
1065 4516 1137 4575 banc,
1154 4519 1283 4570 Marmorea
