3150 5200
285 354 350 421 344
693 347 1017 415 SATIRARUM
1074 381 1077 387 Δ

371 506 445 571 -lam
463 504 607 588 peritura
622 504 737 567 modis.
784 502 936 567 Hecaten
950 510 1046 564 vocat
1060 500 1174 577 altera,
1191 523 1310 565 saevam

373 605 489 671 Altera
504 605 727 690 Tisiphonen:
753 613 923 689 serpentes
938 614 1036 686 atque
1051 602 1179 667 videres

308 710 352 773 35
373 708 521 772 Infernas
536 730 645 773 errare
661 730 769 783 canes,
787 706 979 788 Lunamque
994 706 1175 780 rubentem,

373 810 427 874 Ne
443 809 528 875 foret
542 809 593 873 his
609 810 713 886 testis,
730 819 807 893 post
821 828 938 891 magna
952 806 1054 870 latere
1068 804 1228 889 sepulcra.

374 912 519 976 Mentior
534 922 568 974 at
583 911 713 994 siquid,
728 910 849 974 merdis
864 918 964 993 caput
977 908 1128 990 inquiner
1142 906 1226 971 albis

374 1014 565 1089 Corsorum,
582 1025 680 1096 atque
695 1014 728 1075 in
743 1035 795 1076 me
809 1012 917 1075 veniat
931 1012 1064 1074 mictum
1078 1021 1176 1094 atque
1191 1019 1342 1075 cacatum

372 1116 482 1180 «lulius
494 1128 527 1180 et
542 1116 665 1201 fragilis
682 1114 845 1190 Pediatia,
862 1112 979 1196 furque
994 1111 1159 1176 Vorenus.

309 1221 352 1281 40
374 1218 510 1302 Singula
524 1218 604 1302 quid
618 1239 803 1294 memorem,
817 1238 883 1300 quo
896 1226 993 1299 pacto
1008 1214 1133 1278 alterna
1145 1213 1317 1298 loquentes

375 1320 510 1384 Umbrae
526 1342 599 1391 cum
614 1318 744 1403 Sagana
759 1327 950 1382 resonarent
965 1318 1058 1380 triste
1072 1327 1107 1380 et
1120 1319 1276 1394 acummt

380 1421 488 1504 thue
502 1421 572 1505 lupi
585 1422 719 1486 barbam
734 1421 919 1485 variacum
935 1420 1033 1483 dente
1048 1419 1192 1484 colubrae

375 1522 576 1587 Abdiderint
590 1522 701 1586 furtim
716 1523 830 1599 terris,
853 1533 887 1585 et
901 1522 1040 1605 imagine
1056 1544 1150 1586 cerea

376 1625 515 1708 Largior
530 1626 646 1688 arserit
660 1626 765 1709 ignis3
790 1636 824 1689 et
838 1635 886 1700 ut,
903 1646 968 1687 non
983 1625 1076 1687 testis
1091 1624 1224 1700 inultus,

312 1728 353 1791 45
377 1727 554 1790 Obruerim
568 1749 663 1791 voces
680 1726 853 1790 Furiarum
866 1736 901 1789 et
915 1725 1002 1789 facta
1017 1726 1176 1789 duarum?

376 1828 474 1905 Nam,
491 1827 636 1912 displosa
651 1839 745 1893 sonat
759 1838 917 1911 quantum
931 1828 1049 1904 vesica,
1065 1828 1197 1912 pepedi,

378 1929 513 1993 Diffissa
528 1940 614 2007 nate,
630 1930 723 1994 ficus.
769 1929 818 1993 At
831 1929 895 1993 illae
909 1951 1040 1994 currere
1056 1930 1089 1993 in
1103 1931 1216 1994 urbem
1229 1957 1238 2007 3

378 2032 525 2097 Canidiae
540 2034 666 2110 dentea,
683 2032 782 2096 altum
798 2032 937 2116 Saganae
951 2031 1149 2095 caliendrum

379 2133 554 2211 Excidere,
571 2146 669 2218 atque
682 2134 813 2209 herbas,
830 2144 927 2216 atque
943 2134 1106 2198 incantata
1119 2131 1249 2196 lacertis

313 2238 356 2299 50
377 2236 531 2313 Vincula,
547 2258 620 2300 cum
635 2258 753 2321 magno
768 2238 901 2319 risuque
912 2236 1054 2319 jocoque
1069 2234 1207 2298 videres.

292 2422 364 2517 paam
375 2420 413 2459 aa,
428 2422 482 2470 qua
494 2406 575 2455 servili
582 2406 652 2455 modo
658 2407 759 2479 jamjam
768 2421 853 2471 poenas
886 2405 972 2467 Cruq„
986 2403 1116 2459 Pedianus,
1124 2420 1188 2467 equa
1198 2404 1324 2460 Ronanus,
1331 2407 1443 2467 posnan-

309 2478 376 2518 atura
386 2469 425 2515 sit.
459 2470 625 2519 conserendus
635 2486 730 2519 ommno
740 2486 795 2518 cum
807 2470 852 2520 hoc
885 2472 923 2517 nto
933 2477 1056 2523 consumto,
1066 2484 1089 2515 se
1098 2471 1234 2530 prestitam
1249 2486 1322 2531 orare
1330 2469 1444 2517 Horatiae

294 2534 346 2581 loco
359 2531 475 2594 Virgilius
486 2532 512 2580 in
527 2533 723 2583 Pharmaceutria
735 2534 788 2582 Ecl.
800 2533 852 2590 viii,
884 2542 972 2581 natata
980 2548 1064 2595 gerere
1077 2533 1205 2580 Pediatians
1214 2535 1339 2581 nonansait
1348 2543 1442 2595 propter

294 2598 370 2646 ubiv.
384 2598 423 2652 75,
437 2596 544 2646 venetica
559 2596 683 2662 effigiema
698 2600 807 2650 seamati
819 2608 854 2648 ter
885 2600 1012 2646 moltitiem.
1037 2596 1154 2646 Varenus:
1169 2596 1440 2660 Sebol.Cruq.,As'snt‚

294 2661 383 2710 circum
395 2660 479 2708 altaria
489 2660 569 2722 ducit;
580 2662 733 2712 et'lheocrit.
745 2663 820 2728 Idyll.
827 2663 853 2712 ii.
889 2663 1013 2719 Veronam,
1024 2664 1133 2710 libertam
1147 2663 1177 2716 Q.
1190 2663 1281 2710 haeai
1297 2660 1439 2726 &talida-

326 2727 366 2773 34.
384 2725 501 2786 Serpentes
512 2733 588 2787 atqua,
598 2733 655 2774 cett.
664 2725 756 2790 junge:
769 2731 855 2776 videres
887 2728 928 2775 isse
943 2729 998 2774 odeo
1004 2727 1125 2791 fuescen,
1142 2736 1171 2774 at
1187 2741 1283 2775 nonnos
1297 2727 1413 2786 abreptos
1422 2743 1440 2772 a

293 2799 405 2851 serpentes
417 2797 484 2850 strae
496 2788 600 2854 infernas
611 2805 676 2838 canes
687 2807 774 2840 mare.
811 2794 850 2840 Vi·
884 2792 1039 2838 transnatatis
1049 2794 1075 2838 ia
1084 2792 1169 2839 calcem
1177 2791 1297 2844 demiserit,
1308 2807 1324 2836 a
1335 2806 1380 2851 orso
1387 2805 1443 2837 cass

294 2856 365 2908 dass,
379 2861 405 2900 ut
417 2852 442 2900 in
453 2868 522 2902 versu
534 2853 618 2901 ultimo
630 2853 703 2918 hujus
714 2855 802 2912 satirae,
813 2856 850 2905 val
883 2857 1032 2915 deprebensae
1048 2865 1112 2909 esset,
1123 2858 1218 2918 enimn
1227 2855 1355 2908 sats-ideas,
1366 2853 1443 2908 Belle,

294 2931 348 2982 sup.
363 2919 414 2965 Sat.
431 2917 448 2973 i,
468 2920 493 2974 5,
514 2919 546 2966 76
567 2918 623 2982 (ubi
640 2917 689 2966 vid.
707 2921 785 2983 not).
800 2936 851 2985 pro,
883 2919 970 2981 inquit,
981 2922 1001 2966 si
1013 2929 1035 2968 te
1045 2937 1091 2968 non
1103 2919 1253 2983 ἐκχαλκεύει,
1268 2917 1293 2966 b.
1305 2933 1329 2966 e.
1340 2920 1443 2966 verten-

296 2997 360 3030 nanc
372 2981 450 3031 videre
462 2981 560 3031 licebat.
884 2983 925 3030 lin
952 2993 1062 3046 tanquam
1089 3000 1118 3032 es
1145 2987 1251 3038 recredet,
1278 2983 1385 3030 alludens
1412 2984 1444 3030 ed

326 3048 366 3096 35.
384 3047 519 3110 Larumque
531 3050 658 3105 rubentem,
675 3047 804 3105 lucentem,
816 3049 852 3097 ni·
885 3048 978 3095 calcem

294 3110 328 3158 hil
339 3112 645 3178 amplius;raber·epassim
656 3111 687 3160 da
698 3112 761 3162 lune
772 3114 852 3188 splen·
918 3113 959 3160 41.
979 3111 1077 3169 Umbra,
1097 3127 1180 3160 manes
1198 3109 1345 3160 carminibus
1364 3108 1446 3158 acciti.

294 3175 365 3225 dore:
383 3193 438 3241 sup.
451 3176 499 3224 Od.
510 3176 536 3233 ii,
551 3179 590 3234 ll,
608 3179 647 3234 10,
663 3179 771 3243 Propert.
783 3195 800 3235 t,
814 3180 854 3234 10,
886 3176 1029 3224 Raonorent
1046 3178 1111 3224 triste
1127 3188 1150 3225 er
1164 3185 1352 3230 nasamones
1365 3174 1445 3222 tristes

295 3241 320 3288 8.
354 3239 401 3288 Sed
426 3239 579 3289 Heindorfius
598 3241 712 3306 explicat,
737 3242 854 3306 “pudore
885 3248 910 3288 ct
926 3249 1009 3288 acutas
1028 3239 1141 3298 ederent3
1165 3239 1196 3287 iis
1213 3238 1278 3288 enim
1295 3238 1362 3286 sonis
1377 3237 1444 3302 loqui

296 3303 378 3351 horam
388 3306 504 3352 scelerum
513 3305 689 3353 erubescentem
698 3305 722 3364 ;'’
736 3315 761 3354 at
771 3307 854 3371 hujus·
887 3304 1109 3366 fingunturumbre
1120 3307 1199 3368 <rapt
1217 3302 1298 3364 aias);
1316 3313 1445 3357 meante,

295 3366 359 3414 modi
386 3382 463 3415 rerum
492 3377 602 3440 aspectus
630 3369 744 3432 pallorem
766 3371 853 3434 potius,
886 3368 1028 3426 clarissima,
1036 3369 1176 3442 (nos5toclr-
1232 3431 1238 3441 ·
1267 3371 1271 3380 '
1324 3366 1367 3428 d).
1397 3368 1446 3416 Pro

294 3444 369 3565 qugsm
379 3431 787 3556 ll’lolilreisligiiisiillpliilii·arcuminss
818 3500 854 3548 ui·
886 3431 1444 3547 mmfidpepspmpieppgoupkffm,

294 3557 334 3630 lus
356 3573 404 3605 non
424 3557 579 3622 sepelirentur
598 3559 722 3618 beatiores,
746 3513 855 3625 sepirlcra
920 3562 961 3609 42.
981 3561 1057 3624 thue
1071 3563 1121 3622 lapi
1135 3563 1238 3617 barbam,
1248 3568 1307 3609 cett.
1318 3558 1350 3608 de
1360 3574 1443 3616 causa

295 3636 320 3668 m
330 3621 403 3693 altam
415 3630 535 3670 exstructa
544 3622 646 3686 intelligi
658 3635 799 3688 nequeunt3
817 3627 853 3674 in·
887 3639 917 3672 ex
935 3640 985 3698 qua
1000 3625 1110 3673 veneficae
1129 3625 1227 3673 barbam
1244 3623 1297 3688 lupi
1311 3633 1338 3672 et
1348 3622 1444 3672 denam

295 3684 377 3748 tellrgo
398 3686 470 3748 igitur
490 3685 598 3751 sepulcra
618 3689 730 3745 recentia,
751 3705 854 3752 quorum
887 3688 1034 3737 versicoloris
1050 3688 1163 3745 colubra,
1178 3697 1207 3736 ut
1220 3703 1257 3736 res
1273 3687 1304 3736 ad
1325 3703 1354 3735 su
1395 3687 1443 3736 lec·

295 3749 381 3797 tumuli
393 3750 495 3814 majoros
506 3750 590 3798 ceteris
601 3767 654 3801 esse
664 3753 751 3801 solent.
886 3752 952 3800 tilam
961 3752 1077 3816 magicam
1085 3761 1230 3816 sperantes,
1239 3752 1321 3800 fusum
1329 3767 1359 3800 su
1384 3761 1445 3800 terra

326 3815 366 3870 37,
387 3816 427 3863 ³8.
445 3815 534 3862 ltl'erdr's
554 3819 854 3879 rapat-atqne—nictam
886 3817 1066 3879 occultaverint,
1084 3833 1191 3879 querere
1207 3816 1314 3881 prolecto
1330 3815 1391 3864 nihil
1407 3823 1442 3864 at·

294 3888 363 3940 atque
372 3890 491 3927 enectam:
508 3894 555 3926 non
565 3880 659 3936 mirum,
668 3881 688 3929 si
699 3882 803 3946 Priapus
811 3882 853 3946 ju·
887 3879 955 3928 tinet.

294 3949 331 3990 rat
348 3959 390 4006 per
408 3959 438 3992 ea
457 3942 562 4001 terenda,
583 3945 671 4008 quibus
691 3947 729 3995 vel
748 3946 852 3995 maxime
918 3947 958 3992 ta.
977 3944 1055 3999 Cerea
1065 3944 1161 3992 duabus
1171 3944 1271 4010 syllabis
1281 3944 1442 4008 pronuncian-

293 4006 402 4070 exposita
412 4007 457 4055 tuit
468 4009 521 4073 ejus
532 4017 620 4058 statua.
885 4009 951 4064 dum,
964 4018 992 4057 ut
1001 4018 1082 4064 ostreo,
1095 4008 1138 4057 int.
1151 4011 1202 4057 Sat.
1213 4009 1238 4065 ii,
1250 4011 1276 4064 2.
1287 4011 1329 4057 al.

326 4072 366 4119 ³9.
384 4071 474 4137 Arripit
493 4073 606 4122 Horatius
624 4073 773 4123 occasionem
792 4074 852 4124 duos
917 4077 956 4123 45.
972 4075 1020 4122 Pro
1033 4073 1171 4122 Horraerim
1179 4072 1244 4131 dedi,
1253 4073 1320 4137 quod
1329 4073 1378 4121 Fea
1389 4087 1442 4137 pro·

294 4133 409 4206 hemines,
438 4137 539 4185 alterum
568 4139 663 4188 mollem
692 4149 717 4187 et
744 4139 851 4203 fragilem
884 4138 939 4186 tulit
948 4154 979 4186 ex
989 4137 1058 4186 codd.
1071 4138 1201 4195 Obruerim
1211 4138 1267 4186 lae.
1277 4136 1440 4212 oppresserim,

292 4199 419 4255 croadam,
436 4200 536 4249 alterum
555 4202 671 4251 famosum
688 4203 771 4258 furem,
783 4220 851 4267 aque
883 4201 1052 4267 suppresserim
1072 4203 1118 4265 (cf.
1133 4217 1188 4268 sup.
1205 4202 1236 4249 ad
1252 4200 1328 4257 0d.r,
1348 4203 1388 4256 15.
1402 4201 1442 4262 3),

293 4263 464 4312 abominabiles
480 4274 551 4328 atque
567 4266 610 4314 illa
626 4267 657 4316 de
673 4267 762 4331 quibus
780 4268 851 4316 modo
883 4266 1022 4332 oppedendo
1040 4266 1145 4323 fecerim,
1164 4282 1194 4316 uc
1207 4265 1312 4330 amplius
1330 4263 1441 4313 audiren-

291 4325 360 4382 dixit,
378 4327 540 4394 producendi;
549 4329 625 4392 junge
643 4342 665 4378 et
681 4332 758 4406 (tarn)
769 4333 850 4381 latias
881 4338 919 4379 tur
935 4332 1092 4380 veneficarum
1107 4346 1186 4379 avoces.
1212 4331 1349 4386 Feratenses,
1366 4327 1441 4378 Caui-

283 4391 386 4456 sragitis
400 4394 506 4440 Pediatia
516 4410 559 4454 aste
567 4395 720 4460 (quarn)jar
733 4397 847 4444 l'aranas:
880 4393 927 4444 diae
937 4404 961 4444 et
971 4398 1084 4459 Sagana.

291 4455 320 4504 de
339 4457 438 4506 vocibus
455 4469 534 4519 ornae
551 4473 592 4521 pro
609 4469 640 4512 et,
659 4470 690 4516 et,
702 4470 758 4514 tan,
770 4478 847 4522 quiam,
913 4461 953 4508 47.
972 4461 1075 4515 Flesse
1091 4477 1106 4508 ο
1116 4475 1145 4508 ex
1158 4468 1242 4508 trunco
1253 4457 1364 4512 ficulneo,
1376 4457 1440 4520 ligno

291 4517 339 4566 vid.
348 4521 504 4572 Drakenb.ad
516 4521 566 4570 liv.
574 4523 638 4581 xxix,
649 4525 684 4580 la,
695 4525 707 4584 t
718 4527 742 4573 5.
765 4525 847 4574 Schol.
880 4523 1008 4574 admodum
1020 4477 1106 4588 fragili,
1120 4523 1209 4572 factus.
