3150 5200
594 342 759 408 LIBER
783 342 810 420 1,
833 346 865 407 6.

233 495 366 560 «Iudicio
383 494 483 578 vulgi,
499 516 596 557 sanus
613 494 751 558 fortasse
767 506 835 571 tuo,
851 496 941 577 quod

233 596 365 661 Nollem
381 617 463 660 onus
478 595 568 660 haud
584 618 726 680 unquam
742 596 857 661 solitus
871 607 1004 681 portare
1018 598 1199 663 molestum.

149 698 211 763 100
233 698 322 761 Nam
335 698 413 761 mihi
429 700 583 763 continuo
599 700 702 784 major
717 701 896 783 quaerenda
909 699 995 765 foret
1008 721 1072 777 res,

234 798 344 883 Atque
361 799 525 864 salutandi
539 800 668 884 plures3
692 802 864 865 ducendus
879 812 913 866 et
927 824 1013 865 unus

233 900 281 965 Et
295 924 402 967 comes
420 902 512 979 alter,
528 904 633 967 utine
649 902 737 967 solus
751 924 849 967 rusve
865 925 1042 987 peregreve

233 1002 386 1083 Exirem3
409 1004 521 1088 plures
535 1004 664 1069 calones
679 1015 778 1088 atque
790 1005 907 1070 caballi

233 1104 413 1185 Pascendi;
436 1106 588 1171 ducenda
602 1106 771 1189 petorrita.
819 1106 919 1170 Nunc
933 1105 1012 1169 mihi
1027 1118 1122 1171 curto

150 1206 212 1268 105
233 1203 285 1271 lre
300 1206 376 1271 licet
389 1206 487 1283 mulo,
504 1206 565 1283 vel,
583 1206 716 1284 silibet,
732 1229 837 1291 usque
851 1206 1043 1284 Tarentum,

233 1306 380 1374 Mantica
395 1312 447 1375 cui
462 1310 590 1374 lumbos
606 1331 704 1373 onere
720 1309 855 1386 ulceret,
871 1321 969 1392 etque
983 1332 1085 1392 eques
1100 1332 1217 1373 armos.

234 1404 379 1494 Objiciet
394 1434 488 1475 nemo
504 1412 618 1477 sordes
634 1410 723 1487 mihi,
739 1432 822 1493 quae
836 1412 908 1487 tibi,
924 1410 1025 1487 Tulli,

232 1510 343 1583 Quum
356 1512 498 1577 Tiburte
513 1513 566 1576 via
577 1523 750 1597 praetorem
765 1514 909 1597 quinque
924 1524 1106 1596 sequuntur

233 1611 285 1676 Te
300 1615 405 1697 pueri,
421 1614 567 1679 lasanum
581 1624 751 1699 portantes
765 1615 1057 1699 oenophorumque.

148 1715 211 1778 110
232 1713 308 1777 Hoc
322 1736 385 1799 ego
400 1717 610 1793 commodine,
627 1738 724 1800 quem
739 1728 786 1793 tu,
802 1717 958 1801 prae'clare
973 1728 1115 1794 senator,

233 1814 349 1880 Multis
364 1828 461 1903 atquc
477 1819 547 1883 aliis
563 1821 646 1882 vivo.
694 1819 899 1903 Quacunque
914 1820 1018 1883 libido
1032 1830 1094 1894 est,

233 1917 355 1982 lncedo
371 1920 475 1984 solus:
500 1932 685 2005 percontor,
702 1924 816 2005 quanti
830 1922 914 2001 olus,
929 1944 967 1986 ac
980 1921 1046 1985 fer:

233 2018 393 2084 Fellacem
408 2023 540 2100 circum,
557 2024 842 2107 vespertinumque
857 2046 991 2108 pererro

233 2120 329 2204 Saepe
344 2121 468 2201 forum3
492 2124 615 2188 adsisto
631 2125 765 2188 divinis:
789 2126 866 2190 inde
881 2126 1012 2189 domum
1025 2148 1076 2189 me

147 2224 210 2285 115
232 2220 288 2285 Ad
303 2225 393 2307 porri
407 2235 441 2289 et
453 2226 567 2289 ciceris
584 2224 689 2289 refero
703 2224 877 2311 laganique
892 2229 1043 2291 catinum.

232 2323 336 2389 Coene
351 2326 552 2391 ministratur
566 2329 675 2411 pueris
691 2328 817 2391 tribus:
841 2339 874 2392 et
888 2328 971 2413 lepis
986 2328 1080 2393 albus

233 2426 357 2491 Pocula
371 2451 445 2492 cum
460 2430 578 2513 cyatho
594 2432 661 2494 duo
677 2430 833 2493 sustinet:
857 2431 966 2494 adstat
981 2429 1115 2495 echinus

179 2598 286 2646 95-299.
304 2598 453 2663 Adsuetum,
464 2616 565 2665 quorum
583 2600 705 2650 nobilitete
737 2617 835 2650 moen:
864 2601 956 2657 Soloi„
976 2618 1024 2656 voe,
1049 2604 1073 2648 in
1097 2618 1141 2662 quo
1161 2611 1298 2650 monermer

146 2676 172 2709 se
190 2661 292 2725 jactaret
314 2662 387 2713 lilius.
422 2665 517 2726 Optem
538 2668 582 2714 siti
603 2669 705 2728 quisque,
738 2677 825 2714 eerrter.
881 2667 1035 2729 OEeoplsomte
1071 2665 1227 2776 (olmedpov,
1261 2681 1298 2714 sc.

145 2724 245 2788 eligeret
261 2726 308 2774 sibi
324 2727 433 2792 quisque,
446 2745 487 2793 per
503 2745 542 2779 me
557 2729 621 2786 licet,
637 2729 705 2778 alios.
738 2730 849 2790 σκεῦος),
856 2729 933 2778 corbis
939 2729 978 2779 vel
987 2729 1049 2778 cista
1056 2729 1106 2777 vini
1114 2743 1170 2793 amp
1187 2728 1235 2777 orie
1243 2745 1298 2794 por-

146 2789 258 2839 llonertos
268 2791 378 2840 Fascibus
388 2803 411 2841 et
422 2795 492 2851 sellis,
499 2802 608 2858 perantes
618 2809 705 2842 cousu-
738 2793 819 2842 tendis
829 2793 970 2844 inserviens.

145 2852 191 2900 lari
207 2853 324 2916 dignitete
344 2865 369 2905 et
387 2857 505 2922 majorum
524 2858 704 2922 magistratuum
772 2859 828 2907 110.
844 2858 903 2915 Hoc,
915 2859 946 2908 ob
960 2858 1005 2908 hoc
1021 2857 1123 2922 simplex
1136 2857 1190 2906 riter
1203 2869 1296 2919 genem

145 2916 235 2968 honore
244 2919 358 2984 insignes.
737 2921 770 2971 cl.
781 2921 813 2970 ed
822 2940 844 2971 r.
853 2924 894 2972 41.

181 2983 705 3042 101-104.841111α1ιι11,13111811οη0αᾶθ·
774 2987 828 3034 111.
857 2988 913 3041 Pro,
937 2985 1044 3034 Mittitur
1068 2994 1137 3046 etque
1157 2983 1220 3037 aliie,
1243 2984 1298 3033 dedi

147 3044 222 3106 nudi,
238 3047 304 3111 quod
318 3047 389 3097 fiebat
402 3063 488 3097 mane:
507 3051 616 3098 Mertiel.
626 3049 652 3107 ii,
667 3051 705 3108 18,
738 3065 793 3098 cum
804 3050 943 3099 Heindorlio
957 3047 1084 3098 lectionem
1097 3046 1210 3095 Lambini
1217 3064 1225 3105 ;
1242 3063 1298 3096 nem

147 3110 172 3164 ³,
182 3110 254 3160 Mene
263 3113 391 3160 salutatum
401 3116 466 3162 venio
474 3131 482 3170 ς
493 3121 519 3162 et
530 3113 562 3171 iv,
574 3116 599 3171 8,
612 3117 634 3170 l,
648 3114 704 3162 Pri·
738 3115 815 3162 millio
824 3118 873 3162 elie
883 3121 940 3162 eunt
949 3112 1044 3161 diverse
1051 3111 1136 3160 millia.

146 3190 183 3221 me
198 3176 326 3224 salutantes
341 3187 409 3240 etque
425 3179 500 3226 altera
515 3181 615 3227 continet
632 3181 705 3227 horo:
772 3180 827 3227 113.
850 3179 964 3226 Pollucem
986 3181 1086 3226 eurum:
1110 3175 1191 3224 Schol.
1211 3175 1296 3240 Cruq„

146 3237 240 3288 scilicet
256 3239 331 3289 nobili
346 3255 442 3305 quoque
457 3242 510 3290 loco
525 3241 575 3290 nati
590 3242 704 3292 honorum
739 3241 856 3291 Folleeenr
870 3245 929 3290 elisit
941 3240 1060 3306 (circum)
1069 3251 1164 3303 propter
1178 3242 1297 3287 wenesda-

145 3301 353 3366 adipiscendorum
368 3319 443 3363 cause
458 3305 558 3369 gretiam
573 3306 619 3354 sibi
635 3307 705 3356 colli·
737 3323 771 3354 eos
782 3307 949 3372 (impostores)
964 3316 987 3352 et
999 3307 1125 3367 sortilegos,
1135 3313 1156 3352 θ*
1172 3306 1297 3352 milm-

146 3381 203 3428 gere
210 3366 338 3416 studebant
345 3368 479 3418 salutando.
494 3370 620 3419 &tutandi
627 3374 705 3432 plures
737 3373 801 3427 ticos,
819 3375 859 3435 qur*
876 3374 911 3419 ud
926 3380 995 3418 metes
1012 3379 1146 3432 spectatores
1161 3370 1295 3416 circumste-

146 3444 203 3478 cum
213 3430 350 3480 Heindonio
362 3449 412 3498 pro,
423 3434 652 3500 salumunsplures
664 3451 704 3484 ac·
737 3437 802 3490 bont,
817 3447 840 3484 et
857 3438 972 3498 imperitos
987 3437 1086 3484 sortitm
1103 3443 1125 3482 et
1140 3435 1210 3497 nugis
1220 3432 1297 3497 felte·

146 3494 260 3558 cipiendi‚
272 3495 384 3560 equidem
394 3497 513 3562 explicere
524 3498 607 3547 nolim.
637 3501 704 3548 Coto·
737 3501 802 3548 bant.

146 3575 198 3607 nes:
215 3559 248 3608 cs.
259 3575 313 3625 sup.
325 3559 357 3608 ed
373 3562 423 3610 Set.
437 3561 456 3617 i,
468 3564 492 3619 2,
505 3564 545 3610 44.
580 3564 705 3620 Peter-rito,
773 3566 828 3612 114.
848 3564 951 3619 Divinis,
968 3561 1093 3624 sortilegis,
1111 3577 1188 3609 rerum
1204 3560 1297 3608 lutura-

148 3621 259 3672 vebicule
269 3623 319 3673 eive
330 3635 441 3690 carpente
453 3626 490 3675 vel
502 3625 581 3675 rhcdoe
593 3627 706 3677 Gallice.
738 3643 791 3676 rum
802 3628 905 3683 vatibus,
914 3627 953 3675 vel
963 3625 1110 3674 somniorum
1119 3623 1297 3688 interpretibus.

148 3687 271 3742 Ducenda,
283 3703 318 3737 sc.
330 3705 434 3745 mecum,
450 3697 478 3738 ut
493 3690 566 3754 penio
585 3701 641 3741 ente
661 3694 705 3739 clo·
739 3691 855 3740 Horatius
873 3700 963 3748 antem,
981 3690 1039 3739 dum
1058 3699 1087 3738 ut
1105 3689 1175 3737 homo
1191 3688 1298 3750 vulgaris

148 3754 233 3800 rendae
242 3761 263 3800 et
276 3770 336 3801 unus
348 3753 380 3800 Et
390 3769 459 3802 coenes
472 3755 546 3802 alter.-
563 3753 589 3803 in
603 3756 707 3806 editione
738 3755 856 3818 ejusmodi
864 3754 986 3803 hominum
996 3753 1094 3802 circulis
1103 3769 1129 3801 ss
1139 3751 1296 3809 immiscebat,

148 3814 320 3865 Heindorflsne
340 3817 426 3880 legitur
445 3819 554 3874 dumeta,
574 3834 706 3884 operemur,
740 3829 764 3867 et
782 3818 914 3884 vespertino
933 3827 1038 3884 tempore
1057 3817 1104 3866 huc
1125 3815 1185 3888 illuc
1203 3814 1229 3862 in
1247 3816 1298 3863 loro

147 3887 175 3927 ut
196 3879 299 3938 videtur,
320 3897 404 3930 errore.
440 3883 513 3932 Certo
531 3887 606 3932 mulo.-
625 3885 706 3934 Schol.
738 3882 969 3946 circumvegebetm,
988 3881 1093 3930 iaciebat
1114 3878 1213 3942 eliqmd,
1233 3879 1298 3942 quod

148 3943 235 4008 Cruq..
253 3946 316 3992 mulo
335 3949 410 3994 eundo
428 3957 512 4007 ουτω,
538 3947 648 4011 equidem
665 3965 707 4014 per
739 3946 908 3995 anobiliomm
918 3945 1035 4008 dignitate
1046 3944 1150 3992 uicum
1160 3943 1298 4006 putabatur.

148 4009 237 4056 mulum
252 4019 347 4058 curtum
365 4009 473 4074 intelligo
490 4011 583 4060 mulum
602 4013 664 4062 curti
682 4021 707 4062 et
740 4011 805 4061 Hinc
822 4011 904 4060 Schol.
915 4011 1001 4074 Cruq„
1013 4011 1104 4056 altioris
1119 4007 1242 4068 dignitatis
1258 4007 1296 4053 io.

147 4071 229 4135 exigui
248 4074 352 4136 corporis
370 4075 384 4138 (
385 4078 452 4123 einen
470 4077 561 4126 tutem
580 4077 706 4140 Klepper).
739 4078 810 4123 mitres
819 4078 953 4123 metuerent
966 4090 1015 4121 sero
1027 4075 1054 4119 in
1070 4073 1104 4118 lis
1120 4072 1187 4132 uulgi
1202 4071 1297 4118 circulis

148 4135 264 4193 Mentire,
287 4153 352 4204 pera,
375 4139 484 4188 cercina:
509 4139 588 4189 Schol.
606 4141 706 4206 Porph„
737 4141 865 4188 emeinere.
1033 4157 1035 4160 ’

147 4201 188 4248 tae
198 4201 358 4250 exterritans
368 4204 410 4250 ino
423 4214 524 4252 ameum
537 4215 583 4252 ese.-
600 4205 706 4254 Mantua
749 4239 750 4244 ,
773 4205 829 4252 115.
845 4204 995 4265 Lagenique:
1013 4197 1096 4247 schol.
1108 4198 1195 4260 Cruq..
1211 4198 1297 4273 tegare

147 4267 263 4313 cantherii
273 4275 343 4314 costes
351 4270 470 4330 grauitate
476 4271 599 4330 premebat.
738 4277 794 4316 sunt
813 4267 950 4330 placerent«
971 4266 1073 4327 quedem
1094 4263 1210 4324 vulgum,
1232 4277 1298 4323 quw

183 4329 320 4379 lot-109.
347 4331 436 4388 Sordes,
447 4331 565 4380 sordidam
577 4330 708 4381 avaritiam.
740 4333 900 4380 miracula
911 4331 1043 4391 composite,
1055 4344 1104 4390 que
1116 4343 1168 4374 cum
1182 4328 1260 4386 pipere
1274 4334 1296 4371 et

149 4391 246 4441 Tiburte
263 4397 310 4449 eia,
324 4405 420 4459 epona
439 4395 565 4459 Esquiline
584 4395 610 4443 in
626 4395 708 4444 villam
741 4399 865 4458 liqrmmine
875 4397 971 4443 sentite
981 4395 1081 4456 &promi
1094 4392 1195 4438 solebant
1211 4391 1242 4436 ed
1253 4405 1297 4436 ece·

146 4455 299 4506 Tiburtinam
322 4459 428 4522 plutoris
448 4457 559 4508 ducente.
592 4461 707 4522 Quinque,
740 4477 794 4508 num
812 4462 951 4507 moderatum
969 4457 1145 4519 separabilem.
1178 4453 1251 4514 Ergo,
1272 4461 1299 4500 ¹¹1

148 4519 219 4568 nimis
235 4521 306 4585 peuci
323 4537 364 4586 pro
380 4523 487 4586 praetoris
503 4523 627 4586 dignitate.
662 4525 708 4571 Lo-
742 4525 775 4572 eit
787 4523 945 4578 Heindorliue,
957 4520 1021 4586 qnod
1033 4519 1097 4585 apud
1107 4534 1160 4574 noe,
1173 4516 1277 4564 Plineen·

725 4607 736 4636 Ζ
