3150 5200
108 302 118 316 '
205 418 209 424 .
288 330 355 394 ,ιιι
669 329 1062 396 nnrsronnnnn

379 482 506 546 Tibure
520 481 571 546 vel
586 482 716 559 Gabiis,
732 491 765 546 et
780 491 888 547 tecum
903 484 950 548 sic
964 494 1058 568 agat:
1083 487 1106 518 ‘⁶
1119 484 1185 548 Hic
1200 493 1236 547 et

381 583 549 647 Candidus
565 595 599 647 et
614 582 696 647 talos
712 607 732 646 a
746 586 867 648 vertice
881 584 1019 668 pulcher
1033 585 1076 648 ed
1091 586 1186 662 imos,

338 687 359 748 5
381 685 455 749 Fiet
469 686 595 769 eritque
611 696 686 748 tuus
702 707 904 748 nummorum
918 685 1060 750 millibus
1076 696 1172 764 octo;

380 787 492 851 Verna
507 786 692 849 ministeriis
708 787 750 849 ed
766 796 865 850 nutus
880 798 977 871 aptus
992 786 1123 864 heriles,

378 889 549 952 Litterulis
566 888 694 952 Graecis
708 889 864 966 imbutus,
880 889 1017 952 idoneus
1031 889 1094 951 arti

377 989 538 1054 Cuilibet:
563 990 676 1074 argilla
690 990 821 1073 quidvis
835 991 1012 1054 imitaberis
1027 991 1112 1053 uda:

378 1090 468 1163 Quin
483 1093 579 1156 etiam
595 1102 689 1154 canet
704 1091 883 1169 indoctum,
899 1092 958 1155 sed
973 1090 1069 1154 dulce
1083 1091 1221 1154 bibenti.

314 1193 355 1255 10
377 1192 486 1256 Multa
501 1193 600 1256 fldem
611 1193 770 1276 promissa
784 1193 903 1269 levant,
918 1194 977 1257 ubi
991 1192 1118 1275 plenius
1133 1215 1230 1276 oequo

377 1293 509 1357 Laudat
523 1293 664 1370 venales,
680 1296 736 1377 qui
751 1295 820 1358 vult
838 1295 1026 1370 extrudere,
1040 1317 1177 1359 merces.

377 1395 447 1460 Res
463 1407 559 1480 urget
573 1419 624 1460 me
640 1396 744 1460 nulla:
768 1418 840 1461 meo
855 1418 926 1460 sum
941 1418 1067 1480 pauper
1080 1398 1114 1460 in
1129 1418 1204 1460 aere.

375 1496 484 1560 Nemo
499 1497 562 1560 hoc
577 1519 772 1581 mangonum
786 1497 909 1562 faceret
922 1499 1000 1575 tibi;
1023 1520 1089 1562 non
1104 1509 1224 1562 temere
1239 1519 1258 1559 e
1272 1518 1325 1559 me

375 1597 491 1670 Quivis
508 1599 607 1663 ferret
622 1601 725 1662 idem:
750 1599 848 1663 semel
864 1600 918 1663 hic
933 1600 1083 1675 cessavit,
1099 1611 1143 1675 et,
1159 1607 1196 1662 ut
1210 1598 1259 1674 fit,

314 1699 355 1762 15
376 1698 415 1762 In
432 1699 525 1763 scalis
539 1699 635 1764 latuit
648 1712 796 1765 metuens
811 1702 985 1785 pendentis
1000 1700 1149 1766 habenae.

373 1800 445 1864 Des
461 1823 618 1877 nummos,
635 1813 774 1885 excepte
789 1802 870 1866 nihil
884 1810 917 1865 te
933 1802 961 1864 si
975 1801 1054 1886 fuga
1067 1802 1169 1866 laedit.

375 1901 434 1966 Ille
450 1901 534 1966 ferat
548 1903 690 1987 pretium
704 1926 813 1988 poenae
828 1925 974 1980 securus,
991 1905 1116 1988 opinor.

374 2002 525 2068 Prudens
540 2005 646 2068 emisti
662 2005 830 2074 vitiosum:
854 2006 943 2069 dicta
955 2005 1015 2069 tibi
1030 2015 1081 2068 est
1095 2005 1167 2068 lex:

286 2187 376 2236 tatione
400 2188 516 2262 nullaque
534 2188 718 2252 largissimorum
737 2191 846 2257 premio·
879 2189 973 2248 riti,ita
988 2198 1069 2239 tamen
1084 2200 1113 2238 ut
1128 2207 1185 2240 cum
1194 2192 1317 2256 voluptate
1331 2205 1443 2238 mmet-

286 2252 846 2392 tttfttttltttl.ttitl‘itttitl‘*
878 2253 1444 2383 titott‘lt‘itltttmidt‘t

320 2381 343 2428 1.
361 2381 445 2428 Flore:
465 2380 496 2428 ed
512 2381 615 2431 eundem
627 2382 642 2431 J
646 2383 722 2431 ulrum
739 2383 844 2438 Florum,
878 2383 1058 2431 sustentandam
1069 2385 1202 2448 pertinebat
1211 2383 1281 2433 etiam
1291 2391 1387 2431 centus.

286 2442 330 2507 qui
349 2451 399 2491 tum
418 2444 442 2492 in
454 2444 544 2493 Tiberii
557 2445 660 2494 Neronis
677 2447 774 2496 cohorte
791 2463 844 2513 per·
913 2448 952 2494 12.
970 2447 1100 2510 Resurget
1117 2465 1151 2496 me
1161 2450 1238 2503 nulla,
1250 2455 1307 2496 cett.
1319 2461 1367 2494 non
1377 2445 1441 2493 diffi-

285 2521 340 2569 egre
353 2508 442 2563 aberat,
450 2509 538 2572 scripta
549 2509 646 2557 estlibri
657 2509 725 2574 primi
737 2511 845 2586 Epistola
877 2511 965 2565 cultas.
992 2526 1040 2558 non
1066 2529 1100 2560 res
1126 2512 1232 2560 alienum
1258 2527 1296 2559 me
1317 2509 1383 2575 cogit
1409 2508 1441 2557 ad

285 2569 363 2627 tertia,
383 2571 483 2620 eandem
507 2589 579 2638 quam
601 2574 651 2621 hee
673 2575 766 2625 Horatii
790 2591 845 2625 eum
876 2590 967 2624 merces
986 2575 1162 2637 extrudendum
1189 2592 1237 2625 non
1255 2575 1354 2640 quidem
1374 2573 1442 2625 dim

286 2635 357 2683 Floro
368 2634 549 2685 familiaritatem
562 2638 663 2701 spirans.
877 2656 939 2696 sum,
952 2639 1003 2696 sed,
1014 2641 1078 2704 quod
1089 2657 1169 2690 meum
1179 2650 1225 2699 est,
1237 2640 1324 2689 habeo.

317 2698 342 2745 ³.
360 2697 441 2757 Tecum
454 2703 487 2747 ric
502 2710 566 2763 agot,
578 2702 621 2749 tibi
631 2717 727 2749 vsmsm
742 2704 779 2751 his
791 2720 842 2751 ver·
910 2706 949 2760 1³,
965 2706 1002 2752 14.
1021 2706 1074 2753 Non
1092 2716 1173 2753 tenere
1186 2724 1202 2752 o
1216 2723 1251 2753 me
1268 2705 1351 2758 Quivis
1359 2703 1439 2768 ferret

282 2761 320 2811 bis
344 2770 368 2810 et
395 2762 440 2811 hac
463 2764 667 2814 commendatione
688 2768 843 2816 mercandum
875 2770 949 2817 idem.-
967 2769 1038 2833 plane
1056 2769 1306 2832 edformolamquam
1320 2783 1438 2833 srepeau·

283 2825 375 2874 offeret.
875 2831 954 2881 dimus
976 2832 1001 2880 in
1023 2832 1147 2890 nundinis,
1165 2835 1215 2881 Das
1238 2836 1293 2881 thoe
1315 2833 1354 2881 set
1374 2835 1440 2881 nicbt

317 2892 343 2937 4.
362 2890 489 2947 Candidus,
507 2906 554 2941 non
572 2890 602 2939 ad
620 2892 735 2950 animum,
754 2894 797 2943 sed
813 2896 843 2943 ad
878 2898 946 2944 leicht
960 2900 1033 2944 einen
1048 2900 1148 2954 ordo-n,
1159 2901 1213 2946 aber
1229 2900 1281 2945 weil
1296 2899 1329 2944 du
1346 2913 1370 2943 es
1387 2899 1439 2945 bist.

282 2953 413 3003 candidum
431 2970 470 3003 cor
503 2956 534 3003 ris
553 2957 656 3004 colorem
676 2958 842 3007 referendum:
879 2962 987 3016 cessavit,
998 2961 1032 3009 rei
1043 2961 1166 3011 elevandae
1178 2977 1251 3012 causa
1268 2977 1319 3025 pro,
1331 2960 1438 3023 oningin

283 3033 336 3073 nos,
348 3022 386 3067 ein
397 2972 514 3077 loiselii,
525 3023 619 3069 retiner
630 3021 697 3071 Kerl.
876 3042 961 3074 restore
971 3026 1036 3073 enim
1047 3025 1142 3082 dicitur,
1153 3026 1203 3091 qui,
1215 3041 1263 3074 non
1273 3024 1365 3074 iaciens
1374 3025 1438 3088 quod

315 3086 341 3131 5.
358 3083 411 3131 Fiet
427 3087 515 3147 eritque
531 3096 594 3141 tuor,
607 3100 687 3135 servus
698 3095 755 3135 tuus
766 3087 843 3136 mani·
876 3088 952 3137 lacere
968 3088 1047 3147 debet,
1063 3091 1215 3155 negligentia
1231 3097 1325 3137 tantum
1343 3089 1438 3153 culpem

281 3146 327 3195 bus
337 3148 386 3195 tuis
398 3147 517 3197 tradetur:
536 3148 591 3197 audi
605 3149 729 3199 formulam
743 3167 842 3216 mango·
876 3152 922 3200 sibi
934 3154 1067 3202 contrahit:
1085 3154 1118 3203 cl.
1130 3156 1208 3220 Epist.
1219 3153 1250 3202 ed
1262 3152 1314 3201 Pis.
1325 3154 1383 3201 357.

282 3210 330 3267 nis,
343 3210 487 3259 simillimam
499 3212 521 3259 ei
532 3228 581 3277 qna
592 3212 656 3277 apud
668 3230 711 3263 nos
725 3227 843 3265 mercato·
910 3219 948 3266 15.
974 3218 1003 3265 ln
1022 3221 1088 3266 scolis
1109 3221 1181 3267 latuit
1201 3230 1301 3267 metuent
1319 3219 1439 3278 pendeatis

280 3290 318 3322 res
330 3284 438 3333 utuntur,
451 3277 597 3325 Fir-sollu
616 3281 649 3326 du
667 3295 689 3326 es
708 3280 788 3337 haten,
800 3284 842 3329 solt
874 3282 979 3331 batum
1001 3283 1056 3330 Vet.
1069 3282 1150 3331 Schol.
1160 3293 1185 3332 et
1201 3284 1281 3348 plures
1299 3282 1438 3345 interpret&

282 3353 304 3385 es
315 3340 368 3386 dein
380 3356 443 3401 scyri.
870 3345 987 3409 jungunt,
998 3356 1100 3396 metuens
1115 3349 1204 3397 lobene
1219 3348 1341 3409 pendentis
1352 3347 1378 3392 iu
1388 3363 1438 3395 rer·

313 3402 337 3449 6.
358 3401 433 3449 Veron
450 3406 583 3453 minutulis
598 3408 628 3453 orl
644 3412 842 3469 notmaptusbe·
875 3411 903 3455 tis
921 3412 1006 3458 latuit:
1032 3412 1066 3459 cl.
1084 3411 1198 3460 celeberr.
1217 3411 1317 3459 Jacobs.
1333 3408 1365 3457 ed
1384 3409 1437 3459 An·

279 3466 349 3513 riter:
373 3465 432 3513 reler
452 3477 519 3527 optus
544 3468 574 3517 sd
601 3472 748 3529 minister-iim
772 3483 842 3538 aptus
874 3473 935 3521 tbol.
956 3474 1037 3523 Grec.
1055 3477 1086 3523 Τ.
1097 3475 1123 3531 ii,
1142 3492 1167 3540 p.
1177 3476 1213 3533 iii,
1252 3476 1328 3523 .172.
1362 3474 1437 3539 Equi-

279 3528 416 3579 ministeriis
427 3530 458 3578 sd
470 3532 519 3579 heri
533 3541 618 3583 nutum
630 3535 756 3583 obeundis.
873 3536 927 3586 dem
946 3539 1038 3595 malim,
1061 3549 1162 3587 oretum
1177 3492 1297 3602 pandatis
1316 3538 1357 3602 (in
1378 3555 1437 3603 quo·

312 3594 337 3642 7.
354 3594 477 3643 Litterulis
495 3598 580 3646 Grecis
601 3600 718 3647 imbotm:
736 3598 840 3649 dimino·
873 3617 920 3649 cun
939 3619 969 3651 ue
991 3601 1087 3650 demum
1110 3604 1177 3662 loco)
1195 3606 1286 3651 habesue
1308 3604 1381 3651 latuit
1398 3606 1439 3666 (se

280 3656 331 3705 tivo
349 3658 460 3707 litterulis
474 3662 590 3725 expressit
601 3663 663 3726 quod
676 3663 701 3711 in
714 3666 842 3714 vernacula
873 3619 1016 3724 occdltavit)
1034 3670 1060 3713 r'n
1076 3670 1150 3731 (sub)
1169 3671 1237 3717 scotis
1246 3686 1254 3725 ;
1275 3667 1438 3715 tenebricosos

276 3736 342 3779 voce,
365 3732 441 3781 etwas,
459 3726 627 3790 exprimimus;
650 3729 748 3776 vrrstelrt
773 3740 842 3779 etwas
873 3730 937 3777 enim
949 3732 995 3779 sub
1005 3731 1078 3779 scalis
1088 3733 1156 3780 locos
1170 3741 1316 3807 opportunus
1331 3739 1370 3779 est
1385 3746 1439 3779 sese

277 3788 415 3849 grieclirols.
873 3795 1036 3843 occultaturis.
1070 3798 1194 3846 Gesnerus
1202 3814 1228 3843 ιιι
1237 3795 1439 3844 bancremeffert

311 3852 335 3898 8.
353 3852 446 3913 Argitis
457 3854 546 3914 quiduis
557 3856 680 3902 imitaberis
690 3858 752 3903 odo:
764 3872 841 3915 exeo,
873 3857 953 3907 locum
973 3860 1095 3907 Ciceronis
1113 3878 1143 3909 ex
1162 3862 1232 3910 Orat.
1249 3876 1274 3924 p.
1289 3860 1347 3907 Mil.
1363 3875 1387 3906 c.
1406 3861 1438 3907 15

277 3920 390 3979 tanquam
410 3931 439 3963 ex
456 3916 548 3980 argilla,
560 3918 721 3983 quodcunque
733 3920 777 3968 tibi
789 3923 840 3987 pla·
873 3920 904 3970 de
923 3923 1019 3979 Clodio,
1036 3924 1078 3987 qui
1088 3926 1189 3989 fugiens
1203 3930 1229 3973 in
1244 3926 1361 3972 scotorum
1374 3936 1436 3971 tess-

276 3978 354 4026 cuerit
373 3980 480 4042 effinges.
525 3984 681 4046 Comparatur
703 4000 762 4047 puer
783 4002 839 4035 cum
872 3988 925 4033 bros
946 4004 969 4034 re
988 3990 1088 4037 obdidit.
1121 3991 1230 4045 Helene,
1253 3988 1360 4043 scutica,
1384 3987 1438 4035 lori.

276 4045 373 4104 argilla,
391 4060 421 4092 ex
440 4060 489 4107 qua
507 4046 594 4109 figulus
612 4064 654 4111 pro
673 4047 750 4095 lubitu
772 4051 841 4114 lingit
873 4051 946 4100 Ovid.
966 4052 1066 4101 Heroid.
1083 4052 1117 4109 ix,
1129 4056 1170 4110 81,
1182 4057 1272 4102 scotico
1290 4052 1438 4117 transactus

276 4108 409 4155 vasculum.
443 4109 531 4157 Omisit
548 4112 662 4159 lloratius
679 4112 718 4160 hic
734 4129 839 4179 quoque,
872 4116 973 4163 habenis.

275 4178 303 4218 ut
314 4186 376 4243 saepe
388 4170 446 4219 alibi
455 4172 518 4235 (vid.
528 4190 582 4238 sup.
591 4176 622 4223 ad
634 4176 711 4240 Epist,
720 4176 736 4233 i.
746 4179 771 4235 2,
783 4180 838 4239 42),
907 4181 995 4236 17,18.
1007 4181 1124 4254 illeso-ot
1132 4186 1242 4244 pretium,
1251 4188 1309 4248 cett.
1329 4182 1385 4229 Jam
1396 4195 1435 4228 se·

274 4236 415 4297 particulam
442 4239 634 4301 comparationis,
652 4243 733 4296 veluti,
751 4246 821 4291 sicuti
828 4262 838 4302 ,-
872 4243 954 4306 quitur
964 4245 1091 4310 epodosrs;
1108 4249 1181 4296 oratio
1192 4247 1257 4294 enim
1269 4246 1373 4294 cohrcoet
1381 4245 1434 4292 sic:

275 4298 310 4371 sic
321 4299 385 4372 apud
396 4315 439 4348 nos
450 4300 475 4348 in
486 4305 839 4368 vernaculacompamtiooibus
870 4308 897 4355 Si
916 4308 970 4371 quis
988 4309 1031 4357 tibi
1048 4310 1137 4359 vendat
1154 4327 1262 4375 puerum,
1275 4318 1308 4365 et,
1322 4310 1402 4373 siqua
1410 4309 1435 4357 ei

273 4364 414 4426 simpliciter
425 4365 507 4429 positis
519 4366 579 4413 nihil
591 4366 746 4431 frequentius.
871 4373 994 4421 adherent
1012 4373 1080 4431 vitia,
1098 4391 1127 4423 ea
1144 4384 1168 4424 te
1188 4374 1253 4423 haud
1269 4373 1348 4433 celet;
1364 4371 1433 4437 equi·

305 4428 330 4474 9.
348 4428 421 4475 Coset
443 4432 569 4486 indoctum,
591 4435 630 4481 sed
651 4434 718 4481 dulce
742 4436 837 4492 bibenti,
869 4436 933 4492 dem,
945 4437 1002 4487 teei
1013 4438 1043 4487 de
1062 4440 1172 4489 emtionis
1190 4438 1264 4505 pretio
1284 4438 1350 4488 baud
1367 4437 1434 4485 litem

273 4504 322 4547 non
340 4492 436 4555 quidem
455 4502 481 4541 ut
496 4502 587 4545 cenum
603 4496 660 4545 artis
678 4499 779 4548 canendi
795 4515 836 4565 pe,-
869 4499 992 4551 intendere
1011 4518 1089 4567 posse,
1109 4505 1301 4559 existimemus
1314 4511 1342 4551 tu
1356 4502 1434 4553 sciens
