3150 5200
564 335 727 402 LIBER
750 339 777 414 1,
801 339 854 402 20.

230 489 318 554 Hinc
333 489 394 554 ittae
405 491 569 555 lacrimae!
617 493 737 576 Spissis
752 492 886 575 indigna
902 489 1037 554 theatris

230 592 360 676 Scripta
374 593 478 676 pudet
492 593 640 670 recitare,
655 604 689 656 et
703 594 798 676 nugis
812 592 934 656 addere
948 593 1090 676 pondus,

230 693 265 758 Si
282 692 368 771 dixi3
393 691 509 768 Rides,
526 696 582 771 ait,
596 707 629 758 et
644 695 736 758 Jovis
752 696 886 759 auribus
901 695 963 758 ista

229 795 366 859 Servos:
390 794 465 858 fidis
481 796 565 858 enim
581 817 710 859 manare
724 797 854 879 poetica
868 795 962 859 mella

163 895 206 958 45
228 895 279 960 Te
296 895 410 973 solum,
425 897 485 961 tibi
500 896 647 980 pulcher.
692 895 748 960 Ad
763 896 835 960 haec
850 919 912 981 ego
928 899 1061 962 naribus
1077 899 1125 961 uti

227 997 399 1062 Formido:
423 1009 467 1075 et,
483 999 637 1062 luctantis
652 1009 748 1062 acuto
763 1021 804 1062 ne
820 1021 910 1063 secer
924 1001 1038 1083 ungui,

229 1099 392 1183 Displicet
406 1100 467 1164 iste
482 1100 585 1176 locus,
601 1100 714 1176 clamo,
731 1112 764 1164 et
780 1101 904 1165 diludia
919 1125 1031 1186 posco.

229 1199 345 1264 Ludus
361 1201 444 1264 enim
460 1202 573 1284 genuit
588 1202 751 1285 trepidum
766 1214 929 1267 certamen
944 1215 978 1267 et
991 1205 1081 1280 iram,

229 1300 283 1364 lra
298 1313 405 1366 truces
422 1303 603 1367 inimicitias
618 1314 651 1366 et
667 1302 805 1368 funebre
819 1304 950 1369 bellum.

544 1559 783 1623 EPISTOLA
809 1559 890 1624 XX.

463 1773 528 1818 ap
570 1741 777 1820 sinuum
819 1773 973 1821 suom.

226 1913 455 1978 Vaaruntrtttm
469 1913 665 1996 donumque,
681 1912 774 1988 liber,
792 1924 940 1996 spectare
957 1915 1093 1991 videris;

140 2038 143 2046 ·
227 2014 358 2079 Scilicet
373 2026 410 2078 ut
424 2027 552 2099 prostes
566 2014 731 2076 Sosiorum
747 2017 874 2098 pumice
889 2018 1039 2079 mundus.

138 2209 249 2265 expertus
262 2210 299 2249 est
312 2200 480 2266 judiciaque
491 2211 570 2250 umen
583 2200 697 2249 Horatius
729 2200 858 2250 exsudare:
877 2202 950 2250 Ovid.
961 2205 1025 2251 Met.
1034 2202 1068 2258 vi,
1079 2204 1136 2258 312,
1148 2214 1170 2251 et
1182 2205 1288 2251 amnas

139 2279 224 2329 parum
235 2265 341 2320 curarim
358 2264 394 2312 uti
405 2265 452 2314 scra
467 2273 546 2314 nostm
562 2273 632 2314 atate
650 2269 696 2312 ini·
728 2267 853 2312 etiamnum
868 2283 982 2315 nat-mara
997 2278 1102 2321 manant,
1114 2266 1155 2314 ubi
1166 2266 1236 2331 plura
1246 2283 1288 2315 ex-

139 2345 196 2391 qaar
206 2343 285 2378 eoram
297 2329 340 2393 qui
351 2338 489 2378 recensentes
503 2329 602 2378 audiunt
614 2344 697 2396 pamm
729 2330 811 2404 enipla
821 2329 852 2378 de
867 2330 912 2378 hoc
928 2329 1002 2396 hujus
1012 2330 1077 2379 verbi
1088 2345 1134 2378 utu
1144 2330 1191 2378 coll
1224 2331 1242 2378 't
1253 2332 1288 2380 N.

138 2408 250 2441 curamus
272 2393 410 2441 renuntias.
445 2393 572 2451 astartium,
590 2409 634 2468 par
650 2392 696 2441 iro·
731 2392 864 2452 Heinsius;
881 2393 987 2443 similiter
997 2395 1041 2444 ins.
1053 2394 1079 2442 in
1096 2394 1202 2460 Epista
1236 2396 1288 2444 Pia.

139 2455 213 2513 niam,
225 2465 252 2505 ut
266 2457 384 2531 ridetur..
405 2457 485 2532 llltop:
504 2458 547 2522 qui
566 2458 697 2533 aliquqma
729 2458 789 2536 4129,ι
796 2461 967 2540 ’νοτοωιαίίςιιὶι
976 2476 1003 2507 er
1012 2461 1084 2507 oralia
1094 2459 1184 2506 stillare
1192 2457 1288 2509 dicitur.

138 2521 525 2651 iliiqrddedltliiddit?iimdidimdiet,
537 2522 697 2651 qlrealsimtilidld
711 2646 717 2657 Ι
729 2522 1150 2651 Sliguddqilsadillelngariuctitmnexua
1165 2586 1238 2651 hujus
1251 2596 1288 2637 to-

138 2648 235 2704 vindex.
246 2660 369 2714 patronus.
729 2650 776 2698 tius
789 2651 836 2699 loci
846 2651 906 2699 milti
916 2651 1010 2701 ridetur
1025 2666 1078 2701 ease
1089 2650 1144 2699 hic:
1162 2652 1287 2710 Horatiae,

172 2715 212 2769 40,
232 2717 274 2762 41.
291 2716 397 2762 Amttre:
420 2714 462 2776 qui
480 2714 584 2764 studiose
602 2714 693 2778 aliquid
726 2714 768 2779 qui
779 2732 794 2764 a
805 2730 831 2763 aa
841 2716 966 2780 impetrare
983 2732 1031 2765 non
1043 2716 1129 2780 potuit,
1141 2725 1170 2764 ut
1180 2717 1287 2765 carmina

139 2785 260 2826 sectantur
271 2788 295 2827 et
308 2786 430 2844 appetunt,
442 2777 467 2825 id
477 2782 564 2827 ambire
575 2780 694 2828 dicuntur.
727 2794 770 2827 sua
780 2780 889 2829 recitaret
899 2795 978 2829 coram
989 2780 1102 2829 tribunali
1118 2779 1241 2828 hominum
1253 2781 1287 2829 ie·

140 2842 308 2891 Granniatt'eat
325 2844 412 2890 tritaet
433 2842 657 2899 Grammaticorum,
669 2852 697 2891 ut
727 2851 814 2899 tantm,
830 2844 872 2907 qui
889 2852 961 2893 artem
979 2845 1086 2893 criticam
1102 2845 1246 2893 exercebant
1262 2846 1288 2893 in

138 2904 173 2953 ita
188 2904 275 2963 dicam,
287 2906 389 2971 collegia
406 2907 482 2955 tacete
498 2907 606 2955 nominat
622 2910 697 2955 tritas
728 2908 863 2972 scriptores,
881 2924 905 2957 r.
923 2910 964 2965 42,
983 2924 1010 2957 aa
1029 2916 1128 2957 excusat
1149 2908 1214 2973 apud
1231 2908 1288 2957 itta·

139 2970 317 3025 Grammaticos,
328 2971 397 3035 quasi
406 2986 485 3082 penes
500 2986 541 3019 cas
554 2971 595 3036 jue
611 2970 695 3019 suffra·
728 2970 826 3035 pudore,
838 2988 887 3036 quo
903 2987 919 3020 a
934 2972 1085 3037 praelectione
1099 2986 1217 3035 nugarum
1231 2988 1287 3020 aaa·

138 3033 230 3097 giorum
246 3035 295 3083 aive
313 3034 391 3083 laudis
423 3034 575 3084 istribuendae
592 3042 696 3101 potestas
728 3050 780 3083 rum
802 3037 945 3084 retineatur:
968 3036 1046 3085 critici
1066 3034 1218 3099 respondent,
1239 3038 1287 3085 Sa·

138 3096 177 3146 sit.
211 3099 275 3147 Hinc
295 3100 342 3147 tue
361 3100 475 3147 latrina!
495 3098 551 3147 hinc
569 3099 696 3164 repetenda
728 3100 1176 3173 perbiapotiustuacarminibuatuia
1186 3099 1286 3148 recitan-

137 3170 174 3210 est
187 3162 403 3211 Grammaticorum
418 3162 534 3227 iniquitas
550 3172 576 3212 et
591 3164 696 3211 malevo-
728 3162 766 3210 dia
780 3164 903 3223 retineris;
921 3172 948 3213 tu
963 3164 1027 3212 anim
1043 3172 1158 3227 tanquam
1178 3163 1287 3211 omnium

137 3224 224 3274 lentia!
256 3228 310 3275 Hoc
326 3226 417 3274 dictum
434 3226 539 3275 Terentii
550 3227 629 3276 Andr.
639 3227 657 3283 i,
673 3230 694 3281 l,
727 3236 850 3291 poetarum
866 3230 956 3293 primus
967 3228 1072 3291 Augusti
1084 3235 1179 3275 tantum
1190 3226 1287 3276 auribna

136 3290 180 3344 99,
195 3290 247 3354 jam
264 3300 314 3339 tum
333 3291 362 3339 de
380 3290 491 3353 querelis,
502 3306 604 3355 quarum
623 3306 696 3341 causa
727 3291 802 3355 digna
811 3308 897 3340 canera
908 3291 953 3340 tibi
963 3292 1060 3341 videris.
1092 3290 1133 3339 Ad
1145 3290 1206 3346 hac,
1217 3292 1287 3355 qnasi

137 3352 233 3401 tandem
245 3354 357 3420 aperitur,
369 3354 394 3401 in
405 3355 553 3419 proverbium
564 3355 630 3404 abiit.
727 3370 781 3404 rere
792 3356 864 3411 dicta,
873 3357 984 3405 consulto
994 3356 1108 3405 Horatius
1119 3354 1179 3403 nihil
1190 3370 1287 3421 rospon-

170 3418 212 3473 41,
230 3420 270 3466 42.
293 3420 374 3481 aptata
393 3421 493 3482 indigna
513 3421 617 3476 theatris,
638 3428 695 3468 cett.
727 3418 776 3476 det,
792 3420 834 3468 sed
849 3420 917 3468 addit
933 3430 1035 3476 tantum,
1048 3420 1113 3469 Nolo
1128 3419 1234 3469 dicteriis
1243 3436 1286 3469 ro·

138 3480 218 3530 Pudet
235 3498 273 3531 ma
290 3483 404 3539 carmina,
423 3482 486 3530 haud
505 3482 578 3547 digna
596 3500 649 3558 quat
669 3484 694 3531 in
727 3483 821 3531 biacum
833 3498 954 3549 pugnarn
972 3485 1159 3533 namrobiacum
1170 3485 1287 3549 pugnanti

137 3544 249 3601 loco,ubi
261 3562 348 3610 magna
358 3546 480 3595 hominum
491 3547 626 3611 frequentia
636 3562 694 3596 con·
727 3546 826 3596 timendi
843 3556 899 3595 suat
915 3548 986 3596 vestri
1001 3564 1110 3612 unguen
1126 3548 1182 3596 nolo
1200 3548 1288 3598 venari

137 3609 211 3668 veuit,
220 3610 357 3667 audiantur,
368 3610 475 3667 recitare,
484 3620 508 3660 et
519 3614 695 3683 (fraglantiam
727 3610 752 3658 ia
771 3612 824 3659 loco
841 3611 882 3659 ubi
900 3612 956 3660 huic
973 3627 1060 3676 pagna
1077 3612 1199 3678 expositae
1215 3628 1268 3661 sum
1277 3630 1285 3673 3

135 3675 241 3735 modat)
252 3674 315 3724 lavia
330 3674 426 3723 reddere
436 3674 498 3723 velle
510 3690 599 3739 gravia.
631 3676 694 3737 Spir-
728 3674 822 3723 veniam
844 3691 875 3723 ex
896 3676 942 3723 hoc
964 3676 1022 3724 ludo
1043 3676 1147 3725 abeundi
1168 3685 1240 3741 peto;
1256 3693 1286 3726 aa

136 3738 167 3785 tia
184 3740 294 3788 tteatrir:
311 3738 354 3787 tut.
368 3738 444 3803 Epist.
456 3739 480 3795 ii,
497 3742 517 3795 l,
534 3740 575 3795 60,
591 3740 694 3786 Rama-
727 3739 784 3787 ludo
794 3739 857 3787 enim
868 3754 916 3787 non
929 3754 982 3787 raro
992 3740 1067 3789 oritur
1076 3750 1197 3789 certamen
1208 3749 1233 3788 et
1242 3742 1285 3797 ira,

136 3810 200 3849 areta
217 3804 303 3865 stipata
320 3804 424 3860 theatr03
441 3812 465 3853 et
481 3802 525 3852 inl.
537 3803 562 3851 io
575 3802 650 3869 Epist.
663 3802 694 3851 ad
726 3818 755 3851 ex
766 3803 802 3850 ira
812 3802 945 3851 inimicitiae
955 3812 980 3851 et
988 3804 1090 3853 bellum.

137 3864 190 3913 Pte.
201 3867 259 3922 205,
270 3870 341 3929 episto
352 3868 442 3915 sedilia.
759 3869 866 3916 45-47.
885 3868 988 3915 Nat-itur
998 3871 1037 3917 uti
1047 3867 1233 3932 (μυπηρίζειν)
1248 3868 1285 3916 di·

170 3930 275 3979 43-45.
293 3931 372 3985 Ridet,
390 3934 433 3985 att,
452 3938 508 3979 cett.
527 3929 560 3979 ait
576 3929 664 3995 aliquia
681 3946 694 3979 e
726 3939 821 3987 cuntur,
838 3931 881 4043 qui
900 3946 958 3979 naso
975 3946 1068 3979 aureum
1088 3939 1164 3979 tracto
1181 3930 1286 3994 aliquem

135 3992 200 4041 tribu
219 3994 392 4052 Grammatico,
404 3994 443 4043 Τιι
462 4009 506 4043 nos
521 3994 593 4050 ludia,
603 4003 630 4043 et
640 4008 693 4042 car·
726 3992 811 4050 rident,
823 4012 852 4044 ve
880 3998 921 4057 (ut
940 3994 1054 4043 Horatius
1070 4011 1125 4060 sup.
1137 3996 1188 4042 Sat.
1202 3994 1220 4051 i,
1232 3996 1256 4050 6,
1269 3999 1285 4045 5

136 4056 203 4105 mina
220 4066 263 4107 tua
281 4058 388 4122 Augusti
405 4057 501 4107 auribus
520 4074 617 4116 serram
640 4072 693 4123 per·
726 4058 845 4123 loquitur)
856 4076 911 4107 traso
921 4060 1120 4121 aduncoaliquam
1134 4062 1286 4120 impendunt.

135 4136 234 4169 nuatum
254 4122 318 4170 enim
337 4124 381 4172 tibi
398 4122 472 4171 habes
489 4124 583 4187 (fidit),
603 4131 626 4171 tc
642 4138 693 4171 esec
727 4122 829 4170 Dttudia
840 4123 936 4185 (Schol.
948 4122 1038 4187 Cruq.)
1052 4125 1166 4170 dieantnr
1175 4132 1285 4184 tempora,

134 4184 213 4233 tolum
225 4186 322 4251 acujus
334 4202 478 4236 cremonam
489 4186 693 4252 possintcarmina
725 4204 774 4249 que
792 4190 963 4251 gladiatoribus
984 4189 1142 4234 conceduntur
1159 4190 1221 4235 inter
1239 4189 1287 4235 dier

135 4248 309 4309 mellitissima3
327 4259 353 4299 tu
363 4250 407 4298 tibi
425 4250 470 4316 ipsi
484 4251 582 4299 mirifice
595 4250 692 4325 places!
726 4268 856 4308 numum,
868 4253 950 4314 quibua
963 4260 1101 4315 pugnatum
1116 4265 1172 4313 ergo
1180 4249 1232 4313 jam
1243 4266 1285 4299 ac-

135 4315 186 4369 an,
197 4324 224 4363 ut
279 4314 323 4363 sim
335 4318 420 4378 inqiut,
432 4315 549 4372 absolute,
562 4314 601 4362 uln
616 4314 693 4362 incer·
726 4314 875 4364 commodate
883 4315 914 4363 ad
925 4330 975 4363 ram
986 4315 1017 4363 de
1027 4323 1132 4379 tempore
1139 4328 1188 4378 quo
1198 4313 1285 4363 luden-

134 4386 175 4425 tua
187 4378 229 4442 qui
247 4392 284 4426 am
300 4380 401 4443 loquens
413 4380 450 4428 rel
466 4379 609 4443 respondens
624 4378 694 4428 indu·
726 4380 792 4427 tibus
801 4396 894 4429 cessare
900 4381 938 4428 vel
946 4379 1029 4427 ludum
1038 4379 1192 4428 intermittere
1203 4378 1268 4426 licat.

134 4440 215 4490 citur:
233 4441 282 4490 rid.
294 4444 375 4492 Beati.
388 4443 418 4491 ad
433 4446 483 4491 Sat.
498 4444 515 4501 i,
529 4446 552 4499 4,
565 4445 605 4491 79.
642 4444 694 4490 Ma·
758 4446 800 4492 48.
818 4444 915 4501 Gennit,
934 4444 1030 4507 gignere
1049 4444 1117 4491 solet.
1151 4444 1284 4504 Trepidam,

131 4524 191 4555 narr
205 4522 261 4556 cum
278 4508 415 4557 accusativo
425 4524 476 4571 pro,
488 4508 603 4562 emittere,
615 4508 693 4562 edere,
727 4509 909 4557 tumultuosum.

690 4574 731 4619 alt
