3150 5200
396 324 670 392 EPISTOLA
697 328 772 393 AD
805 331 1054 399 PISONES.
1239 339 1302 401 545

236 479 392 564 Impiger,
409 480 597 556 iracundus,
612 482 833 560 inexorabilis,
848 506 935 561 acer,
989 502 992 505 ’
1090 504 1094 508 ’

234 580 318 644 Jura
332 591 430 665 neget
447 582 510 645 sibi
525 593 612 659 nata,
630 581 710 647 nihil
724 605 789 648 non
801 597 932 669 arroget
946 588 1060 650 armis:

231 681 281 745 Sit
297 680 420 745 Medea
434 680 527 747 ferox
542 684 736 768 invictaque,
753 684 871 749 flebilis
886 686 958 763 Ino,

232 782 385 847 Perfidus
401 783 507 861 Ixion,
524 785 562 851 lo
578 808 671 869 vaga,
689 787 791 849 tristis
807 787 955 853 Orestes.

146 885 209 948 125
231 885 268 949 Si
283 886 363 969 quid
378 888 585 970 inexpertum
600 909 706 953 scenae
720 890 903 967 committis,
919 902 952 954 et
967 891 1070 956 audes

230 986 409 1051 Personam
423 987 561 1053 formare
577 1011 712 1067 novam3
738 1001 884 1054 servetur
899 992 941 1055 ad
956 978 1066 1069 imum,

231 1087 347 1161 Qualis
363 1090 406 1153 ab
421 1089 551 1174 incepto
566 1092 774 1175 processerit,
787 1103 822 1156 et
838 1094 900 1157 sibi
915 1104 1053 1159 constet.

230 1188 373 1253 Difficile
388 1201 439 1253 est
454 1193 584 1276 proprie
600 1194 783 1257 communia
798 1194 919 1273 dicere,
935 1208 1036 1280 tuque

230 1290 368 1355 Rectius
384 1289 519 1355 iliacum
534 1315 662 1357 carmen
678 1294 807 1361 diducis
822 1296 856 1359 in
870 1308 975 1375 actus,

145 1392 207 1457 130
228 1393 337 1466 Quam
353 1392 380 1455 si
395 1392 559 1477 proferres
573 1397 685 1480 ignota
700 1396 887 1481 indictaque
901 1400 1036 1482 primus.

228 1493 366 1559 Publica
378 1497 530 1579 materies
543 1497 661 1580 privati
672 1497 756 1579 juris
772 1498 845 1574 erit,
863 1500 893 1561 si

143 1682 181 1729 sed
200 1682 427 1739 sticcortavura,
451 1700 522 1745 neque
540 1698 587 1731 rem
604 1685 632 1729 alr
654 1684 702 1729 ulto
728 1684 819 1746 flebilis
834 1688 926 1741 occidit,
945 1684 1016 1734 Nulli
1024 1689 1129 1751 flebilior
1150 1708 1218 1752 quam
1241 1695 1293 1749 tibi,

141 1748 229 1811 origine
249 1754 347 1809 repetat,
364 1748 402 1794 sed
420 1749 547 1795 auditorem
565 1749 590 1794 irs
608 1748 703 1793 mediam
740 1747 826 1811 Virgili
836 1766 846 1806 ,·
864 1750 959 1797 Flebilis
969 1751 1064 1809 Hector,
1076 1752 1149 1801 Ovid.
1158 1754 1217 1803 Am.
1229 1755 1255 1811 ii,
1270 1757 1292 1813 l,

139 1824 188 1857 rem
202 1813 291 1872 rapiat,
304 1820 326 1857 st
341 1813 371 1859 od
387 1820 490 1859 eventum
500 1811 615 1877 sutirum
632 1826 703 1873 seque
736 1812 782 1871 325
800 1813 935 1872 autactive,
946 1830 1001 1878 quaa
1012 1815 1137 1865 demisere
1150 1826 1213 1867 sorte
1223 1819 1294 1869 lacri-

139 1876 584 1987 laisidmimimparsit'iigiw‘
622 1937 628 1947 ·
663 1944 703 1986 m
735 1890 787 1924 mas
800 1876 1052 1987 ttundebat,amarito
1068 1881 1161 1929 scilicet
1174 1897 1200 1931 se
1214 1898 1293 1948 perse-

223 1971 230 1986 .
277 1955 360 1995 amam,
399 1954 437 1987 ure
469 1956 476 1986 1
511 1954 542 1988 ns
564 1954 630 1987 cousi
751 1955 824 1989 uene
849 1956 921 1989 ressa.

140 2002 272 2051 umuutur.
382 1954 398 2002 q
631 1952 662 2001 gn
734 1954 919 2063 ι1124.Ρ1;τόη,
940 2022 981 2055 rex
1001 2007 1141 2057 Thessalia.
1175 2010 1292 2073 Perfidus,

174 2067 229 2115 120.
248 2066 406 2120 Honoratum,
425 2066 456 2114 ab
476 2067 580 2115 Homero
597 2066 703 2115 celebra·
735 2068 766 2115 ob
777 2068 894 2116 incestum
903 2086 960 2133 erga
967 2072 1088 2119 ,lunonem
1100 2088 1292 2139 amorcm,quem

139 2136 190 2177 tum
209 2129 330 2188 carmine;
346 2144 388 2194 per
398 2130 515 2191 λιτότητα
539 2147 591 2196 pro,
609 2130 703 2178 heroem
735 2132 805 2180 Jovis
830 2132 932 2182 conviva
954 2134 1015 2183 adeo
1036 2136 1151 2185 exsatiare
1171 2137 1292 2202 cupiebat.

140 2190 273 2243 celebrare:
293 2194 344 2243 Cic.
357 2193 387 2242 da
397 2193 508 2243 Divinat.
519 2210 542 2243 c.
554 2196 595 2250 40,
605 2194 699 2255 Amphi·
733 2195 767 2252 Io,
780 2196 867 2244 Inachi
882 2196 940 2256 tilia,
955 2207 1043 2247 curu‘a
1057 2201 1127 2258 Jove,
1143 2201 1174 2248 ob
1188 2199 1248 2249 imm
1267 2211 1292 2251 et

140 2274 221 2305 arcum
239 2260 271 2306 sic
287 2258 480 2322 bnmcuitscmr
493 2260 596 2315 Gracia,
607 2260 663 2305 deris
673 2268 701 2305 ut
732 2258 813 2307 odium
834 2276 882 2323 quo
898 2262 965 2310 Juuo
981 2277 1035 2311 saur
1052 2272 1080 2311 ut
1095 2264 1164 2312 Jovis
1181 2265 1291 2328 pellicem

140 2322 269 2370 trebuetur.
320 2322 431 2383 Repertis.-
462 2340 546 2384 ponere
574 2320 700 2389 (lordum)
733 2324 1217 2389 vexabatetbucillucagitubat,mutata
1228 2339 1292 2379 esset

139 2385 168 2433 de
180 2386 318 2450 pictoribus,
335 2401 386 2497 pro,
400 2385 540 2442 describere,
553 2386 700 2443 adumbrare,
733 2389 874 2443 iuvaccam,
886 2398 941 2453 post
951 2391 1038 2439 multos
1054 2407 1143 2441 errores
1158 2392 1183 2439 irs
1197 2394 1290 2458 AEgyp-

137 2448 186 2497 vid.
198 2465 252 2515 sup.
264 2452 294 2501 ad
312 2452 334 2498 Ο
353 2450 407 2505 .iv,
422 2452 446 2505 8,
458 2452 490 2509 ὃς
511 2467 618 2513 reponere
629 2449 700 2513 igitur
732 2458 782 2499 tum
793 2451 894 2508 venisse,
906 2453 996 2501 Osiridi
1014 2454 1048 2502 ibi
1067 2471 1100 2503 nu
1130 2456 1185 2512 isse,
1196 2465 1220 2504 st
1237 2466 1291 2522 post

139 2529 190 2577 pro,
201 2514 231 2563 de
239 2514 332 2579 integro
342 2524 397 2579 post
407 2514 537 2563 Homerum
549 2513 690 2563 describere.
732 2524 831 2563 mortem
841 2517 888 2565 Isis
898 2517 962 2566 iacta
970 2532 1022 2567 esse
1035 2518 1061 2566 iu
1073 2518 1098 2567 fa
1114 2519 1161 2567 ulis
1172 2519 1291 2582 traditur;

173 2579 228 2628 121.
253 2577 355 2644 impiger
374 2580 510 2644 (despue),
530 2595 566 2629 sc.
586 2579 617 2628 sit
635 2577 700 2643 quod
732 2579 788 2629 hinc
806 2579 850 2629 ille
865 2599 935 2645 ocgo.
968 2582 1051 2631 Tristis
1062 2583 1167 2632 Orestes:
1184 2584 1291 2644 Orestes,

137 2658 161 2689 v.
179 2644 224 2691 12³
241 2645 357 2709 sequitur.
391 2643 431 2692 Sic
448 2659 503 2709 sup.
521 2643 615 2698 Od.iv,
632 2643 700 2698 &30
733 2644 923 2707 Agamemnonis
951 2655 975 2694 et
1000 2647 1189 2711 clytemnestra
1217 2649 1289 2709 lilius,

142 2705 254 2756 Hercules
265 2713 370 2772 impiger,
384 2715 408 2756 et
426 2708 530 2757 Tiberius
546 2708 595 2757 od.
612 2708 644 2765 iv,
657 2709 697 2764 14,
731 2723 802 2772 quam
825 2711 908 2758 matris
931 2709 1050 2774 sugerius
1070 2711 1189 2776 pollutum
1211 2714 1290 2762 Furiae

137 2771 279 2836 ‘22impigcr
295 2773 401 2820 Hostium
419 2789 498 2820 ucrcrc
515 2782 612 2820 turmas.
644 2771 697 2819 lra-
731 2771 835 2835 agitasse
850 2772 972 2831 dicuntur,
984 2773 1044 2823 tristi
1060 2784 1085 2823 et
1098 2777 1234 2825 miseranda
1250 2779 1288 2826 su-

137 2838 226 2884 cursdus
237 2835 394 2910 (ὀξύχολος),
413 2843 498 2884 natura
517 2835 547 2883 ad
568 2835 626 2883 iram
644 2851 698 2910 pro·
731 2837 828 2884 rentiss
873 2837 896 2885 ie
912 2838 938 2886 iu
954 2838 1077 2900 tragodiis
1088 2839 1186 2906 (Eurip.
1197 2842 1289 2898 Orest„

137 2897 214 2956 clivis,
224 2899 355 2949 irritabilis.
372 2899 536 2958 irreserabilis,-
547 2901 581 2948 sic
591 2899 700 2948 richilles
732 2900 826 3010 Sopboc
839 2936 844 2948 .
855 2901 959 2964 Electr.)
969 2901 1067 2950 sistitur.

137 2976 191 3027 sup.
210 2964 258 3012 Od.
276 2965 293 3022 i,
311 2965 364 3022 6,6
381 2967 458 3012 cedere
474 2967 569 3019 numus,
581 2972 606 3012 et
618 2963 697 3028 Epod.

138 3027 177 3084 17,
209 3029 239 3077 14
266 3031 380 3091 pervicac.
429 3029 496 3082 Acer,
518 3027 603 3091 gravis,
627 3028 696 3076 vehe-
730 3035 831 3076 tractata
846 3030 976 3094 unicuique
992 3029 1117 3078 tmctauda
1132 3046 1157 3079 se
1177 3031 1288 3088 offerunt,

137 3105 212 3149 meus,
237 3095 334 3142 minax:
361 3093 459 3140 Homer.
482 3091 554 3140 Iliad.
576 3109 617 3148 xx,
640 3093 696 3146 461.
730 3109 785 3157 quse
795 3093 1287 3159 tanquaminlococommuuipalampro-

134 3155 171 3202 os
191 3155 239 3220 γάρ
260 3176 283 3206 rr
302 3155 460 3222 γλυκύθυμος
488 3156 553 3220 ἀνὴρ
577 3155 622 3213 ἦν,
648 3154 698 3205 οὐδ’
730 3154 808 3221 posita
823 3172 837 3203 a
854 3156 962 3220 quolibet
972 3173 1014 3222 pro
1031 3157 1110 3206 lubitu
1126 3157 1181 3222 capi
1197 3167 1222 3206 et
1236 3161 1288 3208 tolli

137 3218 297 3286 ἀγανόφρων,
309 3221 389 3270 Ἀλλὰ
400 3219 456 3285 μάλ’
467 3219 604 3285 ἐμμεμαώς.
730 3229 838 3285 possunt.
873 3223 971 3284 Proprie
981 3224 1064 3278 dicere,
1076 3237 1118 3287 pro
1135 3221 1177 3279 na,
1189 3237 1251 3271 nova
1263 3231 1289 3273 et

173 3286 225 3333 122.
241 3287 304 3334 duro
318 3296 385 3350 neget
399 3286 443 3332 sibi
458 3295 523 3340 nutu,
540 3284 601 3332 nulli
611 3283 698 3348 jurise
729 3283 845 3350 peculiari
856 3294 905 3334 arte
916 3302 1048 3351 exponere:
1067 3286 1123 3352 pulc
1176 3287 1288 3345 Vossius,

136 3347 264 3398 obnoxium
277 3350 421 3414 profiteatur.
730 3351 819 3396 Sciuer
835 3348 894 3405 ist’s,
911 3353 989 3414 rigens
1008 3351 1088 3399 Wesen
1106 3367 1149 3398 sus
1163 3352 1287 3414 Allgsmci-

170 3413 226 3461 123.
243 3414 279 3462 Sit
298 3414 379 3462 Medea
387 3413 459 3487 serm
475 3414 613 3475 invictaque,
627 3413 697 3477 cujus
729 3429 780 3460 nem
800 3429 829 3461 zu
850 3414 936 3462 hildes.
970 3415 1049 3478 Tuque
1071 3415 1167 3462 Rectius
1188 3415 1288 3464 Iliacum

135 3473 201 3524 ferox
212 3487 236 3526 et
247 3477 457 3534 immitiseurmns,
470 3491 526 3524 cum
537 3476 630 3526 fratrem
643 3477 696 3524 Ab·
729 3493 821 3524 carmen
841 3479 933 3526 diducis
952 3480 979 3525 irs
999 3488 1081 3527 actus:
1104 3478 1193 3528 rectius
1216 3494 1286 3542 argu·

135 3549 226 3603 syrium
243 3540 392 3607 discerperet,
403 3547 427 3590 et
445 3539 542 3589 Jasouis
551 3540 656 3652 perfidia
672 3541 697 3589 iu
729 3549 811 3589 menta
823 3540 875 3604 jam
891 3547 994 3590 tractata
1008 3543 1040 3590 ab
1055 3541 1110 3590 aliis
1125 3558 1148 3591 e.
1158 3558 1181 3590 c.
1191 3558 1222 3592 ex
1235 3545 1287 3592 Ho-

133 3603 237 3653 lurorem
253 3612 308 3654 acta
326 3605 388 3654 lilios
413 3619 469 3652 suos
491 3604 551 3652 truci
569 3613 627 3661 aret,
649 3620 697 3653 non
730 3604 788 3652 meri
808 3605 912 3653 canniue
930 3605 1008 3654 Iliaco
1024 3605 1106 3654 hauris
1123 3616 1149 3655 et
1165 3606 1190 3654 in
1240 3614 1288 3656 rtes

135 3667 202 3716 vinci
213 3677 238 3718 et
248 3669 300 3717 iren
318 3669 428 3735 'potem
442 3667 540 3717 nefandi
551 3669 646 3717 sceleris
655 3685 696 3717 co·
729 3667 950 3731 sciteageudasdis
980 3668 1181 3719 rtisetdescribis.
1268 3672 1287 3708 ’-

134 3731 258 3796 gitatioue.
292 3686 344 3790 Hic,
356 3733 443 3783 Cadmi
454 3742 478 3782 et
488 3732 629 3781 Hermiones
638 3733 695 3790 filia,
728 3747 807 3787 onem,
824 3748 839 3780 a
859 3733 909 3781 Fea
927 3749 957 3782 ex
976 3733 1068 3788 ibium,
1086 3736 1179 3783 diducis
1193 3734 1286 3798 vulgari

133 3811 188 3844 cum
208 3797 319 3846 maritum
336 3813 414 3853 suum,
434 3797 613 3852 Ammontem,
631 3796 695 3846 'l'he-
728 3795 825 3844 lectioni
846 3799 940 3845 deducis
959 3797 1070 3860 pretuli,
1093 3800 1201 3846 diducere
1221 3797 1287 3846 euim

134 3860 251 3910 banorum
279 3877 369 3927 regem,
393 3860 435 3925 qui
465 3861 543 3910 furore
573 3869 695 3925 correptus
727 3859 848 3923 eleganter
869 3859 957 3908 dicitur
978 3860 1008 3909 de
1034 3860 1142 3909 lontibus
1163 3877 1177 3910 e
1198 3861 1286 3923 quibus

134 3925 201 3973 uxori
227 3933 326 3975 mortem
352 3925 495 3982 intentabat,
518 3939 566 3973 non
592 3925 696 3990 amplius
727 3939 792 3988 aqua
801 3924 918 3980 dimanat,
928 3933 953 3973 et
963 3924 988 3972 in
999 3927 1097 3972 diuersos
1111 3924 1200 3973 rivulos
1213 3927 1285 3973 didu-

134 3988 240 4052 effugere
257 3999 346 4055 posset,
358 4005 407 4038 una
426 4005 482 4038 cum
499 3989 548 4036 filio
565 4005 610 4037 suo
620 3989 693 4038 Meli·
726 3992 798 4037 citur.

132 4063 196 4102 certa
217 4069 243 4103 se
266 4055 291 4102 in
309 4069 375 4103 mare
394 4053 461 4102 dedit
479 4053 632 4119 praecipitem,
653 4053 695 4103 ubi
762 4053 898 4101 131-135.
916 4053 1130 4100 Publicanutcriss
1142 4053 1230 4111 priuati
1238 4055 1284 4113 ju-

133 4125 227 4166 mutata
242 4126 279 4166 est
292 4117 317 4166 iu
335 4118 403 4168 deam
419 4118 543 4173 marinam,
556 4119 597 4166 cui
608 4132 695 4167 nomen
727 4120 761 4165 ris
776 4120 836 4164 erit:
851 4115 1043 4179 metonomiam
1056 4116 1088 4163 ab
1105 4114 1159 4162 aliis
1176 4115 1285 4179 publica·

135 4190 187 4229 erat
204 4181 341 4238 leucothea,
358 4181 394 4230 uti
410 4182 473 4230 filius
495 4181 630 4230 Melicertes
649 4183 696 4230 sub
727 4189 776 4230 tarn
794 4189 819 4229 et
834 4180 860 4228 iu
875 4179 954 4229 medio
964 4179 1065 4244 Ροείωη
1078 4177 1166 4243 poteris
1179 4177 1222 4226 tibi
1232 4195 1285 4243 pro·

133 4245 230 4294 nomine
242 4247 357 4295 Palemon
373 4245 412 4296 dei
429 4246 514 4295 marini
528 4245 640 4294 honorem
655 4261 694 4295 ac-
727 4245 803 4310 priam
813 4244 968 4299 laceraretur
979 4259 1048 4292 usum
1060 4242 1176 4307 privatum
1186 4257 1284 4292 couver-

132 4309 205 4373 cepit.
238 4311 270 4358 In
287 4310 372 4358 sabula
388 4311 445 4359 lnus
461 4310 547 4359 mirum
563 4309 588 4357 iu
599 4310 695 4358 modum
727 4318 784 4366 tere,
805 4309 827 4356 si
845 4323 922 4372 neque
939 4310 1010 4358 rebus
1026 4307 1087 4356 tritis
1104 4315 1130 4356 et
1144 4306 1286 4369 vulgaribus

135 4373 227 4423 variant
236 4382 261 4422 et
275 4373 411 4440 discrepant
426 4374 558 4440 scriptores.
592 4375 695 4429 Flebilis,
727 4373 811 4440 putide
821 4373 990 4429 immomberis,
998 4387 1087 4436 neque,
1095 4370 1168 4419 sicuti
1176 4370 1284 4420 fldusiu·

132 4447 175 4487 aut
185 4438 288 4504 passive,
300 4438 374 4502 digna
385 4438 536 4487 miseratione
552 4445 576 4487 et
593 4439 696 4495 fletibus,
728 4447 817 4503 terpres
838 4437 1036 4502 (comparationis
1058 4435 1176 4500 particula
1198 4446 1226 4484 ut
1254 4434 1285 4483 ad

133 4517 188 4566 sup.
206 4502 255 4553 od.
274 4503 292 4558 i,
308 4503 349 4558 24,
368 4504 394 4561 9,
416 4503 456 4559 10,
476 4503 561 4551 Meritis
576 4504 617 4550 ille
635 4505 698 4551 bonis
722 4504 791 4566 Jidus
811 4505 924 4563 interpres
943 4501 1031 4549 omissa
1049 4507 1095 4558 est,
1114 4499 1163 4548 vid.
1182 4497 1286 4565 suprad

686 4582 731 4614 nn

778 2965 820 3020 28,
848 2967 903 3014 129.
931 2968 1073 3021 commuuio,
1098 2982 1154 3030 quaa
1181 2968 1288 3018 noudum
