3150 5200
570 346 735 413 LIBER
758 350 787 428 1,
810 353 864 416 24.

367 548 372 557 .
394 500 569 565 Dimovere
584 500 724 579 lscertae,

435 600 482 663 Et
496 600 595 665 eorde
610 612 644 666 et
658 605 798 686 genibus
814 606 932 669 tremit.

351 700 456 785 Atqui
472 722 536 765 non
550 724 612 785 ego
627 713 671 779 te,
689 704 780 787 tigris
796 716 834 768 ut
846 727 975 789 uspers,

289 803 330 865 10
352 801 543 865 Gaetulusve
558 803 620 879 leo,
637 803 787 889 frangere
802 828 993 890 persequor.

388 902 537 967 Tandem
552 904 665 970 desine
679 918 815 971 matrem

431 1004 643 1089 Tempestiva
658 1007 750 1091 sequi
764 1009 845 1074 viro.

525 1292 732 1359 CARMEN
757 1296 891 1363 XXIV.

545 1490 602 1537 AD
624 1490 872 1541 VIRGILIUM.

351 1630 438 1701 Quis
453 1630 617 1695 desiderio
634 1631 676 1692 sit
689 1631 798 1714 pudor
810 1643 868 1696 eut
881 1634 996 1697 modus

350 1730 434 1795 Tum
449 1734 516 1797 curi
530 1732 667 1815 capitis?
691 1732 838 1818 Praecipe
853 1734 1009 1819 lugubres

348 1831 483 1910 Cantus,
501 1832 718 1916 Melpomene,
736 1835 788 1897 cui
803 1834 959 1919 liquidem
974 1834 1074 1899 Peter

390 1933 515 1999 Vocem
530 1956 603 1999 cum
618 1933 742 1998 cithera
757 1936 859 2001 dedit.

292 2034 314 2095 5
347 2034 438 2118 Ergo
453 2034 667 2107 Quinctilium
680 2049 860 2119 perpetuus
876 2061 974 2122 sopor

125 2216 205 2328 plene
221 2214 343 2278 ingeniose
356 2224 381 2263 et
397 2216 516 2265 levissime
531 2218 691 2267 mutetioneu
723 2230 820 2267 carmen
839 2235 893 2269 esse
911 2220 942 2269 ed
963 2236 1077 2285 magnum
1099 2220 1167 2268 illum
1187 2226 1280 2284 pssum

152 2278 243 2329 entleio
265 2279 395 2327 constitute
416 2279 494 2339 lectio,
512 2280 554 2331 ubi
575 2285 648 2344 vepris
668 2288 693 2329 et
723 2280 860 2339 Memnem,
888 2300 944 2333 cum
971 2300 1001 2333 ex
1027 2300 1119 2332 summu
1144 2300 1199 2347 que
1221 2283 1283 2331 inter

123 2346 204 2391 rubus
224 2343 317 2407 egregie
337 2344 383 2392 sibi
409 2346 561 2409 respondent,
582 2360 644 2403 eum,
665 2345 692 2392 in
724 2348 1046 2412 utrumquepoetemvigoit
1059 2347 1171 2405 micitia,
1186 2356 1280 2395 tumes

126 2414 226 2456 textum
235 2416 540 2472 receptumseentussum.
569 2410 692 2457 Mobilibus
725 2424 748 2456 v.
772 2412 812 2468 13,
838 2414 868 2459 ll
895 2413 977 2477 colligi
998 2420 1085 2477 potest.
1133 2410 1281 2469 Quinctilius

115 2473 197 2537 jblils
213 2472 334 2527 inhorruit,
350 2472 481 2537 ἀορίστως,
499 2473 548 2521 leni
566 2472 689 2521 mobilium
722 2483 803 2523 sutem
820 2474 884 2524 idem
900 2492 952 2526 esse
963 2476 1064 2535 videtur,
1080 2476 1150 2541 cujus
1159 2478 1280 2539 judicium

123 2534 244 2583 loliorum
260 2535 360 2593 horrore,
376 2536 403 2584 h.
417 2552 441 2585 e.
453 2538 580 2602 agitatione
600 2536 690 2603 impelli
721 2540 1063 2589 maurimontis
1082 2539 1161 2607 Epist.
1178 2540 1209 2587 ud
1229 2538 1280 2587 Pis.

126 2600 204 2648 solet.
244 2603 280 2648 Ad
298 2611 399 2658 uentum,
420 2601 445 2648 h.
464 2617 487 2650 e.
510 2603 581 2651 flente
603 2611 688 2651 ventor
722 2619 748 2651 v.
771 2605 819 2653 433
846 2605 966 2662 laudetur,
989 2606 1020 2655 ds
1045 2623 1093 2672 quo
1119 2605 1280 2669 Hieronymus

126 2663 207 2712 ovid.
221 2665 290 2714 Trist.
305 2666 323 2722 i,
342 2667 380 2724 10,
397 2667 422 2721 3,
440 2665 491 2714 Siue
508 2683 562 2729 opm
576 2678 608 2715 ost
627 2669 691 2724 uelit,
725 2667 815 2716 Chron.
835 2670 925 2718 Euseb.
945 2670 976 2719 sd
993 2670 1091 2736 Olymp.
1109 2685 1239 2725 crxnrrr,
1266 2669 1277 2714 1

124 2731 248 2802 minirum
258 2732 312 2779 tene
321 2733 397 2778 currit
409 2729 458 2792 (sc.
467 2730 548 2796 nevis)
556 2733 587 2778 rui
597 2747 688 2789 aurum,
722 2733 769 2842 91.
781 2733 813 2784 C.
823 2735 955 2798 nccxxrx)
970 2735 1023 2783 brec
1037 2743 1118 2784 notet:
1137 2733 1281 2788 Quinctilius

128 2793 159 2840 b.
171 2807 192 2840 e.
204 2793 463 2842 minimorumflente.
742 2800 887 2852 remouendi,
901 2799 1131 2862 Virgiliietliormii
1138 2797 1279 2862 familiaris,

163 2857 253 2904 9-12.
271 2859 377 2906 Getulus
393 2860 433 2914 lio,
450 2858 488 2907 leo
506 2857 635 2908 Africanus
649 2873 690 2922 pro
721 2863 828 2908 moritur.

125 2920 218 2985 quovis
229 2921 285 2977 elio,
298 2921 356 2985 quis
365 2922 461 2970 leonum
473 2937 559 2988 parens
572 2931 596 2972 et
611 2922 691 2970 nutrix
757 2925 829 2971 1-1.
847 2926 905 2978 Quis
912 2925 1023 2972 desiderio
1029 2927 1060 2972 sii
1069 2926 1194 2984 prrdornut
1200 2925 1280 2970 modus

124 2983 418 3050 estrifrics,cujuspsrs
429 2986 543 3035 Getulis.
578 2987 689 3051 Tssrou·
724 2987 780 3034 Tum
788 2991 838 3035 curi
846 2990 944 3050 cupitis?
959 2987 1139 3052 quampulchre
1148 2985 1281 3035 utbreviter

120 3065 184 3113 gere
192 3065 319 3113 persequor,
333 3051 419 3099 Grece
430 3065 480 3116 pro,
492 3059 516 3099 ts
526 3050 689 3115 frangendum,
723 3051 876 3115 provulgari,
889 3050 937 3107 oui,
950 3067 1040 3114 queso,
1052 3049 1162 3098 dedecori
1175 3051 1206 3098 sit
1215 3050 1278 3098 desi-

123 3113 169 3161 vel
191 3121 217 3161 ut
233 3123 258 3163 te
275 3114 397 3178 nungam:
405 3117 541 3226 surgere,
559 3113 589 3163 ds
605 3114 692 3162 belluis
724 3114 816 3164 derium
824 3114 1115 3181 quotumcumsemicus
1129 3114 1279 3176 efflagitatur,

123 3175 311 3226 immanioribus
332 3193 384 3242 pro,
422 3178 546 3243 incorpore,
567 3178 692 3234 dilaniare,
724 3179 762 3226 vel
780 3179 835 3243 quis
851 3179 948 3227 modum
959 3178 1024 3228 ineo
1039 3177 1237 3233 tenere,h.o.ub
1251 3191 1280 3225 eo

123 3239 248 3306 ἀγνύναι.
282 3242 420 3304 Tempestivus
438 3245 494 3298 uiro,
515 3242 540 3289 b.
555 3257 577 3291 e.
591 3242 688 3298 nubilis,
721 3242 766 3290 sibi
780 3251 917 3316 temperare,
928 3243 1023 3291 vulcat?
1058 3243 1113 3289 Tum
1124 3244 1279 3302 concupitis:

123 3304 690 3432 ‘iii‘lii?'ors‘i‘l‘iiiliiimsi'biil
722 3307 878 3433 Milli
887 3305 1147 3420 11311311
1163 3307 1279 3435 itii·

123 3443 226 3482 rnatum
236 3436 295 3490 uiro,
298 3437 352 3496 jum
360 3436 434 3496 plenis
445 3437 530 3483 nubilis
542 3437 618 3483 soriis.
723 3436 804 3482 Musio
830 3435 903 3499 igitur
924 3434 1019 3497 deleget
1039 3443 1126 3500 perles,
1150 3449 1211 3498 quas
1231 3449 1280 3500 prm

721 3497 809 3547 doloris
820 3500 935 3562 gravitate
945 3515 970 3547 se
985 3498 1063 3574 ipsum
1081 3499 1196 3548 sustinere
1211 3513 1280 3564 posse

276 3562 428 3611 CARMEN
445 3561 544 3610 xxiv.
721 3563 847 3627 desperem
862 3571 887 3612 et
897 3563 932 3610 sic
942 3577 1031 3627 passim
1039 3563 1281 3630 posteresgmvioris

163 3621 304 3689 Virgilium,
317 3625 417 3689 gmviter
431 3625 462 3674 de
477 3633 551 3675 morte
563 3623 690 3684 Quinctilii
722 3627 836 3675 momenti
846 3627 927 3675 Musis
940 3627 1105 3675 memorandus
1118 3626 1280 3676 demendum:

125 3689 259 3746 dolentem,
276 3690 448 3748 consolaturus,
464 3689 603 3738 consolandi
619 3690 689 3737 ratio·
723 3691 754 3738 cl.
767 3692 860 3741 Catuli.
874 3691 950 3747 lxviii,
962 3694 1009 3750 45;
1027 3691 1096 3754 Virg.
1108 3691 1220 3748 Ecl.viii,
1232 3692 1280 3739 6³:

127 3769 186 3801 nem
212 3753 258 3802 init
283 3754 354 3817 longe
380 3753 598 3818 prudentissimum.
631 3755 689 3802 Non
722 3756 863 3804 translatum
882 3762 963 3804 sutem
980 3765 1016 3803 est
1038 3758 1067 3805 τὸ
1085 3761 1206 3818 precipere
1223 3772 1237 3804 e
1256 3769 1281 3803 re

126 3817 204 3873 enim,
234 3833 289 3881 quse
320 3817 439 3883 sepientes
464 3817 495 3866 de
522 3817 690 3884 supprimendo
723 3819 957 3877 scenics,ubichori
970 3819 1077 3883 magistri
1092 3820 1282 3868 carminacboro

125 3881 212 3930 dolore
231 3881 323 3946 jactare
344 3882 430 3938 solent,
452 3891 568 3956 precepto
591 3881 676 3947 repetit
683 3899 690 3940 3
723 3885 985 3947 canenduproeelpiunt,
996 3884 1021 3932 b.
1031 3901 1053 3933 e.
1062 3885 1204 3948 precinunt.
1237 3883 1280 3928 Li·

124 3944 173 3993 sed
189 3945 282 4010 justum
302 3945 416 4011 piumque
434 3945 465 3994 de
487 3945 601 3994 carissimi
622 3945 692 3994 amici
723 3951 825 4010 quidam,
841 3949 866 3996 h.
883 3964 905 3996 e.
925 3948 1022 4005 clerum,
1041 3963 1159 4003 sonoram,
1177 3945 1281 3993 dulciso-

124 4019 205 4058 morte
222 4009 329 4058 dolorem
349 4011 440 4075 probet,
461 4011 534 4059 immo
553 4009 692 4058 mollissimo
724 4025 797 4070 nem3
812 4013 846 4059 sic
858 4012 922 4076 spud
934 4009 1006 4058 Ovid.
1015 4013 1073 4057 Am.
1084 4009 1101 4068 i,
1113 4013 1153 4066 13,
1162 4013 1187 4066 ll,
1199 4011 1282 4070 Liqui-

124 4073 204 4121 animi
218 4075 306 4123 effectu
321 4075 346 4122 in
362 4075 415 4138 ejus
428 4073 564 4124 societatem
577 4074 648 4132 venit,
659 4083 692 4131 et,
723 4077 779 4122 dum
789 4085 883 4122 cantore
894 4075 1006 4123 dicuntur
1016 4087 1080 4130 ures,
1093 4073 1181 4136 quibus
1192 4074 1282 4121 Lucre·

120 4137 343 4200 laudstissingulis
352 4138 689 4196 Quinctiliirirtutibus,eum,
722 4139 771 4187 tius
782 4154 806 4196 v,
821 4139 893 4193 1378,
905 4153 966 4186 uoces
977 4139 1076 4198 liquidos
1087 4137 1177 4186 tribuit.
1201 4138 1282 4194 Pater,

122 4201 173 4266 qui
191 4201 331 4276 nonsolmn
342 4216 357 4250 e
370 4201 481 4276 Virgilio,
498 4217 643 4278 quemquem
659 4203 690 4278 uls
723 4201 748 4252 h.
759 4217 781 4252 e.
795 4203 897 4275 Jupiter,
908 4199 956 4276 'qui
973 4200 1060 4247 illusus
1076 4215 1106 4250 ex
1123 4201 1282 4266 Mnemosyne

122 4265 692 4394 emunimrmmmtlmi
722 4266 1282 4402 ronow.

123 4394 279 4460 patientiam,
303 4410 352 4460 qua
372 4395 448 4444 levius
465 4395 553 4444 leretur
590 4394 692 4459 uidquid
725 4396 816 4460 Urget?
831 4409 873 4459 pro
881 4393 984 4460 vulgari,
994 4407 1049 4458 ergo
1059 4393 1208 4452 Quinctilius
1219 4407 1281 4438 mor-

124 4458 218 4506 mutari
237 4459 330 4522 nequit,
347 4458 451 4525 Virgilio
468 4411 690 4516 commendandam,
722 4467 778 4509 tuus
801 4461 854 4522 esti
894 4459 1023 4520 Perpetuus
1048 4473 1124 4521 sopor:
1152 4473 1216 4519 sopor
1242 4456 1282 4514 vel

123 4523 225 4587 egregie
246 4522 293 4572 sibi
308 4523 372 4574 vium
389 4524 476 4574 munit.
509 4523 629 4590 Scriptum
647 4523 692 4572 hoc
722 4541 820 4582 sonum,
842 4524 884 4588 qui
910 4523 963 4573 Leti
990 4524 1171 4588 munguioeus
1199 4521 1283 4587 (Virg.

699 4606 714 4638 rr
