3150 5200
576 373 792 453 LIBERI,
819 376 868 439 17.

233 524 395 601 Mirabor,
411 527 486 589 viter
501 528 553 589 via
566 528 593 589 si
609 549 765 591 conversa
779 528 920 592 decebit.

230 624 327 689 Alter
341 649 542 711 purpureum
556 650 622 691 non
636 629 841 711 exspectabit
856 631 1017 705 amictum,

232 726 405 799 Quidlibet
419 730 553 793 indutus
569 728 778 793 celeberrima
792 753 852 814 per
866 730 938 794 loca
952 731 1059 806 vadet,

230 828 473 914 Personamque
488 830 572 893 feret
586 853 651 893 non
666 832 876 895 inconcinnus
892 843 1078 916 utramque:

165 928 211 993 30
232 928 328 994 Alter
343 931 451 995 Mileti
466 944 588 995 textam
603 953 683 995 cane
697 934 792 1016 pejus
808 944 841 995 et
856 955 961 1016 angue

232 1031 361 1096 vitabit
376 1032 594 1116 chlamydem3
617 1035 774 1097 morietur
788 1034 919 1118 frigore,
937 1036 964 1097 si
979 1058 1043 1098 non

232 1134 398 1199 Retuleris
412 1157 571 1219 pannum:
596 1135 692 1212 refer,
708 1147 742 1199 et
756 1137 825 1200 sine
841 1138 927 1199 vivat
941 1138 1082 1220 ineptus.

231 1236 302 1300 Res
316 1258 430 1320 gerere
445 1248 479 1299 et
492 1248 605 1319 captos
620 1238 794 1301 ostendere
809 1239 933 1302 civibus
947 1236 1070 1314 hostes,

231 1336 377 1421 Attingit
392 1338 507 1400 solium
521 1337 626 1414 iovis,
640 1350 675 1401 et
690 1338 835 1403 coelestia
851 1350 971 1416 tentat3

166 1440 211 1502 35
232 1438 440 1523 Principibus
455 1437 617 1523 placuisse
631 1441 720 1516 viris,
736 1462 801 1503 non
817 1440 929 1503 ultima
942 1440 1013 1504 laus
1029 1451 1089 1505 est.

230 1539 309 1604 Non
324 1542 425 1604 cuivis
439 1540 561 1605 homini
576 1542 735 1625 contingit
748 1542 840 1605 adire
855 1542 1058 1606 Corinthum.
1112 1552 1113 1555 ’

232 1642 337 1718 Sedit,
352 1644 410 1725 qui
424 1644 540 1719 timuit,
556 1665 597 1707 ne
613 1665 677 1705 non
694 1644 902 1722 succederem
926 1654 1014 1708 esto:

232 1742 347 1815 Quidt
369 1745 426 1826 qui
441 1745 600 1828 pervenit,
616 1743 736 1807 fecitne
751 1745 908 1809 viriliter?
954 1745 1059 1828 Atqui

231 1844 298 1909 Hic
312 1856 374 1921 est,
390 1856 447 1908 aut
462 1868 632 1929 nusquam,
649 1845 737 1928 quod
753 1848 944 1928 quaerimus:
967 1846 1021 1911 hic
1037 1869 1118 1910 onus
1134 1846 1257 1922 horret,

167 1947 210 2010 40
231 1946 280 2009 Ut
293 1948 402 2030 parvis
418 1949 531 2010 animis
546 1958 580 2011 et
594 1969 695 2030 parvo
711 1969 848 2030 corpore
863 1949 984 2030 majus:

232 2047 298 2112 Hic
315 2049 403 2111 subit
417 2060 450 2112 et
465 2048 599 2133 perfert.
644 2046 715 2111 Aut
729 2050 832 2111 virtus
848 2070 963 2112 nomen
979 2050 1074 2112 inane
1089 2060 1151 2124 est,

231 2147 302 2213 Aut
317 2150 418 2213 d'ecus
433 2161 466 2213 et
481 2149 622 2234 pretium
637 2160 726 2213 recte
741 2150 825 2233 petit
840 2150 1012 2232 experiens
1027 2150 1086 2212 vir.

230 2252 349 2315 Coram
363 2273 440 2335 rege
457 2274 515 2314 sua
530 2251 572 2314 de
587 2262 782 2334 paupertate
798 2261 943 2315 tacentes

232 2352 313 2416 Plus
328 2363 483 2437 poscente
499 2353 620 2416 ferent:
645 2352 756 2429 distat,
774 2374 923 2415 sumasne
938 2352 1110 2435 pudenter,

176 2489 218 2535 25.
237 2487 335 2549 Duplici
350 2504 443 2549 mnne:
459 2485 704 2550 ponnutdttplee(di·
736 2486 803 2534 odor.
813 2486 861 2534 sic.
874 2484 907 2541 iv,
919 2487 959 2534 26.
982 2486 1248 2535 Hinceelebrauturrr
1264 2489 1295 2536 ώ-

143 2553 215 2607 πλαξ
221 2550 286 2616 apud
293 2552 391 2601 Homer.
397 2550 580 2614 tinctitiis(
584 2549 705 2616 iiptrov),
735 2569 804 2616 ματα
818 2548 1055 2611 Μιλήσια,τάπητες
1068 2550 1191 2611 Μιλήσιοι,
1206 2506 1294 2602 valit-

176 2614 433 2681 ponunturdrrltoidee.
466 2616 596 2678 Boettiger.
614 2617 707 2664 Vasen.
737 2631 817 2664 enaer.
829 2615 859 2663 ad
868 2614 987 2663 Adoniaz.
1000 2632 1024 2680 p.
1036 2617 1127 2666 4060.
1161 2617 1296 2678 Proungus

143 2632 218 2729 ἔξω.
228 2681 258 2728 Τ.
267 2679 284 2735 i,
301 2679 326 2736 ii,
339 2683 364 2738 3,
379 2699 403 2747 p.
418 2682 472 2742 39),
483 2679 591 2735 crassior,
602 2678 705 2736 densior,
756 2680 820 2728 lures
840 2679 924 2743 legunt
943 2683 1034 2743 angui,
1062 2679 1093 2728 de
1120 2695 1168 2745 qua
1196 2679 1295 2728 ablativi

145 2752 174 2793 ut
183 2746 309 2792 omimium
320 2748 405 2808 duplex
415 2745 478 2810 apud
490 2746 563 2793 Corn.
574 2745 639 2809 Nep.
652 2744 704 2791 Da·
736 2697 813 2792 lorma
824 2743 873 2791 vid.
887 2743 968 2791 Bentl.
978 2759 1032 2808 sup.
1044 2742 1074 2791 ad
1086 2745 1136 2792 Sat.
1149 2743 1165 2797 i.
1176 2748 1200 2798 5,
1210 2745 1251 2792 tt.

145 2818 205 2856 tam.
220 2811 285 2866 c.3;
303 2809 345 2856 alii
364 2811 479 2870 duplicem
495 2826 598 2870 parumn
616 2808 704 2872 accipi·
770 2810 876 2856 tta-35.
900 2808 945 2854 Res
960 2823 1049 2869 gerere,
1070 2807 1134 2856 domi
1156 2808 1296 2872 militiaque

144 2882 190 2920 unt
205 2871 236 2920 de
252 2872 335 2936 pallio,
352 2874 417 2939 quod
428 2889 499 2938 super
510 2873 610 2920 alterum
621 2872 706 2920 bume—
738 2873 853 2936 preclare
863 2887 900 2920 res
910 2886 998 2934 gerere,
1011 2871 1060 2920 sive
1070 2872 1140 2920 rebus
1151 2871 1224 2935 gestis
1236 2872 1297 2919 bene

145 2953 199 2984 rom
217 2935 330 3000 rejectum
347 2938 417 3003 quasi
433 2937 587 3002 duplicetur;
604 2935 646 2984 sed
663 2937 706 2984 ad·
739 2937 822 2985 mereri
839 2934 869 2983 de
886 2933 1025 2999 republica;
1050 2947 1071 2984 et
1089 2947 1164 2996 captos
1182 2937 1297 2984 ostendere

141 3001 211 3066 jecta
224 3017 271 3049 vox
284 3004 399 3062 patientie
414 3000 473 3049 satis
491 3000 602 3054 ostendit,
617 3015 705 3048 sermo-
738 3003 825 3048 ciuibus
845 3001 923 3054 hostes,
942 3007 967 3046 et
983 2998 1045 3048 victo
1063 2999 1130 3046 boste
1149 2998 1296 3063 triumphum

144 3081 200 3114 nem
217 3081 269 3113 esse
279 3069 310 3114 de
321 3066 395 3129 pallio
403 3065 495 3130 corpori
503 3063 630 3112 admodum
640 3063 706 3127 gravi
738 3078 823 3127 agere,
847 3063 872 3110 in
891 3062 1010 3127 triumpho
1033 3064 1096 3111 enim
1118 3063 1182 3126 capti
1198 3070 1223 3109 et
1241 3071 1297 3110 aute

146 3139 220 3193 atque
231 3130 340 3178 molesto.
737 3143 830 3176 currum
839 3126 1008 3238 triumphantia
1021 3126 1159 3176 incedentes
1170 3127 1249 3174 hostes
1261 3126 1295 3173 ci·

178 3195 220 3240 26.
240 3193 296 3241 Vite
314 3197 353 3242 uia
369 3210 482 3250 munerea,
498 3192 703 3250 mutationum,
737 3192 807 3239 vibus
818 3189 915 3239 ostende
933 3199 1011 3238 antur.

146 3265 242 3305 mutata
253 3256 308 3305 vitm
319 3259 388 3306 ratio.
771 3258 813 3303 ³4.
831 3257 935 3319 Attingit
954 3256 1129 3304 infirmioris:
1150 3253 1172 3302 id
1190 3254 1232 3318 (ut
1242 3269 1295 3319 sup.

180 3322 287 3369 at-sz.
303 3324 369 3370 Alter
383 3329 536 3384 perparcum,
554 3328 611 3369 cett.
650 3320 706 3368 Ari·
740 3317 1297 3383 0111,σΗοηιῑιιειοῳιὶιιιι)ευιὴῑεαα

145 3384 250 3449 stippus,
258 3385 303 3432 iter
309 3386 420 3441 facturus,
430 3400 477 3431 non
482 3383 706 3434 desiderabitamic·
739 3395 856 3432 terrarum
866 3387 975 3438 dominor,
989 3383 1055 3432 Deus.

148 3458 199 3497 turn
218 3447 377 3514 splendidum,
395 3449 437 3497 sed
453 3449 562 3513 qualibet
573 3449 609 3497 vel
619 3449 706 3497 vilissi·
771 3449 813 3496 35.
839 3449 996 3510 Principium,
1021 3447 1046 3495 in
1073 3447 1155 3496 latiore
1177 3447 1297 3510 significa-

147 3529 188 3561 ma
206 3522 270 3562 veste
289 3513 388 3562 indutus
402 3515 456 3561 loca
472 3514 625 3562 celeberrima
637 3529 705 3578 pera·
738 3512 811 3568 tone,
829 3511 860 3560 de
874 3511 1026 3584 primoribus,
1038 3510 1217 3577 potentioribus,
1229 3511 1297 3559 nobi·

146 3577 233 3641 gmbit,
248 3586 272 3626 et
289 3577 313 3625 in
330 3587 431 3643 utraque
449 3587 521 3633 sorte,
537 3577 587 3626 sive
605 3578 707 3626 amictus
738 3575 845 3630 lioribus,
856 3575 990 3623 ditioribus.

145 3642 248 3707 pulcher
263 3651 288 3690 et
307 3643 386 3690 tenuis
401 3641 451 3690 sive
469 3642 523 3690 vilis
540 3649 565 3690 et
579 3657 673 3689 crassus
684 3643 707 3690 ei
771 3641 812 3688 36.
837 3639 890 3687 Non
908 3641 979 3686 cuiuis
996 3640 1080 3687 bomini
1099 3643 1213 3704 contingit
1233 3642 1299 3688 adire

146 3705 277 3769 gestandus
288 3706 327 3764 sit,
391 3721 484 3754 essuae
500 3715 554 3770 apte
565 3705 707 3765 sustinebit3
741 3705 896 3751 Curiatium:
922 3702 1037 3767 expressit
1058 3712 1140 3752 notum
1158 3703 1298 3752 Grecorum

146 3779 174 3817 at
195 3771 303 3835 Cynicus
323 3787 337 3818 e
355 3769 474 3836 larnydem
492 3785 506 3818 e
525 3771 582 3818 lana
604 3770 705 3834 pretiosa
737 3767 895 3832 proverbium,
909 3767 945 3815 Ob
957 3768 1052 3824 παντὸς
1065 3765 1156 3830 ἀνδρὸς
1167 3767 1298 3831 εΙςΚόριν-

146 3843 293 3889 contextam,
305 3844 332 3882 ut
348 3851 396 3883 rem
444 3835 568 3882 rniciosam
580 3842 604 3882 et
613 3835 705 3882 abomi-
738 3833 784 3880 θον
796 3829 844 3879 ἔσθ’
857 3831 870 3878 ὁ
882 3831 969 3886 πλοῦς,
982 3845 1030 3878 uon
1047 3830 1124 3878 cuivis
1139 3829 1238 3884 homiui,
1257 3830 1298 3879 sed

146 3899 262 3955 nabilem,
275 3898 357 3961 fugiet.
420 3904 508 3947 orietur
515 3899 620 3963 frigore,
630 3902 649 3945 si
662 3915 706 3946 rtur
738 3894 864 3943 ditioribus
881 3903 982 3948 tantum,
1002 3895 1040 3942 vel
1057 3893 1147 3957 majora
1166 3902 1260 3941 strenue
1275 3901 1300 3942 et

145 3971 203 4011 cett.
235 3963 276 4010 Ad
287 3963 351 4011 hunc
363 3964 443 4011 locum
459 3971 528 4011 vetus
544 3962 625 4010 Sebol.
640 3962 708 4010 affert
740 3957 847 4033 gnaviter
858 3957 1014 4007 tentantibus.
1048 3957 1126 4004 Nemo
1140 3959 1204 4005 enim
1216 3957 1299 4004 urbem

145 4027 216 4075 brec:
235 4032 303 4075 uiurit
322 4029 475 4090 Aristippum,
492 4029 591 4074 inuitato
608 4027 710 4089 Diogene
740 4024 807 4071 illam
822 4019 1025 4087 opulentissimam
1045 4019 1096 4068 sine
1109 4020 1202 4082 maguis
1216 4019 1299 4067 sumti-

145 4095 178 4139 ad
200 4093 301 4146 balneas,
313 4094 399 4140 dedisse
410 4109 502 4154 operum
518 4098 545 4138 ut
557 4107 630 4137 omues
643 4094 711 4152 prius
740 4088 786 4135 bus
796 4087 861 4134 adire
872 4093 896 4134 et
907 4085 1055 4148 frequentare
1066 4091 1164 4148 poterat.

188 4158 320 4211 ederentur,
344 4159 457 4219 ipsiusque
479 4157 578 4217 pultium
600 4156 709 4209 induisse,
773 4152 814 4206 37,
832 4153 872 4199 38.
895 4151 968 4205 Sedit,
983 4152 1023 4211 qui
1039 4150 1125 4203 timuit,
1140 4156 1196 4196 cett.
1213 4147 1255 4211 qui
1271 4147 1301 4195 de

145 4221 230 4282 itique
254 4237 398 4283 purpureum
420 4222 547 4282 reliquisse,
570 4221 628 4281 quoti
650 4219 708 4265 Dic-
742 4231 855 4263 successu
866 4213 939 4278 hujus
950 4211 1041 4260 itineris
1052 4212 1137 4260 anxius
1149 4221 1221 4276 atque
1235 4211 1301 4282 solli-

144 4286 384 4346 genescuminduere
398 4286 514 4339 mitteret,
530 4300 596 4330 suam
607 4285 709 4344 repetiit.
742 4279 804 4328 citus
823 4278 875 4336 tuit,
897 4278 965 4326 deses
982 4277 1047 4324 domi
1066 4275 1162 4324 mansit.
1195 4275 1231 4323 Sit
1250 4275 1299 4347 ita!

147 4346 216 4395 Tune
234 4349 366 4410 Aristippus
380 4351 495 4410 increpuit
508 4349 629 4410 Cynicum,
634 4347 708 4411 'time
742 4343 809 4401 Quid
828 4344 900 4392 verni
924 4357 1003 4390 nonne
1026 4341 1055 4396 is,
1077 4339 1118 4403 qui
1139 4355 1167 4388 eo
1187 4346 1300 4404 pervenit,

146 4414 290 4466 seruientem,
303 4416 343 4475 qui
354 4414 432 4475 uigere
442 4414 521 4459 mallet
531 4429 599 4473 qstcm
610 4413 709 4472 corispici
741 4409 817 4456 virum
827 4423 852 4455 se
864 4405 989 4471 prestitit?

146 4479 173 4522 in
184 4486 243 4524 veste
253 4492 382 4538 purpurea.
416 4477 504 4532 Mileti,
515 4475 581 4522 urbis
592 4474 617 4521 in
629 4474 708 4530 Ionia,
773 4473 880 4520 ait-41.
903 4473 975 4533 Atqui
991 4468 1038 4516 Hic
1057 4475 1098 4540 est,
1119 4477 1160 4515 rut
1181 4483 1300 4537 srmquum,

147 4540 191 4588 ubi
202 4541 260 4588 lana
272 4540 412 4590 nascebatur
423 4539 627 4606 prestantissima.
663 4539 709 4587 Di·
742 4544 808 4604 cett.¹
819 4536 885 4600 atqui
906 4550 935 4585 ea
953 4550 1006 4600 quse
1026 4547 1154 4595 querimus
1167 4540 1191 4583 et
1208 4543 1304 4594 asseqtu
