3150 5200
583 375 853 444 PRAEFATIO.
1271 404 1291 442 v

139 567 209 631 simi
232 565 378 631 Jacobsii
398 565 537 630 debetur
557 567 706 632 acumini.
752 565 837 630 Erat
857 563 912 630 illa
932 587 1063 649 quoque
1085 589 1184 650 quam
1206 568 1286 634 re'ci·

135 685 460 769 perem'dignissima,
477 705 550 750 cum
572 696 608 761 τᾷ
630 683 776 748 bohemia
798 685 832 748 in
851 684 985 748 achatio
1005 694 1141 762 mutato,
1163 685 1287 771 duplici

136 803 290 866 orationis
304 800 487 866 insolentiae
499 801 646 885 (pharas-e
659 803 741 866 artis
754 824 827 886 pro,
841 803 925 866 artis
939 823 1050 880 causa,
1061 813 1097 868 et
1109 803 1158 866 nil
1167 804 1288 868 exitam

130 925 209 1003 pro,
226 920 273 984 nil
284 921 402 1004 exitus)
416 921 547 1005 egregie
561 931 782 986 succurratun

181 1037 282 1110 Quod
294 1036 336 1100 ad
348 1038 648 1122 interpretationem
656 1039 783 1115 attinet,
793 1039 939 1122 quamvis
947 1039 1034 1102 omni
1042 1059 1121 1103 cura
1130 1049 1165 1104 et
1176 1040 1285 1104 studio

134 1155 169 1216 in
183 1176 223 1218 ea
237 1165 384 1218 versatus
400 1177 481 1234 sum,
497 1179 557 1222 nec
571 1178 677 1241 pauca
691 1154 762 1220 loca
777 1155 959 1221 difficiliora
973 1177 1067 1232 nova,
1082 1179 1179 1239 quam
1193 1158 1228 1220 in
1243 1158 1282 1222 iis

134 1271 336 1356 explicandis
351 1274 517 1358 ingressus
539 1295 621 1350 sum,
637 1274 689 1338 via
702 1273 879 1358 explanare
899 1273 1023 1350 studui,
1038 1295 1078 1338 ea
1093 1284 1200 1338 tamen
1218 1295 1285 1338 non

132 1390 211 1452 viris
226 1390 343 1467 doctis,
360 1391 419 1454 sed
434 1391 593 1456 tironibus
616 1393 761 1476 inprimis
786 1413 838 1456 me
860 1391 1045 1456 contuitum
1065 1392 1173 1469 ivisse,
1188 1390 1282 1456 facile

134 1507 243 1586 docet,
254 1530 319 1593 qua
334 1531 413 1572 usus
430 1531 512 1585 sum,
529 1508 765 1593 interpretandi
779 1511 873 1574 ratio.
918 1510 1007 1574 Nam
1021 1511 1055 1573 in
1069 1511 1189 1593 quibus
1203 1509 1282 1574 doc·

132 1626 228 1691 trinae
243 1626 321 1691 alias
336 1627 407 1692 laus
422 1637 456 1692 et
471 1628 566 1712 copia
580 1628 669 1693 cerni
681 1638 714 1692 et
725 1629 851 1692 censeri
866 1627 959 1704 solet,
971 1629 1006 1692 in
1019 1629 1060 1691 iis
1073 1627 1123 1690 fui
1133 1626 1280 1703 brevior;

132 1753 168 1808 at
188 1745 221 1808 in
244 1746 284 1808 iis
298 1766 373 1828 quae
395 1745 438 1808 ad
458 1754 566 1830 poetae
580 1746 716 1810 virtutes
736 1755 771 1810 et
791 1747 968 1825 mutentias
989 1746 1131 1830 penitius
1154 1745 1281 1829 perspi-

130 1863 265 1928 ciendae
288 1862 395 1929 lacere
419 1863 617 1940 viderentur,
640 1862 739 1948 paulo
762 1865 935 1949 copiosior,
961 1863 1110 1946 adeoque
1133 1861 1281 1926 utilitatis

130 1981 235 2064 magis
261 2001 358 2063 quam
380 1979 493 2064 gloriae
516 1983 692 2046 studiosus.
746 1983 802 2048 Ne
824 2005 913 2060 vero,
936 1981 1216 2066 priusquam'ipse
1238 1979 1281 2044 de

130 2101 329 2182 unoquoque
359 2099 499 2164 carmine
528 2099 714 2184 diligentius
743 2101 949 2185 cogitassem,
975 2099 1111 2163 aliorum
1139 2095 1282 2180 explica·

130 2216 237 2280 tiones
261 2225 381 2280 temere
405 2216 628 2301 amplecterer,
649 2217 699 2282 vel
722 2221 755 2282 in
779 2240 892 2283 eorum
912 2217 1080 2300 opiniones
1098 2236 1150 2279 me
1170 2213 1282 2277 induci

18 2375 20 2412 Γ
129 2339 273 2418 paterer,
288 2334 393 2418 legem
415 2334 494 2400 mihi
514 2337 630 2420 scripsi
648 2336 744 2412 hano,
760 2349 798 2400 ut
812 2333 941 2400 nonnisi
955 2333 1024 2416 jam
1042 2341 1132 2396 certa
1147 2331 1190 2395 de
1211 2331 1282 2396 uni·

18 2433 19 2496 ἶ
130 2453 331 2537 uscujusque
347 2454 496 2517 camrinis
515 2453 650 2518 consilio
665 2463 698 2518 et
713 2475 812 2519 sensu
831 2460 989 2535 concepta
999 2450 1106 2514 animo
1120 2447 1281 2512 sententia

127 2573 326 2657 interpretes
350 2572 483 2649 adirem,
498 2583 542 2649 ct,
559 2594 632 2656 quae
646 2573 740 2637 bonae
753 2569 858 2656 frugis
872 2568 961 2655 apud
975 2590 1032 2633 eos
1047 2566 1279 2651 reperirentur,

127 2692 164 2753 in
192 2712 287 2755 usum
309 2714 416 2755 meum
439 2702 670 2757 converterem.
715 2690 801 2767 Nec,
816 2711 890 2774 quae
912 2686 984 2751 aliis
1007 2696 1142 2769 accepta
1160 2680 1279 2757 refero,

129 2808 342 2885 dissimulavi,
358 2810 429 2885 sed,
444 2810 630 2892 ubicunque
650 2830 733 2893 opus
748 2806 932 2881 videbatur,
947 2800 1115 2868 bonafide
1129 2799 1279 2864 indicavi.

127 2926 266 3011 Optima
287 2937 395 2990 autem
417 2927 638 3011 suppeditavit
661 2924 913 2991 Mitscherlichii
935 2919 1195 2993 commentarius,
1221 2936 1279 2979 ex·

124 3046 306 3129 quisitioris
320 3040 476 3109 doctrinae
486 3045 581 3129 copia
590 3044 837 3120 refertissimum
852 3044 950 3127 q'uem
963 3037 1096 3124 quidem
1109 3058 1150 3101 eo
1163 3034 1279 3098 luben-

126 3165 194 3227 tius
210 3164 244 3227 in
258 3172 368 3247 partes
384 3163 506 3239 vocavi,
523 3185 588 3245 quo
603 3164 705 3247 magis
726 3164 798 3247 ejus
817 3170 931 3224 auctor
941 3159 1010 3242 jam
1024 3155 1110 3230 olim,
1126 3152 1170 3216 ad
1183 3152 1278 3234 cujus

125 3280 312 3366 exemplum
341 3304 392 3345 me
420 3302 656 3365 componerem,
684 3280 763 3343 mihi
788 3279 897 3343 extitit
925 3274 1145 3359 dignissimus.
1190 3266 1279 3331 Nam

125 3424 193 3465 non
223 3400 293 3464 sine
324 3420 447 3463 summa
472 3400 568 3463 animi
594 3399 760 3483 voluptate
785 3399 820 3460 in
848 3394 1032 3459 memoriam
1057 3409 1175 3454 revoco
1196 3382 1278 3449 illud

126 3530 269 3602 tempus,
289 3540 355 3601 quo
378 3538 443 3581 non
464 3516 568 3581 solum
592 3518 712 3581 intimae
732 3536 792 3579 nos
812 3534 934 3597 pueros
950 3513 984 3574 iu
999 3506 1112 3573 schola
1126 3503 1278 3569 Portenai

126 3637 279 3701 amicitiae
302 3634 591 3719 familiaritatisque
614 3634 747 3699 tenebat
762 3631 935 3706 duculum,
951 3628 1011 3692 sed
1028 3635 1177 3690 mutuum
1196 3632 1278 3703 qu'o·

126 3776 191 3837 que
221 3753 459 3819 honestissimae
488 3753 700 3817 aemulationis
730 3750 876 3835 agitabat
905 3745 1058 3810 studium.
1105 3736 1276 3804 Gaudebit

126 3872 227 3957 igitur
256 3872 321 3949 ille,
349 3874 441 3956 cujus
470 3872 603 3955 antiqua
628 3870 712 3934 fides
736 3880 769 3932 et
795 3866 959 3931 rarissima
983 3861 1080 3926 animi
1105 3856 1274 3939 integritas

28 4018 30 4025 ·
125 3990 205 4054 mihi
234 4001 268 4055 et
297 3990 368 4055 aliis
395 3976 473 4055 satis
497 3999 670 4074 perspecta
691 3997 753 4063 est,
779 3984 948 4069 gaudebit,
971 3981 1114 4062 inquam,
1139 3974 1275 4037 nisime

126 4109 234 4172 omnia
248 4106 375 4185 fallunt,
391 4108 455 4185 ille,
472 4110 499 4171 si
515 4118 655 4173 veterem
676 4128 769 4171 suum
790 4103 929 4167 amicum
944 4104 1020 4178 post
1040 4111 1178 4155 messem
1199 4110 1219 4150 a
1241 4106 1277 4149 ae

126 4224 246 4291 factam
261 4228 368 4311 spicas
383 4227 502 4311 legisse
517 4225 722 4291 intellexerit.

173 4344 255 4409 Post
269 4345 454 4410 inchoatam
468 4342 718 4409 Mitscherlichii
734 4339 910 4404 editionem
930 4331 1036 4396 omnia
1050 4322 1182 4391 Horatii
1197 4319 1277 4384 Car·

127 4463 212 4527 mina
235 4486 302 4529 uno
326 4474 413 4529 tomo
440 4463 603 4547 evulgavit
626 4460 675 4525 Cl.
704 4453 898 4523 Wetzelius.
944 4450 1108 4513 instructa
1130 4450 1182 4507 est
1205 4438 1277 4503 hoec

677 4577 737 4640 bt
