3150 5200
584 351 747 416 LIBER
772 353 832 430 lV,
860 356 908 418 15.

586 755 794 820 CARMEN
818 759 896 823 XV.

508 968 723 1018 AUGUSTI
763 969 968 1019 LAUDES.

376 1124 526 1190 Puoeuus
540 1127 700 1192 volentem
715 1129 833 1213 proelia
846 1153 898 1193 me
911 1130 1012 1213 loqui,

376 1226 490 1292 Victus
505 1215 538 1292 et
554 1231 663 1306 urbes,
680 1231 853 1315 increpuit,
868 1231 949 1313 lyra,

416 1328 471 1392 Ne
487 1353 588 1413 parva
603 1329 812 1414 Tyrrhenum
826 1353 886 1416 per
901 1355 1013 1416 sequor

460 1429 545 1495 Vela
560 1431 681 1495 darem.
719 1432 806 1509 Tua,
824 1433 947 1510 Caesar,
961 1443 1041 1497 aetes

330 1531 351 1592 5
373 1530 498 1614 Fruges
513 1543 547 1595 et
564 1533 651 1616 egris
666 1533 777 1598 retulit
792 1537 922 1612 uberes,

372 1631 419 1694 Et
434 1634 527 1716 signa
541 1645 653 1698 nostro
668 1637 811 1700 restituit
824 1636 911 1713 lovi,

320 1766 473 1815 CARMEN
491 1768 550 1816 XV·
747 1769 856 1828 chorum,
875 1786 947 1834 quem
966 1768 998 1818 sd
1014 1769 1090 1834 lyrem
1109 1769 1251 1828 ntederatur,
1269 1772 1309 1822 rel

188 1825 339 1900 Felicitatem
358 1830 469 1880 Romano
486 1830 584 1895 imperio
600 1847 641 1896 per
660 1834 714 1881 Au·
747 1843 845 1882 nantum
868 1835 974 1898 aliquem
996 1848 1124 1945 pem
1145 1833 1307 1898 incipientem,

151 1899 220 1954 gusti
235 1892 346 1942 victorias
359 1905 449 1958 portam
461 1895 622 1944 celebraturus
633 1897 714 1944 suevi·
747 1897 784 1945 vel
798 1913 813 1944 a
828 1907 914 1946 cautus
930 1896 1008 1944 modis
1026 1912 1040 1944 a
1125 1905 1182 1954 tem,
1202 1900 1309 1960 graviore

152 1961 190 2002 ter
205 1963 276 2028 poeta
289 1957 367 2021 fingit,
384 1973 409 2007 se
427 1959 529 2024 primum
546 1959 642 2023 quidem
662 1961 713 2008 Au·
747 1963 852 2024 quedam
867 1961 925 2026 lyrre
936 1976 994 2008 sono
1010 1961 1126 2071 iucrppet,
1137 1971 1163 2010 et
1174 1960 1209 2010 sio
1221 1963 1309 2011 rectius

151 2029 219 2082 gasti
235 2021 327 2084 proeliis
342 2031 368 2071 et
382 2021 487 2071 victoriis
501 2023 615 2072 cenendis
632 2039 716 2073 vacare
747 2025 769 2073 ei
787 2025 922 2074 cauendum
937 2040 989 2073 esse
1009 2024 1069 2087 sign'
1089 2033 1145 2083 cat;
1168 2024 1307 2099 ita'Apollo

150 2083 266 2139 voluisse,
286 2085 337 2142 ssd,
358 2097 483 2152 postquam
502 2088 532 2134 ab
552 2087 667 2152 Apolline
685 2088 715 2136 de
749 2089 885 2143 Horatium,
905 2088 948 2152 qui
968 2088 1030 2136 mole
1048 2103 1153 2145 cumen,
1173 2104 1213 2137 cur
1231 2105 1308 2154 smper

151 2145 200 2196 boc
216 2150 341 2198 temerario
357 2159 433 2216 poetro
444 2151 523 2200 tenuis
534 2166 594 2200 ausu
610 2151 715 2201 monitus
747 2162 819 2208 osset,
837 2168 922 2201 cauere
939 2152 1061 2226 inciperet,
1079 2153 1185 2225 graviora
1202 2153 1307 2216 quodam

150 2210 234 2267 luerit,
252 2227 278 2261 se
295 2213 351 2264 iude
370 2231 478 2264 aversum
498 2215 528 2264 ad
545 2215 609 2264 bona
625 2216 712 2282 potius,
745 2216 804 2280 lyras
816 2232 875 2266 sono
891 2219 1046 2328 increpuisse,
1061 2223 1086 2263 et
1102 2231 1137 2264 ιιι
1153 2231 1169 2264 a
1183 2217 1306 2265 temerarie

150 2275 242 2339 quibus
258 2293 324 2328 nuuc
342 2279 456 2334 Romani,
470 2279 540 2330 vietis
555 2279 586 2327 sb
603 2282 714 2344 Augusto
746 2296 806 2330 ausu
819 2296 941 2330 revocasse
968 2280 1059 2343 egitur.
1075 2279 1157 2327 Multo
1166 2279 1239 2342 igitur
1249 2296 1305 2330 sue·

149 2340 256 2389 externis
302 2341 375 2407 pulis,
391 2343 508 2400 fruantur,
520 2343 647 2392 advertisse
660 2345 713 2394 ani·
745 2345 810 2394 viore
819 2353 844 2394 et
854 2344 963 2409 Apollini
978 2343 1191 2392 accommodatiore
1202 2343 1307 2408 imagine

149 2419 229 2452 mum.
286 2406 337 2455 anit
356 2407 435 2471 igitur,
457 2407 546 2473 templo
566 2409 624 2457 Jani
646 2425 712 2459 nunc
744 2409 862 2474 expressit
880 2408 1003 2464 Horatius,
1019 2407 1084 2470 quod
1099 2407 1125 2453 in
1143 2423 1168 2455 re
1183 2407 1307 2457 simillima

149 2468 245 2526 clauso,
266 2480 352 2536 pacata
373 2487 426 2520 esse
445 2471 541 2531 omnia3
566 2487 621 2520 cum
644 2473 712 2522 cultu
744 2474 808 2537 apud
827 2474 897 2535 Virg.
915 2472 969 2519 Ecl.
983 2471 1053 2529 vi,3,
1071 2470 1101 2519 de
1118 2469 1240 2536 Apolline,
1257 2475 1305 2520 oel-

148 2547 260 2594 agrerum
287 2534 386 2585 rediisse
413 2535 558 2585 fertilitatem
583 2543 608 2584 et
635 2552 712 2586 rerum
745 2539 792 2584 lere
809 2553 877 2585 oum
898 2535 998 2584 diciturz
1022 2535 1099 2588 Quum
1121 2551 1223 2584 oannem
1241 2551 1306 2601 reges

148 2596 341 2660 abundantiam
363 2600 510 2665 pristinoque
530 2600 622 2664 legibus
644 2603 711 2651 resti-
744 2611 766 2649 et
777 2604 870 2663 prolia,
884 2602 999 2663 Cynthius
1008 2616 1087 2647 aurem
1099 2599 1178 2654 Vsllit,
1189 2609 1213 2647 et
1223 2602 1301 2648 adno-

148 2668 205 2709 tute
222 2662 309 2712 honore
326 2664 407 2727 vigere
426 2664 511 2713 itenrm
527 2664 629 2727 eoepisse
645 2673 710 2715 vete·
744 2668 812 2713 ituit.-
836 2666 962 2720 Pastorem
982 2664 1072 2727 Tityre,
1089 2666 1189 2727 pingues
1208 2663 1305 2713 Poscere

148 2740 202 2774 rem
218 2726 285 2775 illam
301 2728 362 2777 disci
379 2728 462 2784 linum,
482 2744 531 2793 qua
550 2728 642 2793 imperii
659 2729 711 2778 Ro·
744 2740 831 2791 oportet
843 2732 1031 2786 oun,dodncenm
1042 2729 1118 2775 dicere
1127 2742 1228 2775 carmen.
1251 2728 1303 2776 No·

148 2788 217 2838 mani
231 2792 353 2855 majestas,
363 2745 437 2849 ianua,
449 2800 473 2841 et
483 2808 570 2841 nomeu
581 2808 623 2857 per
635 2800 711 2842 totum
744 2808 799 2840 vam
811 2793 836 2840 in
847 2792 892 2840 boc
903 2792 957 2840 loco
968 2790 1111 2856 explicando
1120 2790 1235 2838 rationem
1251 2790 1306 2839 iniit

147 2862 265 2903 terrarum
287 2857 368 2905 orbem
388 2856 490 2905 dilatum
511 2864 535 2905 et
556 2865 712 2922 propagatum
746 2856 786 2905 Cl.
803 2855 1017 2904 Mincuertichius.
1043 2855 1071 2903 Is
1086 2854 1151 2902 enim
1166 2853 1304 2917 tingendum

148 2916 197 2977 sit3
215 2934 259 2968 nee
275 2919 375 2968 dubium
390 2936 452 2976 esse,
465 2920 533 2984 quin,
546 2922 655 2984 Auguste
673 2937 710 2969 re-
744 2920 814 2969 nobis
834 2935 886 2969 esse
910 2928 1026 2973 autumat,
1050 2917 1198 2982 Apollinem,
1223 2917 1304 2967 audito

148 2997 204 3029 rum
223 2983 331 3040 custode,
348 2984 412 3033 domi
431 2984 534 3049 lorisque
549 2984 574 3031 in
592 2992 711 3049 posterum
744 2984 813 3047 quasi
828 2993 906 3049 poete
922 2992 995 3031 cautu
1012 2981 1109 3037 bellico,
1128 2981 1208 3028 subito
1226 2990 1303 3044 poetas

147 3046 216 3094 bella
230 3062 364 3111 compressa
378 3056 402 3096 et
418 3048 512 3113 sepulta
527 3048 625 3113 jaceant
632 3066 640 3109 ;
657 3064 710 3113 pro·
744 3048 871 3103 adstitisse,
892 3044 1085 3107 audientiamque
1111 3043 1157 3091 sibi
1182 3044 1304 3093 iactumm

147 3108 206 3159 inde
217 3110 357 3175 Augustum
371 3112 470 3175 dignum
486 3126 548 3169 esse,
561 3128 632 3176 quem
661 3112 710 3160 uis·
743 3110 820 3185 lyram
838 3110 953 3174 tetigisse,
971 3117 1044 3182 atque
1063 3115 1114 3155 tum
1134 3106 1230 3155 demum
1249 3122 1303 3156 ora·

147 3188 273 3236 quocum
294 3190 366 3224 uxore
384 3192 428 3224 sua
446 3184 471 3225 et
490 3176 571 3224 liberis
590 3185 618 3224 ut
639 3128 710 3224 deum
743 3184 807 3224 uerte
820 3173 1029 3223 commonelecrsse
1057 3235 1062 3244 ¹
1091 3179 1149 3243 tam.
1176 3170 1224 3217 Sed
1241 3186 1303 3243 peu·

147 3238 276 3287 tutelarem
298 3239 336 3305 pie
356 3240 427 3297 colat,
449 3248 474 3289 et
495 3240 580 3303 quovis
602 3239 641 3288 die
661 3248 710 3288 tam
737 3239 786 3295 eis,
819 3246 885 3305 puto,
916 3238 1128 3346 ¹²⁸⁰.⁰¹f.¹.⁰³i¹⁰
1154 3234 1303 3308 probebrtur.

147 3300 308 3350 libationibus
322 3319 394 3369 quam
407 3303 502 3369 hymnis
518 3302 562 3352 rite
576 3309 709 3352 veneretur.
743 3302 833 3413 ANUM
854 3301 951 3365 quidem
969 3316 1031 3364 simp
1041 3312 1172 3373 insolutum
1191 3298 1251 3346 mrlu
1268 3315 1305 3374 yr-

148 3365 299 3428 Compureut
307 3366 394 3417 tirones
404 3368 450 3416 hoc
463 3383 559 3416 carmen
570 3382 626 3415 cum
637 3366 711 3431 hujus
759 3374 820 3423 etur,
839 3365 860 3413 si
874 3365 914 3414 bio
932 3366 1008 3420 loeus,
1024 3363 1177 3411 distinctione
1195 3369 1249 3434 post
1265 3378 1303 3435 sn·

147 3428 208 3475 libri
224 3429 326 3481 carmine
342 3432 435 3496 quinto,
452 3440 477 3480 et
493 3438 569 3495 poete
585 3430 611 3478 in
626 3430 710 3479 eadem
742 3433 833 3492 ermuli
850 3430 936 3494 posite,
948 3443 1021 3493 quem
1036 3426 1062 3474 iu
1074 3426 1120 3474 bac
1134 3433 1235 3498 repetita
1251 3424 1301 3498 eds·

146 3492 201 3541 sere
229 3494 343 3543 sententis
368 3502 509 3560 pertrectata
537 3494 658 3557 ingenium
686 3501 711 3542 et
743 3494 808 3542 tione
830 3493 964 3559 ponendam
986 3490 1076 3546 curavi,
1094 3488 1229 3554 explicatur
1248 3504 1300 3537 esc:

146 3556 282 3605 ubertatem
294 3568 447 3623 cognoscem.
475 3558 644 3608 Ceterumboc
657 3572 709 3605 car·
744 3552 1302 3627 Mevolentenlyrolequi(cauera)proelio,et

148 3634 207 3669 men
224 3622 257 3671 U.
270 3622 300 3670 C.
317 3640 453 3673 nccxxxrv
471 3622 585 3696 scriptum
602 3636 663 3677 esse,
680 3636 710 3670 ex
742 3624 815 3669 victos
833 3624 908 3675 arbes,
931 3621 1028 3667 Plutus
1049 3620 1166 3679 interspait
1202 3624 1303 3693 parites

147 3698 221 3732 versu
231 3687 248 3733 9
258 3685 339 3749 colligi
349 3695 435 3752 potest,
447 3685 489 3734 ubi
501 3685 551 3734 vrd.
564 3694 614 3734 not.
743 3683 890 3746 admonuit),
902 3700 930 3731 ne
939 3700 1023 3747 perun,
1034 3689 1091 3731 cett.
1117 3680 1182 3743 Lyre
1246 3698 1264 3735 ι,
1275 3690 1304 3727 ut

186 3749 257 3798 1-4.
274 3750 490 3799 Ploebtuoolsntem
501 3750 583 3811 prelio
594 3765 628 3796 me
639 3750 710 3812 loqui,
744 3764 798 3813 sup.
816 3748 898 3797 Carm.
913 3748 947 3802 iv,
968 3748 993 3801 9,
1012 3747 1036 3800 4,
1053 3746 1122 3792 uerba
1141 3745 1229 3790 chordis
1245 3746 1302 3791 soei·

148 3820 207 3860 cett.
225 3828 323 3862 ausus:
347 3830 403 3863 cum
418 3814 469 3877 jem
487 3813 512 3860 in
533 3829 561 3861 ee
580 3828 666 3867 essem
684 3821 713 3861 ut
743 3815 805 3859 endo
826 3812 908 3875 loqui]
946 3810 983 3857 Ns
999 3826 1073 3871 pom
1095 3807 1241 3869 Tyrrhenum
1259 3822 1302 3868 per

147 3876 254 3926 carmine
281 3877 421 3926 sublimiore
447 3876 552 3941 Augusti
578 3876 665 3940 proelia
687 3882 712 3924 et
743 3892 819 3938 equor
840 3874 896 3922 Vela
916 3876 1009 3921 dorem:
1031 3887 1061 3919 ne
1081 3883 1303 3943 conspectuque

146 3938 260 3989 victorias
276 3956 395 3998 canerem,
412 3956 469 3990 ecce
486 3940 546 3989 mibi
563 3940 652 4005 Apollo
669 3939 711 3987 nd·
743 3954 788 4002 ego
805 3946 891 3993 uterer,
903 3938 990 4000 cymba
1000 3935 1048 4007 alto
1063 3947 1123 3981 man
1137 3947 1183 4003 me¹
1193 3940 1302 4004 commu·

147 4002 204 4060 tuit,
221 4012 253 4061 et,
266 4021 296 4053 ne
311 4013 453 4069 temereego
467 4013 537 4069 poeta
548 4005 626 4053 tenuis
640 4002 710 4051 moli·
743 4010 826 4057 terem,
844 4001 869 4047 h.
885 4016 908 4048 e.
928 4015 959 4047 ne
977 4008 1054 4054 tenui,
1070 3994 1134 4061 quod
1152 3994 1211 4040 rnrbr
1230 4002 1301 4051 esset,

145 4082 186 4116 rer
217 4068 308 4125 cendia,
319 4068 426 4131 graviore
442 4068 499 4133 lyrae
510 4084 568 4117 sono
580 4084 618 4116 me
634 4067 711 4116 incre·
742 4064 840 4128 ingenio
861 4063 974 4111 audacter
993 4068 1119 4133 tentarem,
1140 4072 1195 4130 qun
1212 4070 1303 4130 magna

146 4084 229 4197 pando
248 4134 279 4181 ab
296 4133 342 4181 bec
361 4142 448 4181 conatu
465 4131 592 4181 revocavit.
625 4129 711 4179 Varias
743 4138 836 4177 tantum
850 4134 942 4176 ιοιιιιιο
958 4132 1057 4190 possam
1073 4134 1302 4193 rugen1a;·srve,ne
1361 4180 1366 4187 .

145 4194 277 4270 mirasque,
298 4212 360 4261 ques
386 4196 484 4251 locutio,
512 4197 564 4259 lyra
585 4196 710 4255 increpuit,
742 4200 868 4247 tentarem,
885 4190 925 4238 cui
940 4188 1017 4261 impar
1032 4200 1117 4240 essem,
1136 4189 1237 4256 carmen
1251 4198 1303 4247 eps·

144 4259 255 4324 protulit,
277 4259 448 4325 explicationes
469 4257 524 4307 vide
547 4258 612 4323 opud
635 4258 712 4305 luter·
744 4271 808 4303 cum.
841 4254 928 4316 Magni
948 4252 1042 4299 scilicet
1060 4257 1146 4321 poeta
1167 4262 1210 4310 qur
1231 4262 1256 4319 tn
1277 4261 1302 4294 re

146 4330 235 4388 pretor,
272 4325 316 4373 Me
333 4322 428 4390 quidem
447 4338 495 4371 uon
512 4322 614 4387 poenitet
630 4336 711 4370 eorum
744 4319 811 4383 gravi
821 4328 846 4367 et
861 4317 942 4381 ampla
952 4322 1082 4368 versantur,
1093 4328 1119 4359 ιιι
1130 4311 1247 4383 ιιιιιιιιιιη
1258 4323 1302 4381 ιιι-

146 4386 275 4435 unisone
285 4402 347 4445 esse,
358 4390 401 4451 qui
412 4386 552 4452 Apollinem
567 4401 621 4434 cum
637 4386 712 4451 χοροῦ
745 4384 833 4447 vigere,
844 4381 904 4436 sive,
915 4388 944 4428 ut
960 4378 1087 4441 Virgilius,
1099 4375 1161 4424 Geo.
1171 4390 1197 4429 u,
1212 4375 1242 4421 41
1260 4379 1302 4447 ιιι,

146 4448 290 4515 διδασκάλῳ
308 4460 469 4515 temperatum
491 4466 544 4499 esse
565 4448 711 4499 existimant.
743 4448 795 4496 uelo
804 4444 985 4509 patentipelogo
995 4445 1060 4497 dore,
1072 4440 1209 4501 finguntur3
1225 4444 1251 4484 at
1263 4452 1302 4492 us,

146 4514 360 4573 Quemadmodum
381 4530 445 4563 erum
469 4516 544 4579 χοροῦ
566 4511 711 4571 διδάσκαλος
743 4511 842 4575 quires
859 4516 943 4557 tenues
961 4512 1072 4561 trentam,
1093 4502 1179 4566 cymba
1198 4508 1302 4556 tautum,

722 4592 737 4622 lt
