3150 5200
286 241 351 304 498
665 233 1059 301 EPISTOLARUM

375 390 486 456 Odisti
495 392 618 467 'classes³
635 401 669 456 et
683 400 777 475 grata
793 373 897 474 sigilla
910 389 1050 473 pudico:

374 494 494 560 Paucis
507 495 636 559 ostendi
651 494 764 578 gemis,
780 502 815 556 et
829 491 1010 556 communia
1023 488 1149 553 laudas.

321 599 342 660 5
374 595 453 661 Non
468 597 514 660 ita
528 596 688 660 nutritus!
733 591 837 677 Fuge,
853 614 919 676 quo
934 591 1134 656 descendere
1149 590 1269 674 gestis:

374 699 454 764 Non
469 699 531 762 erit
545 699 663 762 emisso
679 696 803 760 reditus
819 695 889 758 tibi.
936 693 1027 765 Quid
1042 693 1140 756 miser
1154 693 1230 776 egis

376 800 467 873 Quid
479 800 587 865 voluit
610 800 711 874 dices,
728 798 785 860 ubi
801 797 875 879 quis
891 806 923 859 te
938 795 1075 871 loeserit3
1098 805 1132 858 et
1146 794 1222 869 scis,

376 901 414 965 ln
428 903 528 966 breve
543 912 575 965 te
590 901 674 985 cogi,
691 899 807 984 plenus
820 920 920 981 quum
933 896 1068 980 languet
1081 905 1217 959 amator.

376 1004 478 1076 Quod
493 1005 521 1066 si
536 1025 601 1068 non
616 1004 691 1067 odio
705 1000 872 1087 peccantis
885 999 1006 1083 desipit
1021 1018 1138 1081 augur,

316 1106 354 1169 10
377 1104 482 1169 Carus
498 1107 562 1169 eris
578 1104 705 1180 Romae,
719 1104 824 1168 donec
840 1112 872 1165 te
888 1102 1019 1165 deseret
1033 1109 1124 1164 aetas.

376 1207 606 1271 contrectatus
621 1206 677 1269 ubi
693 1205 842 1267 manibus
858 1202 1047 1266 sordescere
1063 1199 1152 1285 vulgi

376 1310 539 1394 Coeperis‚
555 1316 612 1370 aut
628 1307 730 1369 tineas
745 1327 861 1389 pasces
877 1304 1059 1368 taciturnus
1073 1303 1206 1378 inertes,

377 1407 447 1473 Aut
462 1408 567 1492 fugies
584 1405 725 1483 Uticam,
741 1417 799 1469 aut
813 1406 940 1469 vinctus
955 1404 1092 1468 mitteris
1108 1403 1260 1474 Ilerdam.

377 1509 515 1574 Ridebit
529 1509 668 1572 monitor
683 1530 747 1572 non
763 1507 958 1584 exauditus3
981 1516 1019 1570 ut
1033 1505 1086 1571 ille

448 1711 616 1762 EPISTOLA
635 1711 693 1758 XX.
882 1725 950 1759 susm
968 1709 1122 1758 muniendum
1138 1718 1211 1774 gruta
1229 1715 1286 1757 suut
1302 1711 1392 1820 Ἒξὶι,
1409 1708 1445 1758 its

323 1775 446 1834 Horatius,
457 1775 575 1824 simulans
585 1775 650 1822 bunc
661 1774 762 1840 primum
778 1775 850 1840 Epis·
882 1777 979 1822 modesto
997 1777 1062 1848 libro·
1075 1782 1169 1838 gratum
1189 1787 1242 1821 esse
1260 1772 1320 1821 debe
1363 1808 1371 1829 ,
1392 1790 1444 1838 quo

291 1843 393 1891 tolarum
409 1841 495 1889 librum
511 1840 563 1904 ipso
574 1838 648 1886 inrito
659 1838 720 1886 dam
733 1854 762 1887 ex
777 1855 849 1902 peue-
883 1837 1115 1894 latebatscriurum.
1143 1837 1376 1902 Respondeutcerte
1385 1837 1445 1888 huic

291 1905 391 1956 trslibus
409 1905 519 1954 affectare
536 1905 561 1952 iu
578 1901 711 1978 publicum,
723 1902 780 1960 lata,
794 1919 850 1966 que
881 1901 981 1965 imagini
990 1911 1040 1951 tam
1049 1903 1146 1950 verbum
1155 1912 1258 1964 procare
1266 1901 1297 1950 da
1306 1901 1444 1966 impudicis,

292 1971 361 2018 illurn
379 1969 404 2018 in
419 1969 464 2018 boc
478 1976 602 2017 temerario
612 1967 712 2015 consilio
724 1966 850 2031 persisten-
882 1981 955 2030 quam
967 1966 1090 2030 sequentia
1100 1965 1126 2014 iu
1137 1982 1160 2014 v.
1167 1968 1192 2014 ὅ.
1220 1965 1274 2013 Nos
1283 1968 1318 2013 iss
1328 1969 1445 2022 nutritas,

291 2041 339 2083 tem
357 2042 477 2090 maneant,
491 2040 605 2107 tauquam
619 2039 685 2080 rates
699 2030 774 2078 cauit.
808 2032 851 2088 At,
883 2045 931 2078 uon
946 2030 1055 2080 itaame
1070 2031 1185 2079 educatus
1202 2045 1245 2090 εις
1262 2030 1308 2078 hac
1325 2030 1445 2080 saub'eudi

291 2099 313 2146 si
329 2097 430 2162 legimus
443 2111 527 2146 versus
543 2097 599 2144 sude
615 2109 630 2144 u
643 2109 666 2142 v.
678 2096 706 2144 17
719 2097 732 2158 (
737 2095 786 2143 Hos
796 2113 852 2158 quo·
884 2093 1018 2159 agendique
1029 2093 1120 2143 ntioue
1130 2110 1146 2142 s
1157 2109 1195 2142 me
1210 2109 1259 2142 nou
1276 2094 1385 2142 imbutus
1398 2109 1444 2155 ιιι

291 2180 335 2274 pus
356 2173 379 2210 ss
397 2163 488 2223 munet)
508 2159 610 2216 additos,
630 2157 756 2208 Horatium
776 2175 852 2225 spem,
883 2159 958 2208 talem
976 2168 1000 2208 ta
1016 2174 1065 2207 uon
1083 2159 1151 2208 finxi.
1185 2159 1336 2214 Descenders,
1352 2158 1446 2208 seilicet

308 2241 322 2275 e
337 2225 469 2275 cuminum
487 2241 584 2273 suorum
599 2221 776 2272 immortalitate
790 2240 851 2288 pras·
883 2221 910 2270 iu
928 2223 990 2278 locs,
1026 2239 1065 2272 use
1086 2222 1149 2272 liber
1166 2223 1288 2281 umatus,
1306 2226 1444 2280 smmis,

292 2297 395 2354 captam,
411 2297 436 2338 et
453 2305 508 2354 sup.
523 2289 548 2336 in
567 2287 616 2338 Od.
628 2286 653 2344 ii,
665 2289 707 2344 20,
723 2286 758 2342 iii,
776 2289 818 2344 30,
829 2296 854 2336 et
884 2285 942 2336 isa.
952 2238 1059 2336 enutritis
1070 2287 1118 2351 legi
1129 2286 1249 2352 cupiebat.

292 2353 388 2410 iv,9m
422 2353 491 2402 uilice
506 2351 684 2428 expositam,in
701 2352 853 2416 bacquoqus
916 2353 942 2400 6.
969 2352 1051 2408 Miser,
1072 2366 1117 2414 ago
1138 2349 1271 2400 temeritate
1294 2365 1351 2399 mes
1373 2350 1445 2399 miser

293 2417 402 2481 Epistola
432 2416 479 2465 aud
490 2416 640 2466 dissimulare
654 2415 725 2465 facile
738 2414 853 2479 intelligi·
886 2415 973 2464 iactus.

291 2496 354 2529 mus.
388 2482 499 2530 Ceterum
518 2480 569 2528 lime
589 2479 644 2528 libri
663 2478 733 2553 primi
755 2480 851 2545 Episto-
916 2481 939 2528 8.
957 2479 986 2527 ln
997 2481 1062 2528 breue
1073 2489 1095 2528 te
1106 2481 1165 2541 cogi,
1175 2487 1200 2527 te
1213 2477 1238 2526 iu
1248 2487 1378 2542 augustum
1389 2494 1445 2545 spa·

292 2545 368 2592 larum
387 2542 480 2599 ultima,
491 2551 519 2591 ut
539 2559 611 2617 supra
625 2542 709 2592 ultima
726 2543 782 2592 oda
798 2544 853 2592 libri
882 2543 943 2590 tium
961 2542 1085 2600 coarctari,
1099 2542 1217 2599 convolvi,
1230 2543 1314 2608 redigi,
1330 2559 1374 2610 pro
1391 2545 1446 2592 vul·

291 2608 391 2657 secundi
409 2620 434 2657 es
456 2607 509 2656 libri
528 2608 600 2662 serui,
619 2608 702 2657 baberi
720 2608 794 2657 debet
812 2624 867 2674 pro.
884 2607 1106 2671 gari,esmauibus
1116 2607 1214 2673 seponi:
1232 2609 1377 2657 membrana
1388 2624 1445 2657 aro·

291 2671 394 2739 epilogo.
883 2672 941 2721 lusu
959 2672 1077 2728 latiarem,
1093 2672 1227 2721 convoluta
1244 2680 1269 2720 et
1286 2688 1316 2721 er
1334 2672 1449 2722 manibus

327 2738 349 2793 1,
361 2740 386 2785 2.
406 2736 565 2785 Vertumnum.
603 2736 643 2784 Da
661 2733 706 2783 deo
728 2736 853 2784 Vertumuo
884 2735 994 2801 seposita
1021 2736 1183 2799 augustiorem
1209 2734 1290 2785 locum
1316 2746 1447 2801 occupant.
1554 2725 1555 2738 ³

292 2800 325 2850 ci.
337 2816 389 2867 sup.
401 2800 432 2849 ad
444 2802 496 2849 Sat.
508 2798 534 2873 ii,
550 2800 575 2855 7,
590 2801 635 2874 14.Ι
664 2800 719 2847 Nou
737 2800 821 2873 procul
838 2814 854 2849 s
886 2801 981 2855 Plenus,
992 2800 1094 2874 legendo
1104 2801 1182 2849 lassus
1192 2808 1217 2850 et
1232 2800 1446 2874 amtistus3p1e·

291 2865 381 2930 templo
393 2865 520 2914 Vertumni
537 2872 562 2912 et
579 2864 638 2913 Jsm
655 2872 723 2911 arant
770 2872 852 2920 ruens,
884 2881 930 2912 ιιιιι
944 2864 1084 2929 simpliciter
1101 2880 1152 2930 pso,
1167 2873 1242 2920 satur,
1253 2880 1308 2930 sup.
1318 2867 1368 2913 Sat.
1380 2880 1409 2921 ιι,
1420 2866 1446 2919 2,

292 2929 323 2978 sd
336 2944 436 2995 quarum
448 2930 574 2979 columnas
584 2928 623 2977 vel
638 2926 699 2993 pilas
715 2928 739 2977 bi
767 2928 853 2993 iopolse
885 2930 926 2985 43,
941 2930 999 2977 Cum
1014 2930 1100 2989 rapula
1116 2931 1198 2991 pierius
1213 2930 1287 2991 Atque
1300 2931 1379 2977 scidas
1397 2948 1447 2977 sss·
1551 2970 1556 2986 ,

292 2992 317 3042 iu
337 2994 442 3043 tabernis
453 2993 491 3042 vel
506 2992 532 3041 in
546 2992 653 3041 armariis
669 2992 742 3041 libros
756 2992 854 3041 venales
884 2995 936 3041 uuit
963 2994 1050 3049 inatus,
1070 2993 1114 3041 ubi
1135 2991 1185 3041 vid.
1206 3001 1257 3041 not.
1279 2993 1343 3057 apud
1370 2994 1447 3042 Ovid-

292 3058 429 3108 habebant:
454 3074 508 3123 sup.
523 3059 575 3105 Sat.
593 3055 610 3113 i,
626 3058 703 3111 4,17,
724 3056 799 3105 Nullo
815 3066 852 3104 su·
885 3057 969 3105 Amor.
981 3056 1006 3111 ii,
1018 3058 1087 3113 6,29
1101 3057 1132 3105 de
1148 3064 1241 3105 munuc
1260 3056 1371 3121 psittaco,
1391 3058 1447 3105 Pis·

292 3124 363 3171 berna
374 3139 430 3171 susos
440 3124 530 3175 bobsut,
542 3136 613 3183 nepus
621 3122 681 3182 pilu,
693 3122 780 3169 libellos
787 3138 797 3177 ,-
810 3120 853 3167 ubi
885 3138 929 3169 nus
943 3137 994 3168 erus
1010 3124 1113 3177 minimo,
1123 3130 1189 3169 satur
1204 3136 1257 3169 aras
1271 3120 1371 3169 minimo
1381 3121 1448 3171 ciba.

292 3186 325 3234 cl.
340 3194 390 3233 uot.
423 3184 496 3234 Liber
510 3183 583 3247 igitur
594 3183 637 3247 qui
647 3183 716 3231 vendi
733 3193 757 3232 et
773 3184 853 3249 publi·
886 3184 1013 3233 Bentleius
1028 3185 1151 3233 commoda
1169 3184 1251 3233 attulit
1267 3184 1348 3233 locum
1362 3185 1448 3235 Ovidi

293 3248 342 3297 cari
362 3248 438 3322 cupit,
451 3247 530 3313 lepide
549 3246 637 3295 dicimr
654 3256 754 3309 spectare
771 3249 803 3297 ad
819 3247 854 3296 lu·
886 3249 924 3297 Ex
936 3248 1009 3296 Pout.
1019 3247 1055 3303 iii,
1071 3250 1096 3305 4,
1108 3252 1148 3305 65,
1160 3248 1202 3297 ubi
1218 3249 1305 3313 pariter
1322 3251 1447 3299 besoru-

292 3327 347 3361 cum
363 3309 627 3360 ubilibriveuduutur.
655 3312 782 3359 Sosiorum.-
799 3313 856 3361 Vet.
885 3312 986 3360 satistus
996 3312 1325 3376 simpliciterdiciturpisnus.
1341 3314 1448 3369 Amor,

292 3374 383 3431 Schoi„
406 3376 464 3423 Sosii
486 3376 528 3423 illo
551 3384 648 3437 tenpore
667 3376 761 3439 fratres
785 3386 854 3424 erum
886 3376 1448 3441 accommodateadimsgiusmsgyuseceoduc·

291 3440 415 3501 bibliopola
437 3440 594 3487 mutemini:
617 3436 662 3487 int.
680 3438 706 3487 iu
726 3440 803 3505 Epist.
823 3438 855 3487 sd
887 3448 999 3504 sumpse
1008 3441 1103 3489 lectore.

291 3502 413 3561 Pis-346,
427 3503 474 3551 Hs'c
487 3512 613 3551 uentum
627 3504 685 3551 tiber
695 3504 773 3552 Sosiis.
802 3504 852 3551 Pss-
917 3506 943 3561 9,
959 3505 997 3552 10.
1015 3506 1081 3559 Quod
1097 3506 1236 3552 siswnodio
1251 3508 1447 3567 peccantiaoett.

291 3569 347 3615 aiios
359 3570 467 3623 mundas,
479 3564 573 3632 pumice
588 3565 850 3679 laevigatusetexpuli·
883 3568 990 3633 quodsi
1011 3584 1059 3619 uon
1082 3568 1162 3617 odium
1184 3584 1242 3631 argu
1259 3576 1284 3617 ta
1304 3578 1447 3633 peccantem

291 3640 347 3690 tus;
364 3646 421 3679 nam
437 3647 492 3696 que
509 3630 535 3679 in
550 3630 693 3679 membranis
707 3640 775 3680 eraut
807 3633 853 3681 ists
885 3632 1060 3698 (inpublicum
1074 3632 1167 3681 seilicet
1180 3632 1353 3681 descensurum
1370 3633 1448 3683 inrito

292 3704 316 3745 et
333 3710 359 3743 as
390 3712 424 3752 rs,
437 3694 613 3745 abradebuutur
630 3694 739 3760 pumice:
756 3694 806 3743 vid.
821 3695 852 3743 sd
886 3696 1000 3758 Horatio)
1023 3696 1175 3745 vaticinantis
1199 3705 1303 3746 mentem
1324 3698 1447 3761 penerdt.

292 3710 390 3809 Camil?
403 3762 426 3816 1,
442 3760 467 3818 2,
485 3760 527 3809 ubi
546 3768 583 3808 est
601 3761 692 3807 libellus
707 3762 797 3821 pumice
813 3777 852 3808 ss·
887 3760 963 3809 Donec
983 3772 1004 3809 ts
1023 3763 1109 3809 desem
1123 3771 1187 3817 stus,
1205 3760 1283 3809 donec
1300 3769 1380 3817 utute,
1397 3776 1449 3826 qus

288 3826 384 3887 politiss.
885 3825 994 3883 florebas,
1003 3834 1089 3873 eructa
1096 3840 1263 3874 consenesces.
1284 3825 1334 3873 Pru
1344 3824 1449 3875 lectione

324 3890 397 3937 3-5.
416 3889 492 3939 Odisti
508 3889 589 3943 cluam,
601 3896 658 3935 cett.
671 3886 782 3951 displicet
798 3886 851 3944 sibi,
884 3887 1244 3946 deserit,veldeserot,sdiidem
1252 3889 1359 3955 plurium
1367 3889 1449 3939 Codd.

291 3968 339 4026 quo
357 3952 435 4001 adbuc
453 3952 550 4002 clausus
566 3952 667 4008 latebas,
680 3951 748 3999 lacus
764 3966 853 4062 unqua·
885 3953 949 4017 apud
963 3954 1036 4002 Feam
1047 3953 1145 4002 exhibui
1156 3956 1252 4001 deseres.

290 4025 398 4077 tror5e1
417 4017 502 4066 umbra
522 4016 613 4081 prodire
634 4014 707 4078 sestis
729 4014 754 4063 iu
776 4031 851 4064 soem
917 4019 956 4064 11.
973 4018 1083 4066 Manibus
1099 4019 1222 4067 sordescere
1238 4019 1322 4080 vulgi:
1340 4016 1450 4067 similiter

291 4088 362 4192 cipue
379 4082 508 4155 pulverem.
542 4080 627 4192 Ptlprps
645 4078 783 4144 interpretes
799 4081 851 4128 iio·
883 4096 942 4193 ἓιὲἑ
952 4082 1003 4192 Sap.
1013 4081 1031 4136 i,
1043 4085 1067 4193 4¹,
1081 4082 1121 4137 72,
1133 4098 1214 4129 mansu
1229 4084 1297 4144 uulgi
1313 4082 1396 4129 libellis
1407 4084 1447 4129 ιἰι-

290 4160 376 4193 rasum
385 4160 516 4209 respexisse
526 4158 557 4208 pu
584 4162 599 4191 n
621 4158 852 4207 gynecea,quomm
941 4162 967 4194 re
994 4160 1098 4195 scuuur.

291 4207 543 4257 loribustamclustra
554 4208 852 4271 adfigebansunquamsi·
920 4211 1013 4264 12,13.
1031 4208 1448 4271 Tucimmm,elegsuserdelibm‚
1553 4198 1555 4205 ¹

307 4270 350 4320 'lla
366 4272 570 4336 imprimebantur.
603 4272 642 4319 De
656 4270 788 4336 hissigillis
801 4274 852 4321 lau:
884 4272 934 4337 qui,
952 4289 1001 4321 nou
1020 4274 1111 4323 hebens
1128 4274 1240 4322 lectorem
1256 4288 1360 4335 quocum
1376 4272 1447 4337 qussi

340 4345 351 4383 t
368 4336 477 4385 Kirchm.
488 4336 519 4385 ds
538 4334 655 4390 Annalis,
671 4349 725 4400 esp.
737 4352 761 4390 ιι,
773 4351 799 4400 p.
810 4338 851 4385 34.
883 4338 1061 4393 sermocinetur.
1068 4346 1141 4387 tacet.
1166 4338 1252 4387 Tisse.-
1268 4335 1299 4384 de
1309 4337 1341 4385 iis
1350 4352 1450 4401 quoque

292 4399 498 4456 Quemadmodum
528 4401 619 4461 pudics's
650 4396 682 4447 ad
713 4399 851 4463 pudicitiam
883 4400 1028 4460 vermiculis,
1037 4402 1079 4466 qui
1089 4401 1298 4451 cbsstasetlibrcs
1307 4400 1447 4459 corradunt.
