3150 5200
573 335 736 402 LIBER
759 336 805 414 11,
827 337 879 400 18.
1244 339 1303 401 113

543 690 750 756 CARMEN
775 692 908 758 XVlll.

362 895 445 959 Non
461 898 544 961 ebur
559 919 664 980 neque
679 918 814 961 aureum

408 996 486 1062 Mea
498 998 626 1063 renidet
640 999 674 1062 in
689 998 786 1063 domo
801 999 951 1065 lacunar:

365 1100 443 1163 Non
459 1102 569 1165 trabes
585 1100 763 1185 Hymettiae

407 1200 564 1266 Prcmunt
579 1201 744 1267 columnas
760 1203 874 1267 ultima
887 1205 1009 1269 recisas

313 1304 333 1364 5
366 1301 497 1368 Ali-ica:
520 1325 627 1387 neque
643 1303 748 1367 Attali

405 1405 543 1490 Ignotus
556 1406 663 1471 haerea
679 1406 803 1490 regiam
817 1409 991 1493 occupavi:

365 1505 439 1571 Nec
455 1508 635 1573 Laconicas
650 1505 729 1571 mihi

407 1609 561 1675 Trahunt
575 1610 722 1675 honestae
736 1632 901 1694 purpuras
914 1611 1051 1675 clientae.

365 1711 413 1775 At
427 1712 511 1776 fides
526 1723 560 1777 et
574 1710 686 1797 ingeni

303 1814 343 1877 10
409 1812 558 1898 Benigne
571 1837 654 1879 vena
668 1824 736 1891 est;
760 1838 1002 1899 pauperemque
1017 1816 1109 1881 dives

291 2014 443 2065 CARMEN
463 2015 567 2065 XVIII.
740 2016 866 2073 columnas,
889 2014 1078 2093 superimposita
1098 2022 1156 2063 sunt
1176 2015 1305 2065 columnis.

180 2081 248 2129 Dum
266 2087 336 2145 poeta
349 2079 462 2127 insanum
478 2079 549 2127 illum
565 2080 659 2133 lurum,
671 2078 710 2127 cui
746 2079 836 2129 Ultima
846 2084 929 2129 rectem
938 2082 1032 2147 Africa,
1044 2081 1120 2129 lactas
1129 2095 1144 2128 e
1153 2095 1269 2129 munere
1280 2081 1306 2128 in

144 2144 244 2193 labente
254 2154 307 2193 tum
317 2150 395 2193 vetare
403 2142 531 2217 disciplina
540 2143 566 2191 in
576 2142 710 2207 magnificis
741 2145 867 2194 remotiore
884 2144 975 2195 Africa
993 2151 1060 2210 parte
1076 2142 1166 2199 exciso,
1177 2142 1203 2191 h.
1214 2159 1238 2193 e.
1249 2145 1304 2192 Nu-

145 2207 257 2275 iuprimis
268 2207 416 2257 exstruendis
430 2206 537 2257 adificiis
554 2207 711 2271 indulgebant
742 2206 840 2266 midico,
863 2209 977 2273 subnigro
998 2218 1024 2257 et
1044 2206 1116 2256 variis
1134 2207 1237 2256 maculis
1256 2207 1305 2256 dis·

145 2272 316 2338 opulentiores,
334 2272 359 2320 in
375 2272 421 2321 boc
439 2272 544 2321 carmine
561 2271 623 2321 ridet
638 2278 709 2337 atqm
742 2270 826 2321 tincto.
860 2274 959 2338 Regiam
974 2274 1061 2327 Attali,
1074 2272 1201 2321 immensas
1217 2272 1304 2328 Attali,

145 2338 260 2401 emgitat,
276 2352 311 2393 se,
327 2345 354 2385 ut
370 2336 491 2385 bominem
539 2338 593 2385 ucis
610 2344 709 2385 conteu-
742 2335 804 2400 regis
826 2338 1036 2413 Pergamenorum,
1057 2335 1163 2391 divitias,
1184 2337 1303 2449 mii·

146 2410 208 2458 tum,
214 2410 239 2451 et
249 2400 339 2466 ingenii
349 2400 387 2450 sui
398 2400 506 2449 facultati
525 2416 552 2449 us
563 2400 618 2449 aliis
627 2416 710 2449 canam
742 2400 835 2465 busque
850 2403 904 2451 aliis
914 2402 1051 2466 ingentibus
1065 2399 1169 2449 divitiis:

145 2474 220 2578 Ἤρ
231 2465 357 2581 ditlecppm,
369 2466 445 2513 multu
454 2464 568 2578 diritipps
581 2464 710 2577 lplicipdrem
743 2474 819 2576 aliptes,
830 2467 972 2580 nepipigdpt
983 2464 1209 2579 simillimi
1224 2474 1303 2542 notus,

215 2546 251 2579 sea
317 2546 354 2579 om
424 2544 512 2587 su.u,
555 2545 638 2586 ,ure
671 2544 708 2577 em
741 2544 844 2587 aeuus,
882 2548 902 2579 a
944 2548 952 2578 r
1010 2545 1067 2585 ‚vu
1102 2545 1240 2578 nuszocen
1271 2546 1303 2587 m,

173 2611 198 2644 re
209 2546 414 2659 indignationgili
419 2546 495 2644 stitis
510 2610 560 2644 sua
575 2594 659 2643 luxum
670 2594 707 2643 in·
737 2593 806 2658 justo
816 2594 903 2645 baredi
912 2547 1036 2660 prepripui3
1048 2592 1125 2660 carpit
1133 2603 1212 2643 sutem
1220 2546 1305 2644 apim.

146 2659 252 2709 rebitur.
741 2656 798 2706 dam
812 2659 890 2708 etatis
900 2675 951 2710 sua
966 2660 1099 2716 bominum,
1110 2665 1305 2708 tummeutorum

184 2725 255 2773 1-6.
279 2725 410 2788 valgum
431 2723 582 2778 mumadam,
607 2723 708 2787 “Equi-
741 2723 932 2788 subjectionibus
948 2725 1052 2788 aliisque
1066 2722 1138 2771 melis
1152 2722 1244 2771 artibus
1258 2723 1303 2772 sli-

147 2789 204 2838 dem
214 2805 263 2838 nou
272 2788 391 2853 possideo,
402 2787 490 2851 quibus
502 2787 589 2837 divites
600 2787 709 2853 superbi·
743 2802 791 2836 eus
801 2788 865 2837 bona
875 2788 922 2837 sibi
932 2787 1080 2842 vindicandi,
1092 2785 1256 2853 cupiditatem.

147 2851 219 2910 unt,'¹
230 2852 393 2902 enumerando
424 2851 527 2908 usrdam,
539 2853 627 2916 quibus
641 2867 710 2901 enor-
775 2852 800 2909 7,
812 2855 837 2901 8.
855 2853 905 2901 Nec
922 2853 1047 2901 laconum
1062 2853 1121 2900 stibi
1138 2850 1245 2900 Trubsmt
1265 2853 1305 2900 bo·

147 2933 210 2966 mem
226 2869 502 2982 opulentiommlurum
516 2925 541 2966 et
555 2915 709 2990 magnificen·
743 2925 811 2965 neue
830 2934 954 2989 parparus·
976 2918 1084 2965 cliente:
1113 2929 1162 2988 nec¹
1179 2923 1270 2989 pestem
1291 2932 1306 2964 e

146 2981 206 3030 tiam
229 2998 257 3030 su
275 2981 361 3038 'laret,
380 2979 474 3046 egregie
491 2989 623 3030 exornavit.
657 2981 710 3029 Noa
743 2978 801 3028 lana
816 2997 923 3046 purpura
938 2987 1022 3035 uncta,
1041 2994 1114 3043 quam
1130 2979 1191 3027 nubs
1210 2979 1306 3029 cliente

146 3048 217 3094 eber:
284 3054 409 3096 externum
427 3044 491 3094 enim
509 3045 534 3094 in
551 3045 710 3119 potentiorum
743 3043 889 3094 honestiores
917 3051 1049 3100 traxerunt,
1071 3041 1206 3091 conlectam
1231 3058 1305 3106 gero;

146 3109 259 3160 domibus
281 3109 432 3177 splendorem
454 3109 528 3168 varia,
551 3110 658 3174 inprimis
680 3125 710 3158 ea
743 3107 768 3156 b.
779 3125 861 3158 enon
875 3123 982 3175 purpura
991 3107 1082 3170 fulgeo,
1096 3122 1146 3154 non
1161 3121 1306 3156 summorum

146 3174 218 3224 abore
233 3175 432 3232 lacta,uteusilia
444 3173 601 3239 pertinebant.
634 3175 710 3222 Aure·
743 3175 925 3238 magistratuum
942 3172 1078 3236 insignibus
1094 3178 1193 3219 omatus
1209 3170 1306 3220 incedo.

145 3243 312 3288 amlacunsr:
328 3239 380 3288 vid.
391 3254 445 3303 sup.
456 3238 487 3287 ad
498 3240 524 3294 ii,
539 3240 577 3295 16,
592 3241 631 3286 11.
663 3238 709 3287 Rs·
744 3237 851 3288 Home
866 3240 964 3293 cliente,
976 3235 1085 3300 intellige
1102 3243 1221 3284 matronas
1239 3233 1306 3296 inge-

145 3303 415 3368 rstdst,splsndet,rslui
432 3313 464 3352 et.
480 3303 711 3352 ObversatusHora·
744 3316 815 3358 uuas,
836 3303 990 3368 qualenam
1008 3309 1166 3366 patronusne
1183 3299 1307 3356 trahendo,

146 3366 184 3416 tio
195 3367 290 3416 videtur
297 3367 379 3418 Bacch
396 3367 412 3415 l'
429 3383 456 3416 es
466 3366 711 3425 xi,11,1a,Amh01.
744 3373 860 3440 tanquam
876 3365 1006 3415 officiorum
1022 3364 1127 3430 quedam
1145 3379 1239 3429 genere,
1253 3364 1307 3428 ejus

149 3431 305 3486 Grec.T.i,
320 3448 345 3495 p.
359 3384 400 3488 tl,
414 3430 540 3498 Xpocqid
558 3431 671 3497 ἐλέφαντί
685 3449 711 3481 rs
744 3441 845 3494 gruttam
861 3431 908 3480 sibi
925 3429 1053 3479 conciliare
1068 3429 1180 3478 studentz
1203 3439 1308 3478 ceterum

150 3497 345 3561 Mappatpmmv
368 3497 438 3546 oleos.
478 3496 578 3545 Trabes:
604 3496 712 3560 intellige
745 3495 810 3558 quod
834 3498 930 3544 bonne
949 3503 1073 3548 vocantur,
1096 3509 1152 3543 cnm
1176 3493 1308 3542 lanificium

148 3559 286 3624 superiores
302 3559 418 3610 columne
502 3562 584 3626 εμπ
597 3561 711 3622 Geruli),
744 3573 865 3608 senarum
881 3559 941 3608 alias
958 3575 1019 3624 opus
1035 3568 1107 3615 esset,
1124 3558 1150 3606 id
1168 3558 1198 3606 ad
1215 3559 1308 3623 patroni

148 3637 238 3690 nempe
261 3626 392 3688 epistylium
417 3569 601 3690 (iiiiiirmrtm,
627 3627 711 3674 Arcti·
744 3624 893 3674 nobilitatem
912 3624 1046 3689 augendam
1063 3623 1103 3672 vel
1121 3622 1224 3672 maxime
1241 3622 1308 3672 iacit.

147 3691 229 3751 trab),
238 3691 379 3752 anphoram(
383 3691 596 3752 Frisss),curortam
605 3691 620 3752 (
623 3689 710 3746 Kreas,
744 3687 888 3747 Laconicam
908 3689 954 3738 luit
976 3689 1041 3738 enim
1059 3697 1091 3753 pu
1136 3703 1163 3736 ra
1183 3687 1307 3744 qurrics,

148 3751 415 3814 summasunmna
431 3769 504 3820 scapo
518 3755 592 3818 (Scis
618 3754 710 3819 )ejus-
744 3750 934 3811 b.e.umurice,
962 3767 1095 3819 ropeoram
1125 3752 1216 3824 aconise
1227 3761 1307 3826 capto,

149 3831 201 3880 que
225 3817 330 3882 capitulo
357 3819 531 3868 incumbentes.
603 3822 711 3881 gnatia,
744 3816 842 3876 inlecta,
862 3819 894 3866 ob
916 3771 1018 3867 colinam
1041 3817 1179 3890 lucidiorem
1200 3815 1309 3880 snpnmis

149 3880 361 3931 h.e.emurmore
380 3883 496 3948 Hymetti,
511 3881 598 3932 montis
613 3883 711 3941 Amce,
745 3882 847 3932 nobilis:
865 3882 1146 3939 Plin.i1,36;1xi,e;
1164 3881 1274 3936 rrxv,6.

148 3945 254 3994 excise:
271 3946 302 3995 de
319 3947 436 4011 Hymettii
451 3948 574 3995 marmoris
590 3946 713 3997 nobilitate
776 3949 868 3996 9-12.
885 3948 917 3994 As
926 3948 998 4009 fides,
1013 3943 1079 4010 apud
1097 3941 1241 4006 Bacchylid.
1257 3943 1274 3988 l.
1290 3942 1308 3989 l.

149 4009 201 4058 vid.
213 4011 292 4058 Strab.
303 4010 337 4066 ix,
349 4027 374 4076 p.
386 4013 443 4068 613,
456 4011 521 4076 quod
535 4011 637 4076 primum
654 4027 669 4058 a
683 4013 713 4061 L.
746 4009 816 4060 ἀλλὰ
829 4011 906 4074 θυμὸς
922 4011 1035 4075 εὐμενὴς,
1053 4007 1139 4056 Μοῖσά
1154 4023 1181 4054 τε
1196 4007 1308 4070 γλυκεῖα·

150 4075 239 4124 Crasso
248 4075 353 4124 Rumam
362 4075 487 4124 advectum
498 4091 550 4126 esse
560 4085 640 4124 narrat
648 4076 714 4124 Plin.
747 4075 802 4124 rita
828 4074 968 4138 probitatem
995 4081 1020 4120 et
1046 4071 1214 4134 integritatem,
1236 4084 1310 4133 quam

150 4140 232 4194 xxxvi,
255 4141 279 4187 3.
321 4141 435 4190 Ceterum
457 4141 521 4205 quod
548 4142 635 4198 trabes,
659 4157 715 4204 quse
748 4139 803 4194 ribi,
820 4147 849 4186 nt
865 4145 951 4202 poete,
970 4136 1031 4184 alias
1048 4149 1146 4199 quoque
1163 4133 1246 4181 tribuit
1262 4133 1309 4206 (cl.

149 4201 427 4267 alimfuerumlignee,
439 4221 528 4254 nunce
556 4205 641 4254 retiosu
652 4220 715 4253 mar·
747 4217 802 4268 sup.
819 4201 837 4258 i,
855 4204 897 4256 22,
917 4202 956 4263 1),
973 4198 1097 4248 commode
1117 4212 1183 4246 nuuc
1201 4205 1310 4262 opponat,

149 4283 216 4316 more
232 4267 309 4316 lactas
324 4285 376 4318 esse
390 4278 513 4327 memorat,
529 4221 556 4317 il
572 4285 668 4334 quoque
685 4269 715 4318 ad
747 4283 821 4332 quum
839 4266 913 4332 paulo
931 4275 985 4330 post
1003 4262 1124 4319 describit,
1142 4260 1244 4337 divitum
1262 4261 1309 4337 im·

151 4331 318 4381 Romanorum
330 4333 424 4389 luxum,
434 4350 507 4398 quem
517 4335 602 4398 carpit,
612 4335 715 4383 releren·
748 4331 869 4398 probitati.
896 4328 981 4394 lugani
993 4329 1101 4392 benignu
1110 4345 1176 4384 oms,
1189 4341 1312 4390 ingenium

150 4395 218 4444 dum.
252 4396 367 4446 Laudant
385 4397 416 4446 de
435 4399 471 4446 his
489 4398 604 4454 trabibus,
617 4397 717 4463 lapideis
749 4413 779 4444 er
796 4397 862 4444 sonte
877 4396 944 4460 largo
962 4393 1070 4450 affluens,
1087 4393 1113 4440 b.
1129 4408 1152 4441 e.
1168 4391 1260 4456 ingenii
1275 4391 1311 4440 ris

150 4476 248 4573 guoque
264 4469 289 4510 et
304 4461 450 4518 marmoreis,
465 4462 560 4512 Vitruv.
572 4463 607 4518 iii,
620 4465 635 4510 2
648 4471 672 4512 et
686 4464 718 4522 ³,
750 4460 855 4526 largior3
871 4477 929 4509 verre
943 4459 1032 4524 passim
1044 4473 1096 4524 pro,
1108 4458 1189 4516 sonte,
1205 4455 1313 4504 similiter

174 4524 581 4592 lin.rrrvi,8;Plin.Paneg.5t.
607 4529 719 4576 Premunt
751 4525 795 4575 inl.
815 4525 893 4591 Epist.
916 4525 947 4574 ad
969 4524 1022 4572 Pis.
1041 4540 1065 4571 r.
1084 4524 1141 4578 409,
1164 4524 1225 4570 diues
1246 4538 1313 4592 mue.

731 4609 739 4639 1
