<?xml version="1.0" encoding="UTF-8"?>
<!DOCTYPE html PUBLIC "-//W3C//DTD XHTML 1.0 Transitional//EN"
    "http://www.w3.org/TR/xhtml1/DTD/xhtml1-transitional.dtd">
<html xmlns="http://www.w3.org/1999/xhtml" xml:lang="en" lang="en">
 <head>
  <title>
</title>
<meta http-equiv="Content-Type" content="text/html;charset=utf-8" />
  <meta name='ocr-system' content='tesseract 3.04.00' />
  <meta name='ocr-capabilities' content='ocr_page ocr_carea ocr_par ocr_line ocrx_word'/>
</head>
<body>
  <div class='ocr_page' id='page_1' title='image "./operaomniaillus00horagoog_0370.png"; bbox 0 0 3150 5200; ppageno 0'>
   <div class='ocr_carea' id='block_1_1' title="bbox 260 324 988 399">
    <p class='ocr_par' dir='ltr' id='par_1_1' title="bbox 260 324 988 399">
     <span class='ocr_line' id='line_1_1' title="bbox 260 324 988 399; baseline -0.001 0"><span class='ocrx_word' id='word_1_1' title='bbox 260 324 325 399; x_wconf 66' lang='lat'><strong>3228</strong></span> <span class='ocrx_word' id='word_1_2' title='bbox 665 332 988 399; x_wconf 82' lang='lat' dir='ltr'><strong>SATIRARUM</strong></span> 
     </span>
    </p>
   </div>
   <div class='ocr_carea' id='block_1_2' title="bbox 347 484 1207 575">
    <p class='ocr_par' dir='ltr' id='par_1_2' title="bbox 347 484 1207 575">
     <span class='ocr_line' id='line_1_2' title="bbox 347 484 1207 575; baseline 0 -24"><span class='ocrx_word' id='word_1_3' title='bbox 347 486 454 551; x_wconf 88' lang='lat' dir='ltr'><strong>Terra</strong></span> <span class='ocrx_word' id='word_1_4' title='bbox 470 484 554 563; x_wconf 86' lang='lat' dir='ltr'><strong>tulit,</strong></span> <span class='ocrx_word' id='word_1_5' title='bbox 568 507 674 569; x_wconf 89' lang='lat' dir='ltr'><strong>neque</strong></span> <span class='ocrx_word' id='word_1_6' title='bbox 689 488 782 575; x_wconf 83' lang='lat' dir='ltr'><strong>queis</strong></span> <span class='ocrx_word' id='word_1_7' title='bbox 797 510 847 551; x_wconf 90' lang='lat' dir='ltr'><strong>me</strong></span> <span class='ocrx_word' id='word_1_8' title='bbox 863 488 906 550; x_wconf 87' lang='lat' dir='ltr'><strong>sit</strong></span> <span class='ocrx_word' id='word_1_9' title='bbox 919 487 1100 551; x_wconf 85' lang='lat' dir='ltr'><strong>devinctior</strong></span> <span class='ocrx_word' id='word_1_10' title='bbox 1114 489 1207 553; x_wconf 87' lang='lat' dir='ltr'><strong>alter.</strong></span> 
     </span>
    </p>
   </div>
   <div class='ocr_carea' id='block_1_3' title="bbox 254 587 1292 2088">
    <p class='ocr_par' dir='ltr' id='par_1_3' title="bbox 346 587 1168 773">
     <span class='ocr_line' id='line_1_3' title="bbox 347 587 1168 672; baseline 0.001 -21"><span class='ocrx_word' id='word_1_11' title='bbox 347 588 380 651; x_wconf 92' lang='grc' dir='ltr'>Ο</span> <span class='ocrx_word' id='word_1_12' title='bbox 396 590 452 670; x_wconf 91' lang='lat' dir='ltr'><strong>qui</strong></span> <span class='ocrx_word' id='word_1_13' title='bbox 467 587 674 671; x_wconf 86' lang='lat' dir='ltr'><strong>complexus!</strong></span> <span class='ocrx_word' id='word_1_14' title='bbox 699 599 732 651; x_wconf 91' lang='lat' dir='ltr'><strong>et</strong></span> <span class='ocrx_word' id='word_1_15' title='bbox 746 588 868 672; x_wconf 81' lang='lat' dir='ltr'><strong>gaudia</strong></span> <span class='ocrx_word' id='word_1_16' title='bbox 881 598 1005 670; x_wconf 89' lang='lat' dir='ltr'><strong>quanta</strong></span> <span class='ocrx_word' id='word_1_17' title='bbox 1019 587 1168 652; x_wconf 85' lang='lat' dir='ltr'><strong>fuerunt!</strong></span> 
     </span>
     <span class='ocr_line' id='line_1_4' title="bbox 346 686 1088 773; baseline 0.001 -22"><span class='ocrx_word' id='word_1_18' title='bbox 346 686 404 751; x_wconf 85' lang='lat' dir='ltr'><strong>Nil</strong></span> <span class='ocrx_word' id='word_1_19' title='bbox 419 710 481 773; x_wconf 86' lang='lat' dir='ltr'><strong>ego</strong></span> <span class='ocrx_word' id='word_1_20' title='bbox 497 688 686 754; x_wconf 87' lang='lat' dir='ltr'>contulerim</span> <span class='ocrx_word' id='word_1_21' title='bbox 697 690 846 771; x_wconf 90' lang='lat' dir='ltr'><strong>jucundo</strong></span> <span class='ocrx_word' id='word_1_22' title='bbox 862 711 960 752; x_wconf 90' lang='lat' dir='ltr'><strong>sanus</strong></span> <span class='ocrx_word' id='word_1_23' title='bbox 974 691 1088 754; x_wconf 90' lang='lat' dir='ltr'><strong>amico.</strong></span> 
     </span>
    </p>

    <p class='ocr_par' dir='ltr' id='par_1_4' title="bbox 281 788 1236 1278">
     <span class='ocr_line' id='line_1_5' title="bbox 281 788 1208 873; baseline 0.004 -20"><span class='ocrx_word' id='word_1_24' title='bbox 281 791 324 853; x_wconf 79' lang='lat'><strong>45</strong></span> <span class='ocrx_word' id='word_1_25' title='bbox 347 790 501 853; x_wconf 83' lang='lat' dir='ltr'><strong>Proxima</strong></span> <span class='ocrx_word' id='word_1_26' title='bbox 515 788 682 873; x_wconf 89' lang='lat' dir='ltr'><strong>Campano</strong></span> <span class='ocrx_word' id='word_1_27' title='bbox 697 791 788 873; x_wconf 94' lang='lat' dir='ltr'><strong>ponti</strong></span> <span class='ocrx_word' id='word_1_28' title='bbox 804 813 879 873; x_wconf 76' lang='lat' dir='ltr'><strong>quas</strong></span> <span class='ocrx_word' id='word_1_29' title='bbox 893 790 1013 868; x_wconf 86' lang='lat' dir='ltr'><strong>villula,</strong></span> <span class='ocrx_word' id='word_1_30' title='bbox 1030 803 1152 857; x_wconf 84' lang='lat' dir='ltr'><strong>tectum</strong></span> <span class='ocrx_word' id='word_1_31' title='bbox 1204 840 1208 847; x_wconf 54' lang='lat'><em>&gt;</em></span> 
     </span>
     <span class='ocr_line' id='line_1_6' title="bbox 346 890 1236 977; baseline 0.003 -23"><span class='ocrx_word' id='word_1_32' title='bbox 346 891 503 967; x_wconf 79' lang='lat' dir='ltr'><strong>Praebuit,</strong></span> <span class='ocrx_word' id='word_1_33' title='bbox 518 902 563 969; x_wconf 90' lang='lat' dir='ltr'><strong>et,</strong></span> <span class='ocrx_word' id='word_1_34' title='bbox 574 890 708 975; x_wconf 77' lang='lat' dir='ltr'>parochi</span> <span class='ocrx_word' id='word_1_35' title='bbox 723 914 798 975; x_wconf 82' lang='lat' dir='ltr'><strong>quae</strong></span> <span class='ocrx_word' id='word_1_36' title='bbox 812 891 944 968; x_wconf 88' lang='lat' dir='ltr'><strong>debent,</strong></span> <span class='ocrx_word' id='word_1_37' title='bbox 959 893 1048 976; x_wconf 80' lang='lat' dir='ltr'><strong>ligna</strong></span> <span class='ocrx_word' id='word_1_38' title='bbox 1062 894 1236 977; x_wconf 88' lang='lat' dir='ltr'><strong>salemque.</strong></span> 
     </span>
     <span class='ocr_line' id='line_1_7' title="bbox 346 992 1128 1078; baseline 0.003 -23"><span class='ocrx_word' id='word_1_39' title='bbox 346 992 434 1056; x_wconf 89' lang='lat' dir='ltr'><strong>Hinc</strong></span> <span class='ocrx_word' id='word_1_40' title='bbox 451 992 528 1056; x_wconf 92' lang='lat' dir='ltr'><strong>muli</strong></span> <span class='ocrx_word' id='word_1_41' title='bbox 542 992 666 1076; x_wconf 85' lang='lat' dir='ltr'><strong>Capnae</strong></span> <span class='ocrx_word' id='word_1_42' title='bbox 681 992 817 1057; x_wconf 87' lang='lat' dir='ltr'><strong>clitellas</strong></span> <span class='ocrx_word' id='word_1_43' title='bbox 831 1005 977 1076; x_wconf 91' lang='lat' dir='ltr'><strong>tempore</strong></span> <span class='ocrx_word' id='word_1_44' title='bbox 991 1005 1128 1078; x_wconf 91' lang='lat' dir='ltr'><strong>ponunt.</strong></span> 
     </span>
     <span class='ocr_line' id='line_1_8' title="bbox 347 1091 1230 1179; baseline 0.003 -22"><span class='ocrx_word' id='word_1_45' title='bbox 347 1094 473 1157; x_wconf 87' lang='lat' dir='ltr'><strong>Lusum</strong></span> <span class='ocrx_word' id='word_1_46' title='bbox 489 1094 514 1156; x_wconf 91' lang='lat' dir='ltr'><strong>it</strong></span> <span class='ocrx_word' id='word_1_47' title='bbox 528 1091 706 1169; x_wconf 69' lang='lat' dir='ltr'><strong>Maecenas,</strong></span> <span class='ocrx_word' id='word_1_48' title='bbox 723 1094 897 1157; x_wconf 90' lang='lat' dir='ltr'><strong>dormitum</strong></span> <span class='ocrx_word' id='word_1_49' title='bbox 911 1116 974 1178; x_wconf 84' lang='lat' dir='ltr'><strong>ego</strong></span> <span class='ocrx_word' id='word_1_50' title='bbox 989 1094 1230 1179; x_wconf 74' lang='lat' dir='ltr'><strong>virgiliusque:</strong></span> 
     </span>
     <span class='ocr_line' id='line_1_9' title="bbox 345 1193 1182 1278; baseline 0.002 -21"><span class='ocrx_word' id='word_1_51' title='bbox 345 1194 498 1278; x_wconf 83' lang='lat' dir='ltr'><strong>Namque</strong></span> <span class='ocrx_word' id='word_1_52' title='bbox 513 1193 580 1278; x_wconf 90' lang='lat' dir='ltr'><strong>pila</strong></span> <span class='ocrx_word' id='word_1_53' title='bbox 594 1193 691 1276; x_wconf 86' lang='lat' dir='ltr'><strong>lippia</strong></span> <span class='ocrx_word' id='word_1_54' title='bbox 707 1194 869 1257; x_wconf 91' lang='lat' dir='ltr'><strong>inimicum</strong></span> <span class='ocrx_word' id='word_1_55' title='bbox 884 1205 918 1258; x_wconf 88' lang='lat' dir='ltr'><strong>et</strong></span> <span class='ocrx_word' id='word_1_56' title='bbox 932 1195 1045 1259; x_wconf 90' lang='lat' dir='ltr'><strong>ludere</strong></span> <span class='ocrx_word' id='word_1_57' title='bbox 1059 1196 1182 1259; x_wconf 86' lang='lat' dir='ltr'><strong>crudis.</strong></span> 
     </span>
    </p>

    <p class='ocr_par' dir='ltr' id='par_1_5' title="bbox 281 1294 1086 1378">
     <span class='ocr_line' id='line_1_10' title="bbox 281 1294 1086 1378; baseline 0 -21"><span class='ocrx_word' id='word_1_58' title='bbox 281 1297 324 1358; x_wconf 84' lang='lat'><strong>50</strong></span> <span class='ocrx_word' id='word_1_59' title='bbox 346 1296 434 1359; x_wconf 91' lang='lat' dir='ltr'><strong>Hinc</strong></span> <span class='ocrx_word' id='word_1_60' title='bbox 450 1318 509 1359; x_wconf 85' lang='lat' dir='ltr'><strong>nos</strong></span> <span class='ocrx_word' id='word_1_61' title='bbox 525 1294 656 1359; x_wconf 91' lang='lat' dir='ltr'><strong>Cocceii</strong></span> <span class='ocrx_word' id='word_1_62' title='bbox 671 1295 788 1378; x_wconf 85' lang='lat' dir='ltr'><strong>recipit</strong></span> <span class='ocrx_word' id='word_1_63' title='bbox 801 1294 989 1378; x_wconf 86' lang='lat' dir='ltr'><strong>plenissima</strong></span> <span class='ocrx_word' id='word_1_64' title='bbox 1001 1294 1086 1371; x_wconf 84' lang='lat' dir='ltr'><strong>villa,</strong></span> 
     </span>
    </p>

    <p class='ocr_par' dir='ltr' id='par_1_6' title="bbox 254 1394 1292 2088">
     <span class='ocr_line' id='line_1_11' title="bbox 347 1394 1292 1482; baseline 0.002 -23"><span class='ocrx_word' id='word_1_65' title='bbox 347 1396 433 1473; x_wconf 84' lang='lat' dir='ltr'><strong>Quae</strong></span> <span class='ocrx_word' id='word_1_66' title='bbox 450 1420 548 1481; x_wconf 90' lang='lat' dir='ltr'><strong>snper</strong></span> <span class='ocrx_word' id='word_1_67' title='bbox 563 1407 614 1459; x_wconf 90' lang='lat' dir='ltr'><strong>est</strong></span> <span class='ocrx_word' id='word_1_68' title='bbox 629 1394 737 1459; x_wconf 88' lang='lat' dir='ltr'><strong>Caudi</strong></span> <span class='ocrx_word' id='word_1_69' title='bbox 751 1418 926 1480; x_wconf 80' lang='lat' dir='ltr'><strong>cauponas.</strong></span> <span class='ocrx_word' id='word_1_70' title='bbox 972 1396 1071 1461; x_wconf 91' lang='lat' dir='ltr'><strong>Nunc</strong></span> <span class='ocrx_word' id='word_1_71' title='bbox 1085 1396 1165 1461; x_wconf 91' lang='lat' dir='ltr'><strong>mihi</strong></span> <span class='ocrx_word' id='word_1_72' title='bbox 1180 1401 1292 1482; x_wconf 83' lang='lat' dir='ltr'><strong>paucis</strong></span> 
     </span>
     <span class='ocr_line' id='line_1_12' title="bbox 345 1495 1128 1580; baseline 0.003 -21"><span class='ocrx_word' id='word_1_73' title='bbox 345 1497 508 1561; x_wconf 83' lang='lat' dir='ltr'><strong>Sarmenti</strong></span> <span class='ocrx_word' id='word_1_74' title='bbox 524 1518 646 1561; x_wconf 82' lang='lat' dir='ltr'><strong>scurroe</strong></span> <span class='ocrx_word' id='word_1_75' title='bbox 660 1518 803 1579; x_wconf 83' lang='lat' dir='ltr'><strong>pugnam</strong></span> <span class='ocrx_word' id='word_1_76' title='bbox 818 1495 988 1580; x_wconf 83' lang='lat' dir='ltr'><strong>Messique</strong></span> <span class='ocrx_word' id='word_1_77' title='bbox 1001 1497 1128 1574; x_wconf 84' lang='lat' dir='ltr'><strong>Cicirri,</strong></span> 
     </span>
     <span class='ocr_line' id='line_1_13' title="bbox 346 1597 1266 1684; baseline 0.003 -23"><span class='ocrx_word' id='word_1_78' title='bbox 346 1598 458 1675; x_wconf 88' lang='lat' dir='ltr'><strong>Musa,</strong></span> <span class='ocrx_word' id='word_1_79' title='bbox 473 1597 567 1661; x_wconf 83' lang='lat' dir='ltr'><strong>velim</strong></span> <span class='ocrx_word' id='word_1_80' title='bbox 581 1619 756 1674; x_wconf 87' lang='lat' dir='ltr'><strong>memores;</strong></span> <span class='ocrx_word' id='word_1_81' title='bbox 780 1608 813 1661; x_wconf 90' lang='lat' dir='ltr'><strong>et</strong></span> <span class='ocrx_word' id='word_1_82' title='bbox 828 1620 894 1680; x_wconf 92' lang='lat' dir='ltr'><strong>quo</strong></span> <span class='ocrx_word' id='word_1_83' title='bbox 909 1608 1002 1681; x_wconf 87' lang='lat' dir='ltr'><strong>patre</strong></span> <span class='ocrx_word' id='word_1_84' title='bbox 1017 1610 1113 1662; x_wconf 87' lang='lat' dir='ltr'><strong>natus</strong></span> <span class='ocrx_word' id='word_1_85' title='bbox 1127 1611 1266 1684; x_wconf 85' lang='lat' dir='ltr'><strong>uterque</strong></span> 
     </span>
     <span class='ocr_line' id='line_1_14' title="bbox 347 1696 1150 1782; baseline 0 -19"><span class='ocrx_word' id='word_1_86' title='bbox 347 1699 530 1763; x_wconf 89' lang='lat' dir='ltr'><strong>Contulerit</strong></span> <span class='ocrx_word' id='word_1_87' title='bbox 543 1698 628 1761; x_wconf 85' lang='lat' dir='ltr'><strong>lites.</strong></span> <span class='ocrx_word' id='word_1_88' title='bbox 675 1696 781 1761; x_wconf 80' lang='lat' dir='ltr'><strong>Messi</strong></span> <span class='ocrx_word' id='word_1_89' title='bbox 796 1697 918 1763; x_wconf 84' lang='lat' dir='ltr'><strong>clarum</strong></span> <span class='ocrx_word' id='word_1_90' title='bbox 932 1720 1036 1782; x_wconf 86' lang='lat' dir='ltr'><strong>genus</strong></span> <span class='ocrx_word' id='word_1_91' title='bbox 1052 1700 1150 1778; x_wconf 88' lang='lat' dir='ltr'><strong>0sci;</strong></span> 
     </span>
     <span class='ocr_line' id='line_1_15' title="bbox 281 1798 1222 1884; baseline 0.004 -21"><span class='ocrx_word' id='word_1_92' title='bbox 281 1802 324 1865; x_wconf 84' lang='lat'><strong>55</strong></span> <span class='ocrx_word' id='word_1_93' title='bbox 345 1800 507 1864; x_wconf 85' lang='lat' dir='ltr'><strong>Sarmenti</strong></span> <span class='ocrx_word' id='word_1_94' title='bbox 522 1799 652 1862; x_wconf 89' lang='lat' dir='ltr'><strong>domina</strong></span> <span class='ocrx_word' id='word_1_95' title='bbox 666 1810 784 1863; x_wconf 85' lang='lat' dir='ltr'><strong>exstat.</strong></span> <span class='ocrx_word' id='word_1_96' title='bbox 831 1798 887 1863; x_wconf 88' lang='lat' dir='ltr'><strong>Ab</strong></span> <span class='ocrx_word' id='word_1_97' title='bbox 902 1799 953 1862; x_wconf 89' lang='lat' dir='ltr'><strong>his</strong></span> <span class='ocrx_word' id='word_1_98' title='bbox 968 1802 1144 1884; x_wconf 89' lang='lat' dir='ltr'><strong>majoribus</strong></span> <span class='ocrx_word' id='word_1_99' title='bbox 1159 1803 1222 1867; x_wconf 90' lang='lat' dir='ltr'><strong>orti</strong></span> 
     </span>
     <span class='ocr_line' id='line_1_16' title="bbox 254 1900 1218 1986; baseline 0.002 -21"><span class='ocrx_word' id='word_1_100' title='bbox 254 1934 257 1941; x_wconf 96' lang='lat'>·</span> <span class='ocrx_word' id='word_1_101' title='bbox 345 1900 402 1966; x_wconf 90' lang='lat' dir='ltr'><strong>Ad</strong></span> <span class='ocrx_word' id='word_1_102' title='bbox 416 1924 557 1985; x_wconf 87' lang='lat' dir='ltr'><strong>pugnam</strong></span> <span class='ocrx_word' id='word_1_103' title='bbox 573 1921 701 1964; x_wconf 88' lang='lat' dir='ltr'><strong>venere.</strong></span> <span class='ocrx_word' id='word_1_104' title='bbox 741 1900 838 1963; x_wconf 88' lang='lat' dir='ltr'><strong>Prior</strong></span> <span class='ocrx_word' id='word_1_105' title='bbox 852 1900 1057 1965; x_wconf 87' lang='lat' dir='ltr'><strong>Sarmentus:</strong></span> <span class='ocrx_word' id='word_1_106' title='bbox 1082 1902 1171 1986; x_wconf 88' lang='lat' dir='ltr'><strong>Equi</strong></span> <span class='ocrx_word' id='word_1_107' title='bbox 1187 1916 1218 1967; x_wconf 85' lang='lat' dir='ltr'><strong>te</strong></span> 
     </span>
     <span class='ocr_line' id='line_1_17' title="bbox 347 2000 1125 2088; baseline 0.003 -23"><span class='ocrx_word' id='word_1_108' title='bbox 347 2004 433 2066; x_wconf 87' lang='lat' dir='ltr'><strong>Esse</strong></span> <span class='ocrx_word' id='word_1_109' title='bbox 449 2001 508 2066; x_wconf 89' lang='lat' dir='ltr'><strong>feri</strong></span> <span class='ocrx_word' id='word_1_110' title='bbox 525 2001 657 2065; x_wconf 87' lang='lat' dir='ltr'><strong>similem</strong></span> <span class='ocrx_word' id='word_1_111' title='bbox 673 2001 758 2065; x_wconf 92' lang='lat' dir='ltr'><strong>dico.</strong></span> <span class='ocrx_word' id='word_1_112' title='bbox 805 2000 983 2066; x_wconf 88' lang='lat' dir='ltr'><strong>Ridemus:</strong></span> <span class='ocrx_word' id='word_1_113' title='bbox 1007 2004 1125 2088; x_wconf 89' lang='lat' dir='ltr'><strong>etipse</strong></span> 
     </span>
    </p>
   </div>
   <div class='ocr_carea' id='block_1_4' title="bbox 252 2188 1407 4542">
    <p class='ocr_par' dir='ltr' id='par_1_7' title="bbox 252 2188 1407 4542">
     <span class='ocr_line' id='line_1_18' title="bbox 259 2188 1407 2255; baseline 0 -18"><span class='ocrx_word' id='word_1_114' title='bbox 259 2191 299 2238; x_wconf 87' lang='lat' dir='ltr'><strong>ubi</strong></span> <span class='ocrx_word' id='word_1_115' title='bbox 320 2199 381 2239; x_wconf 86' lang='lat' dir='ltr'><strong>esset</strong></span> <span class='ocrx_word' id='word_1_116' title='bbox 405 2190 430 2239; x_wconf 91' lang='lat' dir='ltr'><strong>in</strong></span> <span class='ocrx_word' id='word_1_117' title='bbox 455 2190 500 2239; x_wconf 86' lang='lat' dir='ltr'><strong>hoc</strong></span> <span class='ocrx_word' id='word_1_118' title='bbox 522 2189 606 2239; x_wconf 85' lang='lat' dir='ltr'><strong>itinere</strong></span> <span class='ocrx_word' id='word_1_119' title='bbox 628 2188 676 2237; x_wconf 90' lang='lat' dir='ltr'><strong>cibi</strong></span> <span class='ocrx_word' id='word_1_120' title='bbox 700 2198 818 2255; x_wconf 87' lang='lat' dir='ltr'><strong>potusque</strong></span> <span class='ocrx_word' id='word_1_121' title='bbox 851 2190 915 2239; x_wconf 85' lang='lat' dir='ltr'><strong>nalo</strong></span> <span class='ocrx_word' id='word_1_122' title='bbox 941 2188 1057 2255; x_wconf 83' lang='lat' dir='ltr'><strong>inposite</strong></span> <span class='ocrx_word' id='word_1_123' title='bbox 1083 2190 1207 2238; x_wconf 77' lang='lat' dir='ltr'><strong>tritantur.</strong></span> <span class='ocrx_word' id='word_1_124' title='bbox 1253 2189 1349 2244; x_wconf 70' lang='lat' dir='ltr'><strong>Lamia,</strong></span> <span class='ocrx_word' id='word_1_125' title='bbox 1372 2205 1407 2238; x_wconf 84' lang='lat' dir='ltr'><strong>sc.</strong></span> 
     </span>
     <span class='ocr_line' id='line_1_19' title="bbox 258 2253 1407 2317; baseline 0.001 -15"><span class='ocrx_word' id='word_1_126' title='bbox 258 2254 365 2317; x_wconf 68' lang='lat' dir='ltr'><strong>pennum</strong></span> <span class='ocrx_word' id='word_1_127' title='bbox 868 2254 907 2307; x_wconf 85' lang='lat' dir='ltr'><strong>la,</strong></span> <span class='ocrx_word' id='word_1_128' title='bbox 921 2253 1027 2317; x_wconf 74' lang='lat' dir='ltr'><strong>trigone5</strong></span> <span class='ocrx_word' id='word_1_129' title='bbox 1044 2253 1107 2317; x_wconf 86' lang='lat' dir='ltr'><strong>apud</strong></span> <span class='ocrx_word' id='word_1_130' title='bbox 1120 2254 1243 2301; x_wconf 84' lang='lat' dir='ltr'><strong>Romanoa</strong></span> <span class='ocrx_word' id='word_1_131' title='bbox 1257 2254 1322 2302; x_wconf 83' lang='lat' dir='ltr'><strong>enirn</strong></span> <span class='ocrx_word' id='word_1_132' title='bbox 1337 2255 1407 2303; x_wconf 85' lang='lat' dir='ltr'><strong>nobi·</strong></span> 
     </span>
     <span class='ocr_line' id='line_1_20' title="bbox 292 2270 1407 2382; baseline 0.001 -17"><span class='ocrx_word' id='word_1_133' title='bbox 292 2320 398 2366; x_wconf 79' lang='lat'><strong>40-44.</strong></span> <span class='ocrx_word' id='word_1_134' title='bbox 417 2319 508 2366; x_wconf 77' lang='lat' dir='ltr'><strong>Plotius</strong></span> <span class='ocrx_word' id='word_1_135' title='bbox 525 2330 547 2365; x_wconf 79' lang='lat' dir='ltr'><strong>et</strong></span> <span class='ocrx_word' id='word_1_136' title='bbox 561 2318 659 2367; x_wconf 81' lang='lat' dir='ltr'><strong>Varius:</strong></span> <span class='ocrx_word' id='word_1_137' title='bbox 682 2316 777 2366; x_wconf 88' lang='lat' dir='ltr'><strong>Plotius</strong></span> <span class='ocrx_word' id='word_1_138' title='bbox 793 2327 819 2367; x_wconf 90' lang='lat' dir='ltr'><strong>et</strong></span> <span class='ocrx_word' id='word_1_139' title='bbox 849 2270 933 2365; x_wconf 78' lang='lat' dir='ltr'><strong>ldssmr</strong></span> <span class='ocrx_word' id='word_1_140' title='bbox 942 2317 1041 2381; x_wconf 81' lang='lat' dir='ltr'><strong>quique,</strong></span> <span class='ocrx_word' id='word_1_141' title='bbox 1050 2317 1345 2382; x_wconf 69' lang='lat' dir='ltr'><strong>precipnepostcoenam</strong></span> <span class='ocrx_word' id='word_1_142' title='bbox 1357 2318 1407 2382; x_wconf 84' lang='lat' dir='ltr'><strong>pila</strong></span> 
     </span>
     <span class='ocr_line' id='line_1_21' title="bbox 259 2380 1407 2445; baseline 0.001 -17"><span class='ocrx_word' id='word_1_143' title='bbox 259 2380 348 2429; x_wconf 82' lang='lat' dir='ltr'><strong>Varius</strong></span> <span class='ocrx_word' id='word_1_144' title='bbox 364 2396 413 2429; x_wconf 90' lang='lat' dir='ltr'><strong>una</strong></span> <span class='ocrx_word' id='word_1_145' title='bbox 431 2398 487 2429; x_wconf 89' lang='lat' dir='ltr'><strong>cum</strong></span> <span class='ocrx_word' id='word_1_146' title='bbox 508 2382 611 2445; x_wconf 79' lang='lat' dir='ltr'><strong>Virgilio</strong></span> <span class='ocrx_word' id='word_1_147' title='bbox 628 2398 658 2430; x_wconf 77' lang='lat' dir='ltr'><strong>ss</strong></span> <span class='ocrx_word' id='word_1_148' title='bbox 677 2382 817 2445; x_wconf 83' lang='lat' dir='ltr'><strong>composito,</strong></span> <span class='ocrx_word' id='word_1_149' title='bbox 849 2380 929 2430; x_wconf 82' lang='lat' dir='ltr'><strong>ludere</strong></span> <span class='ocrx_word' id='word_1_150' title='bbox 939 2381 1056 2429; x_wconf 77' lang='lat' dir='ltr'><strong>solebant.</strong></span> <span class='ocrx_word' id='word_1_151' title='bbox 1090 2380 1407 2443; x_wconf 71' lang='lat' dir='ltr'><strong>Nampsepita,cett.nam·</strong></span> 
     </span>
     <span class='ocr_line' id='line_1_22' title="bbox 259 2443 1407 2510; baseline 0.003 -20"><span class='ocrx_word' id='word_1_152' title='bbox 259 2443 394 2499; x_wconf 75' lang='lat' dir='ltr'><strong>assidetur,</strong></span> <span class='ocrx_word' id='word_1_153' title='bbox 405 2444 524 2493; x_wconf 77' lang='lat' dir='ltr'><strong>Sinuessa</strong></span> <span class='ocrx_word' id='word_1_154' title='bbox 532 2446 632 2509; x_wconf 89' lang='lat' dir='ltr'><strong>(oppido</strong></span> <span class='ocrx_word' id='word_1_155' title='bbox 643 2445 668 2492; x_wconf 93' lang='lat' dir='ltr'><strong>in</strong></span> <span class='ocrx_word' id='word_1_156' title='bbox 678 2444 818 2509; x_wconf 81' lang='lat' dir='ltr'><strong>Campania</strong></span> <span class='ocrx_word' id='word_1_157' title='bbox 849 2460 896 2509; x_wconf 93' lang='lat' dir='ltr'><strong>qne</strong></span> <span class='ocrx_word' id='word_1_158' title='bbox 906 2444 955 2510; x_wconf 88' lang='lat' dir='ltr'><strong>pila</strong></span> <span class='ocrx_word' id='word_1_159' title='bbox 965 2444 1046 2493; x_wconf 88' lang='lat' dir='ltr'><strong>lnders</strong></span> <span class='ocrx_word' id='word_1_160' title='bbox 1056 2444 1106 2491; x_wconf 85' lang='lat' dir='ltr'><strong>sive</strong></span> <span class='ocrx_word' id='word_1_161' title='bbox 1117 2444 1174 2509; x_wconf 80' lang='lat' dir='ltr'><strong>pila</strong></span> <span class='ocrx_word' id='word_1_162' title='bbox 1187 2443 1268 2499; x_wconf 89' lang='lat' dir='ltr'><strong>lndns,</strong></span> <span class='ocrx_word' id='word_1_163' title='bbox 1281 2454 1350 2493; x_wconf 85' lang='lat' dir='ltr'><strong>nocet</strong></span> <span class='ocrx_word' id='word_1_164' title='bbox 1361 2445 1407 2510; x_wconf 89' lang='lat' dir='ltr'><strong>lip-</strong></span> 
     </span>
     <span class='ocr_line' id='line_1_23' title="bbox 258 2507 1406 2584; baseline 0.003 -31"><span class='ocrx_word' id='word_1_165' title='bbox 258 2507 360 2569; x_wconf 82' lang='lat' dir='ltr'><strong>linibus)</strong></span> <span class='ocrx_word' id='word_1_166' title='bbox 370 2508 495 2555; x_wconf 83' lang='lat' dir='ltr'><strong>Horatium</strong></span> <span class='ocrx_word' id='word_1_167' title='bbox 507 2518 579 2581; x_wconf 84' lang='lat' dir='ltr'><strong>atque</strong></span> <span class='ocrx_word' id='word_1_168' title='bbox 588 2510 747 2557; x_wconf 79' lang='lat' dir='ltr'><strong>Macenatem</strong></span> <span class='ocrx_word' id='word_1_169' title='bbox 759 2524 817 2557; x_wconf 89' lang='lat' dir='ltr'><strong>con·</strong></span> <span class='ocrx_word' id='word_1_170' title='bbox 849 2510 887 2584; x_wconf 87' lang='lat' dir='ltr'><strong>pis</strong></span> <span class='ocrx_word' id='word_1_171' title='bbox 896 2516 921 2557; x_wconf 90' lang='lat' dir='ltr'><strong>et</strong></span> <span class='ocrx_word' id='word_1_172' title='bbox 936 2511 1023 2565; x_wconf 77' lang='lat' dir='ltr'><strong>crudis,</strong></span> <span class='ocrx_word' id='word_1_173' title='bbox 1034 2507 1060 2555; x_wconf 86' lang='lat' dir='ltr'><strong>h.</strong></span> <span class='ocrx_word' id='word_1_174' title='bbox 1071 2523 1093 2556; x_wconf 85' lang='lat' dir='ltr'><strong>e.</strong></span> <span class='ocrx_word' id='word_1_175' title='bbox 1103 2507 1220 2556; x_wconf 82' lang='lat' dir='ltr'><strong>cruditate</strong></span> <span class='ocrx_word' id='word_1_176' title='bbox 1235 2508 1406 2566; x_wconf 81' lang='lat' dir='ltr'><strong>laborantibus,</strong></span> 
     </span>
     <span class='ocr_line' id='line_1_24' title="bbox 258 2570 1307 2638; baseline 0.001 -20"><span class='ocrx_word' id='word_1_177' title='bbox 258 2581 389 2620; x_wconf 83' lang='lat' dir='ltr'><strong>venerunt:</strong></span> <span class='ocrx_word' id='word_1_178' title='bbox 406 2571 502 2619; x_wconf 79' lang='lat' dir='ltr'><strong>suerunt</strong></span> <span class='ocrx_word' id='word_1_179' title='bbox 511 2570 547 2620; x_wconf 87' lang='lat' dir='ltr'><strong>ilh</strong></span> <span class='ocrx_word' id='word_1_180' title='bbox 557 2580 632 2636; x_wconf 82' lang='lat' dir='ltr'><strong>poetae</strong></span> <span class='ocrx_word' id='word_1_181' title='bbox 643 2581 694 2621; x_wconf 83' lang='lat' dir='ltr'><strong>tum</strong></span> <span class='ocrx_word' id='word_1_182' title='bbox 706 2572 817 2638; x_wconf 82' lang='lat' dir='ltr'><strong>temporis</strong></span> <span class='ocrx_word' id='word_1_183' title='bbox 848 2573 878 2623; x_wconf 82' lang='lat' dir='ltr'><strong>sis</strong></span> <span class='ocrx_word' id='word_1_184' title='bbox 887 2572 930 2637; x_wconf 89' lang='lat' dir='ltr'><strong>qui</strong></span> <span class='ocrx_word' id='word_1_185' title='bbox 939 2573 1007 2621; x_wconf 88' lang='lat' dir='ltr'><strong>cibos</strong></span> <span class='ocrx_word' id='word_1_186' title='bbox 1017 2586 1164 2636; x_wconf 81' lang='lat' dir='ltr'><strong>concoquere</strong></span> <span class='ocrx_word' id='word_1_187' title='bbox 1176 2579 1307 2636; x_wconf 80' lang='lat' dir='ltr'><strong>nequeunt.</strong></span> 
     </span>
     <span class='ocr_line' id='line_1_25' title="bbox 257 2633 1406 2700; baseline 0.004 -20"><span class='ocrx_word' id='word_1_188' title='bbox 257 2633 420 2687; x_wconf 83' lang='lat' dir='ltr'><strong>illustrissimi,</strong></span> <span class='ocrx_word' id='word_1_189' title='bbox 432 2649 492 2697; x_wconf 89' lang='lat' dir='ltr'><strong>qnos</strong></span> <span class='ocrx_word' id='word_1_190' title='bbox 503 2651 551 2683; x_wconf 92' lang='lat' dir='ltr'><strong>nou</strong></span> <span class='ocrx_word' id='word_1_191' title='bbox 562 2636 677 2684; x_wconf 85' lang='lat' dir='ltr'><strong>Horatios</strong></span> <span class='ocrx_word' id='word_1_192' title='bbox 688 2644 779 2684; x_wconf 86' lang='lat' dir='ltr'><strong>tantum</strong></span> <span class='ocrx_word' id='word_1_193' title='bbox 791 2646 816 2686; x_wconf 90' lang='lat' dir='ltr'><strong>et</strong></span> <span class='ocrx_word' id='word_1_194' title='bbox 880 2639 922 2686; x_wconf 75' lang='lat' dir='ltr'><strong>ol.</strong></span> <span class='ocrx_word' id='word_1_195' title='bbox 939 2637 996 2690; x_wconf 74' lang='lat' dir='ltr'><strong>Qua</strong></span> <span class='ocrx_word' id='word_1_196' title='bbox 1004 2653 1074 2697; x_wconf 80' lang='lat' dir='ltr'><strong>snper</strong></span> <span class='ocrx_word' id='word_1_197' title='bbox 1084 2645 1117 2684; x_wconf 87' lang='lat' dir='ltr'><strong>sst</strong></span> <span class='ocrx_word' id='word_1_198' title='bbox 1129 2637 1205 2684; x_wconf 77' lang='lat' dir='ltr'><strong>Caedi</strong></span> <span class='ocrx_word' id='word_1_199' title='bbox 1215 2653 1338 2698; x_wconf 68' lang='lat' dir='ltr'><strong>caupona,</strong></span> <span class='ocrx_word' id='word_1_200' title='bbox 1349 2653 1406 2700; x_wconf 65' lang='lat' dir='ltr'><strong>qne.</strong></span> 
     </span>
     <span class='ocr_line' id='line_1_26' title="bbox 259 2697 1406 2764; baseline 0.003 -20"><span class='ocrx_word' id='word_1_201' title='bbox 259 2697 439 2760; x_wconf 73' lang='lat' dir='ltr'><strong>Virgiliuased</strong></span> <span class='ocrx_word' id='word_1_202' title='bbox 457 2699 529 2747; x_wconf 83' lang='lat' dir='ltr'><strong>etism</strong></span> <span class='ocrx_word' id='word_1_203' title='bbox 546 2701 670 2747; x_wconf 79' lang='lat' dir='ltr'><strong>ItIaecenas</strong></span> <span class='ocrx_word' id='word_1_204' title='bbox 685 2701 765 2763; x_wconf 76' lang='lat' dir='ltr'><strong>magni</strong></span> <span class='ocrx_word' id='word_1_205' title='bbox 779 2701 815 2749; x_wconf 86' lang='lat' dir='ltr'><strong>fa·</strong></span> <span class='ocrx_word' id='word_1_206' title='bbox 848 2701 895 2749; x_wconf 86' lang='lat' dir='ltr'><strong>sita</strong></span> <span class='ocrx_word' id='word_1_207' title='bbox 920 2709 958 2750; x_wconf 83' lang='lat' dir='ltr'><strong>est</strong></span> <span class='ocrx_word' id='word_1_208' title='bbox 982 2709 1047 2748; x_wconf 86' lang='lat' dir='ltr'><strong>trans</strong></span> <span class='ocrx_word' id='word_1_209' title='bbox 1071 2714 1192 2764; x_wconf 79' lang='lat' dir='ltr'><strong>cauponas</strong></span> <span class='ocrx_word' id='word_1_210' title='bbox 1219 2699 1250 2747; x_wconf 88' lang='lat' dir='ltr'><strong>sd</strong></span> <span class='ocrx_word' id='word_1_211' title='bbox 1274 2699 1406 2759; x_wconf 82' lang='lat' dir='ltr'><strong>candiana,</strong></span> 
     </span>
     <span class='ocr_line' id='line_1_27' title="bbox 256 2761 1406 2836; baseline 0.004 -28"><span class='ocrx_word' id='word_1_212' title='bbox 256 2761 351 2820; x_wconf 85' lang='lat' dir='ltr'><strong>ciebat;</strong></span> <span class='ocrx_word' id='word_1_213' title='bbox 369 2761 424 2809; x_wconf 84' lang='lat' dir='ltr'><strong>hinc</strong></span> <span class='ocrx_word' id='word_1_214' title='bbox 442 2762 504 2810; x_wconf 86' lang='lat' dir='ltr'><strong>inira</strong></span> <span class='ocrx_word' id='word_1_215' title='bbox 520 2778 616 2836; x_wconf 86' lang='lat' dir='ltr'><strong>qnoque</strong></span> <span class='ocrx_word' id='word_1_216' title='bbox 632 2764 682 2811; x_wconf 85' lang='lat' dir='ltr'><strong>Sat.</strong></span> <span class='ocrx_word' id='word_1_217' title='bbox 696 2780 720 2818; x_wconf 82' lang='lat' dir='ltr'><strong>x,</strong></span> <span class='ocrx_word' id='word_1_218' title='bbox 733 2766 773 2820; x_wconf 82' lang='lat' dir='ltr'><strong>sl,</strong></span> <span class='ocrx_word' id='word_1_219' title='bbox 788 2775 814 2813; x_wconf 88' lang='lat' dir='ltr'><strong>nt</strong></span> <span class='ocrx_word' id='word_1_220' title='bbox 846 2765 937 2813; x_wconf 86' lang='lat' dir='ltr'><strong>Samnii</strong></span> <span class='ocrx_word' id='word_1_221' title='bbox 952 2763 1076 2829; x_wconf 86' lang='lat' dir='ltr'><strong>oppidum,</strong></span> <span class='ocrx_word' id='word_1_222' title='bbox 1088 2763 1113 2810; x_wconf 92' lang='lat' dir='ltr'><strong>in</strong></span> <span class='ocrx_word' id='word_1_223' title='bbox 1127 2763 1167 2810; x_wconf 83' lang='lat' dir='ltr'><strong>ria</strong></span> <span class='ocrx_word' id='word_1_224' title='bbox 1179 2763 1267 2828; x_wconf 74' lang='lat' dir='ltr'><strong>Appia,</strong></span> <span class='ocrx_word' id='word_1_225' title='bbox 1278 2763 1340 2810; x_wconf 84' lang='lat' dir='ltr'><strong>inter</strong></span> <span class='ocrx_word' id='word_1_226' title='bbox 1356 2765 1406 2813; x_wconf 87' lang='lat' dir='ltr'><strong>Ca·</strong></span> 
     </span>
     <span class='ocr_line' id='line_1_28' title="bbox 256 2825 1407 2895; baseline 0.003 -23"><span class='ocrx_word' id='word_1_227' title='bbox 256 2825 345 2872; x_wconf 85' lang='lat' dir='ltr'><strong>arctius</strong></span> <span class='ocrx_word' id='word_1_228' title='bbox 355 2825 416 2874; x_wconf 81' lang='lat' dir='ltr'><strong>inter</strong></span> <span class='ocrx_word' id='word_1_229' title='bbox 426 2841 452 2874; x_wconf 90' lang='lat' dir='ltr'><strong>ss</strong></span> <span class='ocrx_word' id='word_1_230' title='bbox 461 2826 540 2890; x_wconf 79' lang='lat' dir='ltr'><strong>juncti</strong></span> <span class='ocrx_word' id='word_1_231' title='bbox 551 2825 712 2890; x_wconf 88' lang='lat' dir='ltr'><strong>producuntur</strong></span> <span class='ocrx_word' id='word_1_232' title='bbox 725 2827 817 2876; x_wconf 77' lang='lat' dir='ltr'><strong>Plotius</strong></span> <span class='ocrx_word' id='word_1_233' title='bbox 845 2843 918 2895; x_wconf 88' lang='lat' dir='ltr'><strong>puarn</strong></span> <span class='ocrx_word' id='word_1_234' title='bbox 928 2837 954 2876; x_wconf 90' lang='lat' dir='ltr'><strong>et</strong></span> <span class='ocrx_word' id='word_1_235' title='bbox 962 2829 1133 2882; x_wconf 56' lang='lat' dir='ltr'><strong>Maerentem,</strong></span> <span class='ocrx_word' id='word_1_236' title='bbox 1144 2827 1304 2890; x_wconf 81' lang='lat' dir='ltr'><strong>ignominiosa</strong></span> <span class='ocrx_word' id='word_1_237' title='bbox 1314 2827 1407 2875; x_wconf 87' lang='lat' dir='ltr'><strong>Roma·</strong></span> 
     </span>
     <span class='ocr_line' id='line_1_29' title="bbox 256 2888 1179 2955; baseline 0.002 -19"><span class='ocrx_word' id='word_1_238' title='bbox 256 2897 277 2936; x_wconf 82' lang='lat' dir='ltr'><strong>st</strong></span> <span class='ocrx_word' id='word_1_239' title='bbox 294 2889 386 2945; x_wconf 84' lang='lat' dir='ltr'><strong>Varius,</strong></span> <span class='ocrx_word' id='word_1_240' title='bbox 398 2889 509 2942; x_wconf 77' lang='lat' dir='ltr'><strong>Macsnas</strong></span> <span class='ocrx_word' id='word_1_241' title='bbox 520 2889 687 2955; x_wconf 77' lang='lat' dir='ltr'><strong>Virgiliusqas:</strong></span> <span class='ocrx_word' id='word_1_242' title='bbox 705 2888 735 2939; x_wconf 90' lang='lat' dir='ltr'><strong>de</strong></span> <span class='ocrx_word' id='word_1_243' title='bbox 746 2893 815 2939; x_wconf 81' lang='lat' dir='ltr'><strong>Vario</strong></span> <span class='ocrx_word' id='word_1_244' title='bbox 846 2908 929 2940; x_wconf 88' lang='lat' dir='ltr'><strong>norum</strong></span> <span class='ocrx_word' id='word_1_245' title='bbox 940 2891 1009 2940; x_wconf 87' lang='lat' dir='ltr'><strong>clade</strong></span> <span class='ocrx_word' id='word_1_246' title='bbox 1019 2890 1077 2939; x_wconf 88' lang='lat' dir='ltr'><strong>satis</strong></span> <span class='ocrx_word' id='word_1_247' title='bbox 1087 2899 1179 2939; x_wconf 83' lang='lat' dir='ltr'><strong>notam.</strong></span> 
     </span>
     <span class='ocr_line' id='line_1_30' title="bbox 257 2951 1407 3019; baseline 0.003 -20"><span class='ocrx_word' id='word_1_248' title='bbox 257 2951 289 3000; x_wconf 85' lang='lat' dir='ltr'><strong>ci.</strong></span> <span class='ocrx_word' id='word_1_249' title='bbox 307 2953 402 3018; x_wconf 87' lang='lat' dir='ltr'><strong>snp.sd</strong></span> <span class='ocrx_word' id='word_1_250' title='bbox 419 2953 532 3010; x_wconf 81' lang='lat' dir='ltr'><strong>Od.i,6‚</strong></span> <span class='ocrx_word' id='word_1_251' title='bbox 549 2956 570 3001; x_wconf 92' lang='lat' dir='ltr'><strong>l.</strong></span> <span class='ocrx_word' id='word_1_252' title='bbox 594 2957 695 3002; x_wconf 77' lang='lat' dir='ltr'><strong>Anima:</strong></span> <span class='ocrx_word' id='word_1_253' title='bbox 713 2952 747 3001; x_wconf 92' lang='lat' dir='ltr'><strong>sic</strong></span> <span class='ocrx_word' id='word_1_254' title='bbox 758 2970 814 3019; x_wconf 92' lang='lat' dir='ltr'><strong>sup.</strong></span> <span class='ocrx_word' id='word_1_255' title='bbox 879 2958 919 3004; x_wconf 79' lang='lat'><strong>62.</strong></span> <span class='ocrx_word' id='word_1_256' title='bbox 939 2957 1055 3018; x_wconf 74' lang='lat' dir='ltr'><strong>Pugnan,</strong></span> <span class='ocrx_word' id='word_1_257' title='bbox 1067 2963 1195 3010; x_wconf 84' lang='lat' dir='ltr'><strong>certamen,</strong></span> <span class='ocrx_word' id='word_1_258' title='bbox 1205 2968 1256 3017; x_wconf 89' lang='lat' dir='ltr'><strong>qno</strong></span> <span class='ocrx_word' id='word_1_259' title='bbox 1272 2954 1331 3002; x_wconf 80' lang='lat' dir='ltr'><strong>alter</strong></span> <span class='ocrx_word' id='word_1_260' title='bbox 1345 2953 1407 3003; x_wconf 82' lang='lat' dir='ltr'><strong>alte·</strong></span> 
     </span>
     <span class='ocr_line' id='line_1_31' title="bbox 257 3016 1407 3082; baseline 0.003 -18"><span class='ocrx_word' id='word_1_261' title='bbox 257 3017 306 3065; x_wconf 92' lang='lat' dir='ltr'><strong>Od.</strong></span> <span class='ocrx_word' id='word_1_262' title='bbox 317 3016 343 3074; x_wconf 90' lang='lat' dir='ltr'><strong>ii,</strong></span> <span class='ocrx_word' id='word_1_263' title='bbox 357 3019 396 3076; x_wconf 90' lang='grc'><strong>17,</strong></span> <span class='ocrx_word' id='word_1_264' title='bbox 409 3021 433 3074; x_wconf 83' lang='lat'><strong>5,</strong></span> <span class='ocrx_word' id='word_1_265' title='bbox 449 3018 545 3067; x_wconf 88' lang='lat' dir='ltr'><strong>mollius</strong></span> <span class='ocrx_word' id='word_1_266' title='bbox 558 3019 715 3067; x_wconf 70' lang='lat' dir='ltr'><strong>Maecenatem</strong></span> <span class='ocrx_word' id='word_1_267' title='bbox 732 3021 815 3066; x_wconf 73' lang='lat' dir='ltr'><strong>anima</strong></span> <span class='ocrx_word' id='word_1_268' title='bbox 846 3035 899 3066; x_wconf 88' lang='lat' dir='ltr'><strong>ram</strong></span> <span class='ocrx_word' id='word_1_269' title='bbox 924 3019 1024 3067; x_wconf 86' lang='lat' dir='ltr'><strong>ridicule</strong></span> <span class='ocrx_word' id='word_1_270' title='bbox 1045 3017 1117 3066; x_wconf 85' lang='lat' dir='ltr'><strong>dictis</strong></span> <span class='ocrx_word' id='word_1_271' title='bbox 1137 3018 1177 3066; x_wconf 85' lang='lat' dir='ltr'><strong>vel</strong></span> <span class='ocrx_word' id='word_1_272' title='bbox 1202 3017 1317 3066; x_wconf 85' lang='lat' dir='ltr'><strong>conviciis</strong></span> <span class='ocrx_word' id='word_1_273' title='bbox 1338 3019 1407 3082; x_wconf 84' lang='lat' dir='ltr'><strong>petit.</strong></span> 
     </span>
     <span class='ocr_line' id='line_1_32' title="bbox 255 3081 1404 3145; baseline 0 -17"><span class='ocrx_word' id='word_1_274' title='bbox 255 3099 301 3130; x_wconf 79' lang='lat' dir='ltr'><strong>sna</strong></span> <span class='ocrx_word' id='word_1_275' title='bbox 320 3093 418 3143; x_wconf 73' lang='lat' dir='ltr'><strong>purten,</strong></span> <span class='ocrx_word' id='word_1_276' title='bbox 439 3091 463 3131; x_wconf 84' lang='lat' dir='ltr'><strong>et</strong></span> <span class='ocrx_word' id='word_1_277' title='bbox 484 3081 611 3145; x_wconf 80' lang='lat' dir='ltr'><strong>Virgilium</strong></span> <span class='ocrx_word' id='word_1_278' title='bbox 633 3082 681 3130; x_wconf 90' lang='lat' dir='ltr'><strong>Od.</strong></span> <span class='ocrx_word' id='word_1_279' title='bbox 701 3082 718 3138; x_wconf 87' lang='lat' dir='ltr'><strong>i,</strong></span> <span class='ocrx_word' id='word_1_280' title='bbox 741 3082 765 3137; x_wconf 82' lang='grc'><strong>3,</strong></span> <span class='ocrx_word' id='word_1_281' title='bbox 788 3085 812 3140; x_wconf 82' lang='grc'><strong>8,</strong></span> <span class='ocrx_word' id='word_1_282' title='bbox 847 3083 973 3145; x_wconf 76' lang='lat' dir='ltr'><strong>Messique:</strong></span> <span class='ocrx_word' id='word_1_283' title='bbox 992 3083 1087 3131; x_wconf 70' lang='lat' dir='ltr'><strong>Mastia</strong></span> <span class='ocrx_word' id='word_1_284' title='bbox 1104 3082 1286 3145; x_wconf 81' lang='lat' dir='ltr'><strong>cognominatus</strong></span> <span class='ocrx_word' id='word_1_285' title='bbox 1300 3082 1347 3129; x_wconf 83' lang='lat' dir='ltr'><strong>init</strong></span> <span class='ocrx_word' id='word_1_286' title='bbox 1364 3084 1404 3129; x_wconf 81' lang='lat' dir='ltr'><strong>ct·</strong></span> 
     </span>
     <span class='ocr_line' id='line_1_33' title="bbox 255 3144 1407 3211; baseline 0.002 -20"><span class='ocrx_word' id='word_1_287' title='bbox 255 3148 336 3194; x_wconf 76' lang='lat' dir='ltr'><strong>anime</strong></span> <span class='ocrx_word' id='word_1_288' title='bbox 353 3163 398 3195; x_wconf 78' lang='lat' dir='ltr'><strong>sna</strong></span> <span class='ocrx_word' id='word_1_289' title='bbox 414 3149 536 3194; x_wconf 79' lang='lat' dir='ltr'><strong>dimidiam</strong></span> <span class='ocrx_word' id='word_1_290' title='bbox 553 3159 584 3209; x_wconf 85' lang='lat' dir='ltr'><strong>sp</strong></span> <span class='ocrx_word' id='word_1_291' title='bbox 615 3145 665 3193; x_wconf 90' lang='lat' dir='ltr'><strong>llat.</strong></span> <span class='ocrx_word' id='word_1_292' title='bbox 700 3145 815 3199; x_wconf 67' lang='lat' dir='ltr'><strong>Qnsnme</strong></span> <span class='ocrx_word' id='word_1_293' title='bbox 845 3151 930 3203; x_wconf 71' lang='lat' dir='ltr'><strong>cimas,</strong></span> <span class='ocrx_word' id='word_1_294' title='bbox 945 3146 1058 3211; x_wconf 71' lang='grc' dir='ltr'><strong>κίκιῤῥος,</strong></span> <span class='ocrx_word' id='word_1_295' title='bbox 1071 3145 1157 3194; x_wconf 89' lang='lat' dir='ltr'><strong>Latine</strong></span> <span class='ocrx_word' id='word_1_296' title='bbox 1171 3144 1261 3208; x_wconf 81' lang='lat' dir='ltr'><strong>gallus,</strong></span> <span class='ocrx_word' id='word_1_297' title='bbox 1276 3144 1327 3193; x_wconf 80' lang='lat' dir='ltr'><strong>sive</strong></span> <span class='ocrx_word' id='word_1_298' title='bbox 1340 3145 1407 3208; x_wconf 90' lang='lat' dir='ltr'><strong>qnod</strong></span> 
     </span>
     <span class='ocr_line' id='line_1_34' title="bbox 255 3208 1405 3281; baseline -0.001 -25"><span class='ocrx_word' id='word_1_299' title='bbox 255 3213 284 3257; x_wconf 84' lang='lat' dir='ltr'><strong>sit</strong></span> <span class='ocrx_word' id='word_1_300' title='bbox 307 3212 434 3259; x_wconf 77' lang='lat' dir='ltr'><strong>devinctior·</strong></span> <span class='ocrx_word' id='word_1_301' title='bbox 453 3212 521 3266; x_wconf 82' lang='lat' dir='ltr'><strong>alter,</strong></span> <span class='ocrx_word' id='word_1_302' title='bbox 542 3209 583 3273; x_wconf 90' lang='lat' dir='ltr'><strong>qui</strong></span> <span class='ocrx_word' id='word_1_303' title='bbox 601 3225 630 3257; x_wconf 90' lang='lat' dir='ltr'><strong>us</strong></span> <span class='ocrx_word' id='word_1_304' title='bbox 648 3209 710 3257; x_wconf 87' lang='lat' dir='ltr'><strong>alius</strong></span> <span class='ocrx_word' id='word_1_305' title='bbox 728 3209 813 3272; x_wconf 77' lang='lat' dir='ltr'><strong>magis,</strong></span> <span class='ocrx_word' id='word_1_306' title='bbox 846 3225 934 3273; x_wconf 86' lang='lat' dir='ltr'><strong>magno</strong></span> <span class='ocrx_word' id='word_1_307' title='bbox 953 3210 1040 3259; x_wconf 82' lang='lat' dir='ltr'><strong>lersore</strong></span> <span class='ocrx_word' id='word_1_308' title='bbox 1060 3208 1183 3272; x_wconf 86' lang='lat' dir='ltr'><strong>multaque</strong></span> <span class='ocrx_word' id='word_1_309' title='bbox 1199 3208 1330 3281; x_wconf 73' lang='lat' dir='ltr'><strong>pertinacia</strong></span> <span class='ocrx_word' id='word_1_310' title='bbox 1346 3208 1405 3272; x_wconf 79' lang='lat' dir='ltr'><strong>galli</strong></span> 
     </span>
     <span class='ocr_line' id='line_1_35' title="bbox 255 3270 1405 3402; baseline 0.001 -19"><span class='ocrx_word' id='word_1_311' title='bbox 255 3289 406 3390; x_wconf 58' lang='lat' dir='ltr'><strong>titiis</strong></span> <span class='ocrx_word' id='word_1_312' title='bbox 424 3274 815 3392; x_wconf 69' lang='lat' dir='ltr'><strong>:¹:J.¹”t.‘.t.t.t¹1‘tt”:.::t</strong></span> <span class='ocrx_word' id='word_1_313' title='bbox 846 3270 1405 3402; x_wconf 55' lang='lat' dir='ltr'><strong>ttttsmtntssitritrttttl?</strong></span> 
     </span>
     <span class='ocr_line' id='line_1_36' title="bbox 256 3397 980 3467; baseline 0.001 -20"><span class='ocrx_word' id='word_1_314' title='bbox 256 3407 281 3447; x_wconf 89' lang='lat' dir='ltr'><strong>et</strong></span> <span class='ocrx_word' id='word_1_315' title='bbox 300 3399 389 3455; x_wconf 86' lang='lat' dir='ltr'><strong>&#39;udico,</strong></span> <span class='ocrx_word' id='word_1_316' title='bbox 404 3407 432 3447; x_wconf 91' lang='lat' dir='ltr'><strong>nt</strong></span> <span class='ocrx_word' id='word_1_317' title='bbox 446 3415 511 3446; x_wconf 78' lang='lat' dir='ltr'><strong>sana</strong></span> <span class='ocrx_word' id='word_1_318' title='bbox 531 3397 616 3446; x_wconf 90' lang='lat' dir='ltr'><strong>mentis</strong></span> <span class='ocrx_word' id='word_1_319' title='bbox 633 3399 717 3448; x_wconf 83' lang='lat' dir='ltr'><strong>homo:</strong></span> <span class='ocrx_word' id='word_1_320' title='bbox 736 3400 760 3448; x_wconf 89' lang='lat' dir='ltr'><strong>in</strong></span> <span class='ocrx_word' id='word_1_321' title='bbox 776 3417 813 3448; x_wconf 86' lang='lat' dir='ltr'><strong>se·</strong></span> <span class='ocrx_word' id='word_1_322' title='bbox 845 3402 980 3467; x_wconf 87' lang='lat' dir='ltr'><strong>parabatur.</strong></span> 
     </span>
     <span class='ocr_line' id='line_1_37' title="bbox 257 3461 1404 3526; baseline 0.003 -18"><span class='ocrx_word' id='word_1_323' title='bbox 257 3471 340 3526; x_wconf 87' lang='lat' dir='ltr'><strong>quent.</strong></span> <span class='ocrx_word' id='word_1_324' title='bbox 353 3465 403 3510; x_wconf 85' lang='lat' dir='ltr'><strong>Sat.</strong></span> <span class='ocrx_word' id='word_1_325' title='bbox 415 3479 439 3511; x_wconf 89' lang='lat' dir='ltr'><strong>v.</strong></span> <span class='ocrx_word' id='word_1_326' title='bbox 452 3464 492 3518; x_wconf 79' lang='grc'><strong>89,</strong></span> <span class='ocrx_word' id='word_1_327' title='bbox 507 3461 549 3508; x_wconf 86' lang='lat' dir='ltr'><strong>Nil</strong></span> <span class='ocrx_word' id='word_1_328' title='bbox 561 3479 595 3508; x_wconf 85' lang='lat' dir='ltr'><strong>me</strong></span> <span class='ocrx_word' id='word_1_329' title='bbox 608 3467 716 3524; x_wconf 72' lang='lat' dir='ltr'><strong>peniteat</strong></span> <span class='ocrx_word' id='word_1_330' title='bbox 733 3479 815 3512; x_wconf 75' lang='lat' dir='ltr'><strong>surram</strong></span> <span class='ocrx_word' id='word_1_331' title='bbox 878 3466 919 3513; x_wconf 79' lang='lat'><strong>63.</strong></span> <span class='ocrx_word' id='word_1_332' title='bbox 939 3465 1015 3521; x_wconf 81' lang='lat' dir='ltr'><strong>Mass,</strong></span> <span class='ocrx_word' id='word_1_333' title='bbox 1024 3466 1091 3512; x_wconf 77' lang='lat' dir='ltr'><strong>aelim</strong></span> <span class='ocrx_word' id='word_1_334' title='bbox 1101 3478 1221 3510; x_wconf 78' lang='lat' dir='ltr'><strong>memores:</strong></span> <span class='ocrx_word' id='word_1_335' title='bbox 1236 3461 1315 3526; x_wconf 87' lang='lat' dir='ltr'><strong>lepide</strong></span> <span class='ocrx_word' id='word_1_336' title='bbox 1326 3463 1404 3511; x_wconf 77' lang='lat' dir='ltr'><strong>llore-</strong></span> 
     </span>
     <span class='ocr_line' id='line_1_38' title="bbox 255 3524 1403 3589; baseline 0.001 -17"><span class='ocrx_word' id='word_1_337' title='bbox 255 3529 331 3586; x_wconf 79' lang='lat' dir='ltr'><strong>pntrts</strong></span> <span class='ocrx_word' id='word_1_338' title='bbox 342 3528 419 3588; x_wconf 81' lang='lat' dir='ltr'><strong>lajas.</strong></span> <span class='ocrx_word' id='word_1_339' title='bbox 845 3527 894 3576; x_wconf 88' lang='lat' dir='ltr'><strong>tius</strong></span> <span class='ocrx_word' id='word_1_340' title='bbox 913 3528 939 3575; x_wconf 92' lang='lat' dir='ltr'><strong>in</strong></span> <span class='ocrx_word' id='word_1_341' title='bbox 958 3527 992 3574; x_wconf 92' lang='lat' dir='ltr'><strong>rei</strong></span> <span class='ocrx_word' id='word_1_342' title='bbox 1013 3525 1119 3575; x_wconf 80' lang='lat' dir='ltr'><strong>ridicule</strong></span> <span class='ocrx_word' id='word_1_343' title='bbox 1140 3524 1272 3573; x_wconf 81' lang='lat' dir='ltr'><strong>narratione</strong></span> <span class='ocrx_word' id='word_1_344' title='bbox 1289 3533 1403 3589; x_wconf 82' lang='lat' dir='ltr'><strong>tanquam</strong></span> 
     </span>
     <span class='ocr_line' id='line_1_39' title="bbox 290 3587 1403 3656; baseline 0.003 -21"><span class='ocrx_word' id='word_1_345' title='bbox 290 3590 394 3638; x_wconf 76' lang='lat'><strong>45-49.</strong></span> <span class='ocrx_word' id='word_1_346' title='bbox 413 3591 529 3652; x_wconf 81' lang='lat' dir='ltr'><strong>Campano</strong></span> <span class='ocrx_word' id='word_1_347' title='bbox 543 3594 616 3651; x_wconf 71' lang='lat' dir='ltr'><strong>positi,</strong></span> <span class='ocrx_word' id='word_1_348' title='bbox 631 3590 738 3654; x_wconf 74' lang='lat' dir='ltr'><strong>intellige</strong></span> <span class='ocrx_word' id='word_1_349' title='bbox 753 3605 813 3655; x_wconf 90' lang='lat' dir='ltr'><strong>pou·</strong></span> <span class='ocrx_word' id='word_1_350' title='bbox 847 3600 917 3656; x_wconf 85' lang='lat' dir='ltr'><strong>poeta</strong></span> <span class='ocrx_word' id='word_1_351' title='bbox 937 3590 1020 3655; x_wconf 87' lang='lat' dir='ltr'><strong>spiens</strong></span> <span class='ocrx_word' id='word_1_352' title='bbox 1047 3592 1144 3638; x_wconf 82' lang='lat' dir='ltr'><strong>Musam</strong></span> <span class='ocrx_word' id='word_1_353' title='bbox 1173 3587 1199 3635; x_wconf 90' lang='lat' dir='ltr'><strong>in</strong></span> <span class='ocrx_word' id='word_1_354' title='bbox 1221 3596 1300 3653; x_wconf 86' lang='lat' dir='ltr'><strong>partes</strong></span> <span class='ocrx_word' id='word_1_355' title='bbox 1323 3598 1403 3645; x_wconf 80' lang='lat' dir='ltr'><strong>vocat,</strong></span> 
     </span>
     <span class='ocr_line' id='line_1_40' title="bbox 257 3652 1404 3720; baseline 0.001 -21"><span class='ocrx_word' id='word_1_356' title='bbox 257 3660 304 3700; x_wconf 88' lang='lat' dir='ltr'><strong>tem</strong></span> <span class='ocrx_word' id='word_1_357' title='bbox 317 3652 490 3701; x_wconf 85' lang='lat' dir='ltr'><strong>transfluvium</strong></span> <span class='ocrx_word' id='word_1_358' title='bbox 507 3655 623 3703; x_wconf 87' lang='lat' dir='ltr'><strong>Savonem</strong></span> <span class='ocrx_word' id='word_1_359' title='bbox 639 3653 669 3702; x_wconf 92' lang='lat' dir='ltr'><strong>ad</strong></span> <span class='ocrx_word' id='word_1_360' title='bbox 682 3655 744 3702; x_wconf 85' lang='lat' dir='ltr'><strong>viam</strong></span> <span class='ocrx_word' id='word_1_361' title='bbox 761 3657 814 3720; x_wconf 83' lang='lat' dir='ltr'><strong>Ap·</strong></span> <span class='ocrx_word' id='word_1_362' title='bbox 847 3669 899 3702; x_wconf 90' lang='lat' dir='ltr'><strong>eam</strong></span> <span class='ocrx_word' id='word_1_363' title='bbox 917 3653 1063 3702; x_wconf 82' lang='lat' dir='ltr'><strong>aeduorum</strong></span> <span class='ocrx_word' id='word_1_364' title='bbox 1075 3667 1218 3706; x_wconf 78' lang='lat' dir='ltr'><strong>sennarum,</strong></span> <span class='ocrx_word' id='word_1_365' title='bbox 1229 3652 1404 3700; x_wconf 84' lang='lat' dir='ltr'><strong>sicntvirornm</strong></span> 
     </span>
     <span class='ocr_line' id='line_1_41' title="bbox 273 3671 1403 3782; baseline 0.002 -20"><span class='ocrx_word' id='word_1_366' title='bbox 273 3715 328 3763; x_wconf 83' lang='lat' dir='ltr'><strong>iam.</strong></span> <span class='ocrx_word' id='word_1_367' title='bbox 361 3717 474 3764; x_wconf 81' lang='lat' dir='ltr'><strong>Pas-ochi:</strong></span> <span class='ocrx_word' id='word_1_368' title='bbox 489 3720 600 3780; x_wconf 76' lang='lat' dir='ltr'><strong>parocias</strong></span> <span class='ocrx_word' id='word_1_369' title='bbox 610 3717 759 3782; x_wconf 78' lang='grc' dir='ltr'><strong>(πάροχος),</strong></span> <span class='ocrx_word' id='word_1_370' title='bbox 772 3719 815 3782; x_wconf 93' lang='lat' dir='ltr'><strong>qni</strong></span> <span class='ocrx_word' id='word_1_371' title='bbox 848 3671 916 3782; x_wconf 80' lang='lat' dir='ltr'><strong>apud</strong></span> <span class='ocrx_word' id='word_1_372' title='bbox 925 3717 1062 3772; x_wconf 85' lang='lat' dir='ltr'><strong>Homemm,</strong></span> <span class='ocrx_word' id='word_1_373' title='bbox 1079 3715 1181 3780; x_wconf 84' lang='lat' dir='ltr'><strong>patriam</strong></span> <span class='ocrx_word' id='word_1_374' title='bbox 1191 3724 1215 3763; x_wconf 90' lang='lat' dir='ltr'><strong>et</strong></span> <span class='ocrx_word' id='word_1_375' title='bbox 1225 3715 1342 3777; x_wconf 81' lang='lat' dir='ltr'><strong>originem</strong></span> <span class='ocrx_word' id='word_1_376' title='bbox 1353 3731 1403 3764; x_wconf 88' lang='lat' dir='ltr'><strong>rne-</strong></span> 
     </span>
     <span class='ocr_line' id='line_1_42' title="bbox 255 3731 1256 3844; baseline 0 -18"><span class='ocrx_word' id='word_1_377' title='bbox 255 3731 340 3840; x_wconf 77' lang='lat' dir='ltr'><strong>legatis</strong></span> <span class='ocrx_word' id='word_1_378' title='bbox 356 3789 380 3827; x_wconf 89' lang='lat' dir='ltr'><strong>et</strong></span> <span class='ocrx_word' id='word_1_379' title='bbox 397 3780 451 3827; x_wconf 89' lang='lat' dir='ltr'><strong>aliis</strong></span> <span class='ocrx_word' id='word_1_380' title='bbox 467 3781 511 3830; x_wconf 84' lang='lat' dir='ltr'><strong>iter</strong></span> <span class='ocrx_word' id='word_1_381' title='bbox 521 3781 662 3830; x_wconf 84' lang='lat' dir='ltr'><strong>iacientibus</strong></span> <span class='ocrx_word' id='word_1_382' title='bbox 680 3783 813 3830; x_wconf 84' lang='lat' dir='ltr'><strong>necessaria</strong></span> <span class='ocrx_word' id='word_1_383' title='bbox 845 3795 936 3829; x_wconf 84' lang='lat' dir='ltr'><strong>morare</strong></span> <span class='ocrx_word' id='word_1_384' title='bbox 943 3781 1021 3844; x_wconf 81' lang='lat' dir='ltr'><strong>jubet.</strong></span> <span class='ocrx_word' id='word_1_385' title='bbox 1055 3781 1117 3834; x_wconf 85' lang='lat' dir='ltr'><strong>Osci,</strong></span> <span class='ocrx_word' id='word_1_386' title='bbox 1129 3778 1256 3843; x_wconf 82' lang='lat' dir='ltr'><strong>Campani.</strong></span> 
     </span>
     <span class='ocr_line' id='line_1_43' title="bbox 256 3841 1404 3909; baseline 0.001 -20"><span class='ocrx_word' id='word_1_387' title='bbox 256 3843 408 3904; x_wconf 84' lang='lat' dir='ltr'><strong>(nominatim</strong></span> <span class='ocrx_word' id='word_1_388' title='bbox 420 3844 503 3902; x_wconf 85' lang='lat' dir='ltr'><strong>salem,</strong></span> <span class='ocrx_word' id='word_1_389' title='bbox 514 3845 613 3908; x_wconf 80' lang='lat' dir='ltr'><strong>lignum,</strong></span> <span class='ocrx_word' id='word_1_390' title='bbox 622 3845 737 3907; x_wconf 87' lang='lat' dir='ltr'><strong>ioenum),</strong></span> <span class='ocrx_word' id='word_1_391' title='bbox 749 3847 812 3909; x_wconf 88' lang='lat' dir='ltr'><strong>pub·</strong></span> <span class='ocrx_word' id='word_1_392' title='bbox 878 3847 919 3892; x_wconf 83' lang='lat'><strong>66.</strong></span> <span class='ocrx_word' id='word_1_393' title='bbox 934 3846 1049 3892; x_wconf 79' lang='lat' dir='ltr'><strong>Sarmenti</strong></span> <span class='ocrx_word' id='word_1_394' title='bbox 1057 3846 1149 3890; x_wconf 77' lang='lat' dir='ltr'><strong>domina</strong></span> <span class='ocrx_word' id='word_1_395' title='bbox 1156 3852 1244 3890; x_wconf 76' lang='lat' dir='ltr'><strong>cassat:</strong></span> <span class='ocrx_word' id='word_1_396' title='bbox 1258 3841 1404 3890; x_wconf 80' lang='lat' dir='ltr'><strong>vivebatad-</strong></span> 
     </span>
     <span class='ocr_line' id='line_1_44' title="bbox 255 3905 1403 3974; baseline 0.002 -22"><span class='ocrx_word' id='word_1_397' title='bbox 255 3905 303 3954; x_wconf 92' lang='lat' dir='ltr'><strong>lico</strong></span> <span class='ocrx_word' id='word_1_398' title='bbox 313 3915 393 3954; x_wconf 87' lang='lat' dir='ltr'><strong>sumtu</strong></span> <span class='ocrx_word' id='word_1_399' title='bbox 408 3911 527 3969; x_wconf 77' lang='lat' dir='ltr'><strong>prebenda</strong></span> <span class='ocrx_word' id='word_1_400' title='bbox 539 3908 644 3974; x_wconf 85' lang='lat' dir='ltr'><strong>suscepit</strong></span> <span class='ocrx_word' id='word_1_401' title='bbox 656 3909 692 3956; x_wconf 85' lang='lat' dir='ltr'><strong>vel</strong></span> <span class='ocrx_word' id='word_1_402' title='bbox 704 3909 812 3956; x_wconf 88' lang='lat' dir='ltr'><strong>redemit.</strong></span> <span class='ocrx_word' id='word_1_403' title='bbox 845 3909 893 3957; x_wconf 92' lang='lat' dir='ltr'><strong>huc</strong></span> <span class='ocrx_word' id='word_1_404' title='bbox 904 3907 1009 3962; x_wconf 89' lang='lat' dir='ltr'><strong>domina,</strong></span> <span class='ocrx_word' id='word_1_405' title='bbox 1021 3905 1091 3970; x_wconf 85' lang='lat' dir='ltr'><strong>cujas</strong></span> <span class='ocrx_word' id='word_1_406' title='bbox 1105 3921 1189 3954; x_wconf 85' lang='lat' dir='ltr'><strong>servus</strong></span> <span class='ocrx_word' id='word_1_407' title='bbox 1204 3906 1281 3953; x_wconf 81' lang='lat' dir='ltr'><strong>inerat</strong></span> <span class='ocrx_word' id='word_1_408' title='bbox 1290 3908 1403 3954; x_wconf 83' lang='lat' dir='ltr'><strong>Sarmen-</strong></span> 
     </span>
     <span class='ocr_line' id='line_1_45' title="bbox 256 3969 1402 4083; baseline -0.001 -66"><span class='ocrx_word' id='word_1_409' title='bbox 256 3969 324 4017; x_wconf 89' lang='lat' dir='ltr'><strong>Idem</strong></span> <span class='ocrx_word' id='word_1_410' title='bbox 340 3970 425 4018; x_wconf 83' lang='lat' dir='ltr'><strong>Latius</strong></span> <span class='ocrx_word' id='word_1_411' title='bbox 440 3987 454 4018; x_wconf 89' lang='lat' dir='ltr'><strong>a</strong></span> <span class='ocrx_word' id='word_1_412' title='bbox 470 3976 569 4032; x_wconf 70' lang='lat' dir='ltr'><strong>prebere</strong></span> <span class='ocrx_word' id='word_1_413' title='bbox 585 3971 731 4083; x_wconf 63' lang='lat' dir='ltr'><strong>Srapixsw)</strong></span> <span class='ocrx_word' id='word_1_414' title='bbox 748 3972 814 4037; x_wconf 88' lang='lat' dir='ltr'><strong>apud</strong></span> <span class='ocrx_word' id='word_1_415' title='bbox 846 3981 903 4031; x_wconf 90' lang='lat' dir='ltr'><strong>tns;</strong></span> <span class='ocrx_word' id='word_1_416' title='bbox 921 3987 985 4019; x_wconf 91' lang='lat' dir='ltr'><strong>nnnc</strong></span> <span class='ocrx_word' id='word_1_417' title='bbox 995 3979 1046 4019; x_wconf 82' lang='lat' dir='ltr'><strong>erat</strong></span> <span class='ocrx_word' id='word_1_418' title='bbox 1056 3970 1077 4017; x_wconf 91' lang='lat' dir='ltr'><strong>is</strong></span> <span class='ocrx_word' id='word_1_419' title='bbox 1087 3970 1112 4017; x_wconf 90' lang='lat' dir='ltr'><strong>in</strong></span> <span class='ocrx_word' id='word_1_420' title='bbox 1123 3970 1238 4017; x_wconf 89' lang='lat' dir='ltr'><strong>comitatu</strong></span> <span class='ocrx_word' id='word_1_421' title='bbox 1250 3969 1402 4024; x_wconf 66' lang='lat' dir='ltr'><strong>stamnum.</strong></span> 
     </span>
     <span class='ocr_line' id='line_1_46' title="bbox 256 4032 1403 4099; baseline -0.001 -17"><span class='ocrx_word' id='word_1_422' title='bbox 256 4033 397 4082; x_wconf 83' lang='lat' dir='ltr'><strong>Ciceronem</strong></span> <span class='ocrx_word' id='word_1_423' title='bbox 416 4035 486 4082; x_wconf 85' lang='lat' dir='ltr'><strong>Offic.</strong></span> <span class='ocrx_word' id='word_1_424' title='bbox 502 4036 519 4092; x_wconf 84' lang='lat' dir='ltr'><strong>i,</strong></span> <span class='ocrx_word' id='word_1_425' title='bbox 534 4039 571 4092; x_wconf 78' lang='lat'><strong>15,</strong></span> <span class='ocrx_word' id='word_1_426' title='bbox 603 4035 672 4084; x_wconf 88' lang='lat' dir='ltr'><strong>icitur</strong></span> <span class='ocrx_word' id='word_1_427' title='bbox 688 4037 813 4097; x_wconf 57' lang='lat' dir='ltr'><strong>preditam</strong></span> <span class='ocrx_word' id='word_1_428' title='bbox 846 4035 888 4099; x_wconf 90' lang='lat' dir='ltr'><strong>qui</strong></span> <span class='ocrx_word' id='word_1_429' title='bbox 897 4034 1037 4082; x_wconf 87' lang='lat' dir='ltr'><strong>scurrilibus</strong></span> <span class='ocrx_word' id='word_1_430' title='bbox 1047 4035 1101 4098; x_wconf 85' lang='lat' dir='ltr'><strong>ejus</strong></span> <span class='ocrx_word' id='word_1_431' title='bbox 1108 4033 1171 4098; x_wconf 87' lang='lat' dir='ltr'><strong>jocis</strong></span> <span class='ocrx_word' id='word_1_432' title='bbox 1182 4032 1311 4081; x_wconf 84' lang='lat' dir='ltr'><strong>admodum</strong></span> <span class='ocrx_word' id='word_1_433' title='bbox 1321 4032 1403 4081; x_wconf 87' lang='lat' dir='ltr'><strong>delec-</strong></span> 
     </span>
     <span class='ocr_line' id='line_1_47' title="bbox 254 4095 1403 4172; baseline -0.002 -26"><span class='ocrx_word' id='word_1_434' title='bbox 254 4105 279 4146; x_wconf 82' lang='lat' dir='ltr'><strong>et</strong></span> <span class='ocrx_word' id='word_1_435' title='bbox 297 4098 352 4146; x_wconf 83' lang='lat' dir='ltr'><strong>hinc</strong></span> <span class='ocrx_word' id='word_1_436' title='bbox 363 4097 408 4172; x_wconf 77' lang='lat' dir='ltr'><strong>ini.</strong></span> <span class='ocrx_word' id='word_1_437' title='bbox 418 4100 469 4146; x_wconf 87' lang='lat' dir='ltr'><strong>Sat.</strong></span> <span class='ocrx_word' id='word_1_438' title='bbox 479 4099 506 4156; x_wconf 92' lang='lat' dir='ltr'><strong>ii,</strong></span> <span class='ocrx_word' id='word_1_439' title='bbox 519 4101 543 4155; x_wconf 82' lang='grc'><strong>8,</strong></span> <span class='ocrx_word' id='word_1_440' title='bbox 555 4101 595 4154; x_wconf 82' lang='grc'><strong>35,</strong></span> <span class='ocrx_word' id='word_1_441' title='bbox 606 4102 737 4146; x_wconf 80' lang='lat' dir='ltr'><strong>convivator</strong></span> <span class='ocrx_word' id='word_1_442' title='bbox 770 4115 813 4147; x_wconf 92' lang='lat' dir='ltr'><strong>no·</strong></span> <span class='ocrx_word' id='word_1_443' title='bbox 847 4106 911 4147; x_wconf 86' lang='lat' dir='ltr'><strong>tatus</strong></span> <span class='ocrx_word' id='word_1_444' title='bbox 922 4098 994 4146; x_wconf 84' lang='lat' dir='ltr'><strong>inisse</strong></span> <span class='ocrx_word' id='word_1_445' title='bbox 1001 4097 1106 4146; x_wconf 86' lang='lat' dir='ltr'><strong>videtur:</strong></span> <span class='ocrx_word' id='word_1_446' title='bbox 1118 4097 1167 4144; x_wconf 83' lang='lat' dir='ltr'><strong>vid.</strong></span> <span class='ocrx_word' id='word_1_447' title='bbox 1181 4096 1305 4144; x_wconf 84' lang='lat' dir='ltr'><strong>Plutarch.</strong></span> <span class='ocrx_word' id='word_1_448' title='bbox 1315 4095 1341 4143; x_wconf 89' lang='lat' dir='ltr'><strong>in</strong></span> <span class='ocrx_word' id='word_1_449' title='bbox 1351 4097 1403 4144; x_wconf 84' lang='lat' dir='ltr'><strong>vit.</strong></span> 
     </span>
     <span class='ocr_line' id='line_1_48' title="bbox 254 4161 1403 4292; baseline -0.001 -19"><span class='ocrx_word' id='word_1_450' title='bbox 254 4164 580 4292; x_wconf 65' lang='lat' dir='ltr'><strong>tt32‚‘¹‡¹.¹..².&#39;“:l:lt¹.⁰¹;t</strong></span> <span class='ocrx_word' id='word_1_451' title='bbox 594 4164 748 4289; x_wconf 52' lang='lat' dir='ltr'><strong>liliis</strong></span> <span class='ocrx_word' id='word_1_452' title='bbox 768 4181 812 4274; x_wconf 73' lang='lat' dir='ltr'><strong>lt</strong></span> <span class='ocrx_word' id='word_1_453' title='bbox 843 4161 1403 4290; x_wconf 53' lang='lat' dir='ltr'><strong>ipttmrtitttlfflttt‘.{itt</strong></span> 
     </span>
     <span class='ocr_line' id='line_1_49' title="bbox 255 4287 1403 4356; baseline -0.001 -22"><span class='ocrx_word' id='word_1_454' title='bbox 255 4289 310 4338; x_wconf 89' lang='lat' dir='ltr'><strong>inde</strong></span> <span class='ocrx_word' id='word_1_455' title='bbox 331 4289 389 4338; x_wconf 85' lang='lat' dir='ltr'><strong>villa</strong></span> <span class='ocrx_word' id='word_1_456' title='bbox 410 4291 539 4352; x_wconf 73' lang='lat' dir='ltr'><strong>(tempora)</strong></span> <span class='ocrx_word' id='word_1_457' title='bbox 561 4290 699 4354; x_wconf 84' lang='lat' dir='ltr'><strong>tempestive</strong></span> <span class='ocrx_word' id='word_1_458' title='bbox 721 4293 813 4356; x_wconf 75' lang='lat' dir='ltr'><strong>Capuae</strong></span> <span class='ocrx_word' id='word_1_459' title='bbox 844 4289 940 4337; x_wconf 82' lang='lat' dir='ltr'><strong>biliores</strong></span> <span class='ocrx_word' id='word_1_460' title='bbox 950 4289 1102 4337; x_wconf 85' lang='lat' dir='ltr'><strong>admitterent</strong></span> <span class='ocrx_word' id='word_1_461' title='bbox 1116 4297 1141 4336; x_wconf 86' lang='lat' dir='ltr'><strong>et</strong></span> <span class='ocrx_word' id='word_1_462' title='bbox 1157 4303 1246 4336; x_wconf 81' lang='lat' dir='ltr'><strong>mense</strong></span> <span class='ocrx_word' id='word_1_463' title='bbox 1262 4287 1403 4335; x_wconf 87' lang='lat' dir='ltr'><strong>adhiberent</strong></span> 
     </span>
     <span class='ocr_line' id='line_1_50' title="bbox 252 4351 1402 4427; baseline -0.003 -26"><span class='ocrx_word' id='word_1_464' title='bbox 252 4353 408 4412; x_wconf 83' lang='lat' dir='ltr'><strong>adrenimus;</strong></span> <span class='ocrx_word' id='word_1_465' title='bbox 425 4352 606 4401; x_wconf 83' lang='lat' dir='ltr'><strong>subadsentum</strong></span> <span class='ocrx_word' id='word_1_466' title='bbox 615 4352 677 4401; x_wconf 86' lang='lat' dir='ltr'><strong>enim</strong></span> <span class='ocrx_word' id='word_1_467' title='bbox 687 4353 710 4401; x_wconf 92' lang='lat' dir='ltr'><strong>in</strong></span> <span class='ocrx_word' id='word_1_468' title='bbox 723 4353 812 4410; x_wconf 90' lang='lat' dir='ltr'><strong>locum,</strong></span> <span class='ocrx_word' id='word_1_469' title='bbox 844 4367 944 4408; x_wconf 86' lang='lat' dir='ltr'><strong>scarras,</strong></span> <span class='ocrx_word' id='word_1_470' title='bbox 956 4368 1057 4427; x_wconf 85' lang='lat' dir='ltr'><strong>qnorum</strong></span> <span class='ocrx_word' id='word_1_471' title='bbox 1074 4352 1176 4399; x_wconf 88' lang='lat' dir='ltr'><strong>ridicule</strong></span> <span class='ocrx_word' id='word_1_472' title='bbox 1191 4351 1263 4398; x_wconf 87' lang='lat' dir='ltr'><strong>dictis</strong></span> <span class='ocrx_word' id='word_1_473' title='bbox 1275 4352 1336 4399; x_wconf 80' lang='lat' dir='ltr'><strong>inter</strong></span> <span class='ocrx_word' id='word_1_474' title='bbox 1350 4365 1402 4399; x_wconf 80' lang='lat' dir='ltr'><strong>coe·</strong></span> 
     </span>
     <span class='ocr_line' id='line_1_51' title="bbox 254 4416 1211 4481; baseline -0.001 -18"><span class='ocrx_word' id='word_1_475' title='bbox 254 4417 295 4464; x_wconf 91' lang='lat' dir='ltr'><strong>nbi</strong></span> <span class='ocrx_word' id='word_1_476' title='bbox 307 4417 351 4465; x_wconf 87' lang='lat' dir='ltr'><strong>iter</strong></span> <span class='ocrx_word' id='word_1_477' title='bbox 359 4418 473 4466; x_wconf 80' lang='lat' dir='ltr'><strong>iacientes</strong></span> <span class='ocrx_word' id='word_1_478' title='bbox 481 4416 620 4464; x_wconf 87' lang='lat' dir='ltr'><strong>commorari</strong></span> <span class='ocrx_word' id='word_1_479' title='bbox 631 4416 667 4464; x_wconf 85' lang='lat' dir='ltr'><strong>vel</strong></span> <span class='ocrx_word' id='word_1_480' title='bbox 677 4426 813 4481; x_wconf 81' lang='lat' dir='ltr'><strong>pernoctare</strong></span> <span class='ocrx_word' id='word_1_481' title='bbox 844 4432 900 4465; x_wconf 85' lang='lat' dir='ltr'><strong>nam</strong></span> <span class='ocrx_word' id='word_1_482' title='bbox 912 4416 1019 4480; x_wconf 88' lang='lat' dir='ltr'><strong>inpnmis</strong></span> <span class='ocrx_word' id='word_1_483' title='bbox 1029 4416 1211 4464; x_wconf 82' lang='lat' dir='ltr'><strong>delectarentur.</strong></span> 
     </span>
     <span class='ocr_line' id='line_1_52' title="bbox 254 4477 1403 4542; baseline 0 -16"><span class='ocrx_word' id='word_1_484' title='bbox 254 4481 543 4536; x_wconf 68' lang='lat' dir='ltr'><strong>voluntmulusslinrm</strong></span> <span class='ocrx_word' id='word_1_485' title='bbox 559 4479 812 4539; x_wconf 60' lang='lat' dir='ltr'><strong>posinna-clitellas</strong></span> <span class='ocrx_word' id='word_1_486' title='bbox 876 4481 917 4528; x_wconf 83' lang='grc'><strong>56.</strong></span> <span class='ocrx_word' id='word_1_487' title='bbox 949 4480 1006 4542; x_wconf 76' lang='lat' dir='ltr'><strong>Equi</strong></span> <span class='ocrx_word' id='word_1_488' title='bbox 1030 4480 1119 4541; x_wconf 72' lang='lat' dir='ltr'><strong>soseri</strong></span> <span class='ocrx_word' id='word_1_489' title='bbox 1140 4481 1235 4526; x_wconf 73' lang='lat' dir='ltr'><strong>similem</strong></span> <span class='ocrx_word' id='word_1_490' title='bbox 1263 4481 1322 4533; x_wconf 80' lang='lat' dir='ltr'><strong>dico,</strong></span> <span class='ocrx_word' id='word_1_491' title='bbox 1350 4477 1403 4526; x_wconf 83' lang='lat' dir='ltr'><strong>sine</strong></span> 
     </span>
    </p>
   </div>
   <div class='ocr_carea' id='block_1_5' title="bbox 0 0 1580 5200">
    <p class='ocr_par' dir='ltr' id='par_1_8' title="bbox 0 0 1580 5200">
     <span class='ocr_line' id='line_1_53' title="bbox 0 0 1580 5200; baseline 0 3"><span class='ocrx_word' id='word_1_492' title='bbox 0 0 1580 5200; x_wconf 95' lang='lat' dir='ltr'><strong> </strong></span> 
     </span>
    </p>
   </div>
  </div>
 </body>
</html>
