3150 5200
590 360 755 427 LIBER
778 364 805 441 1,
833 366 860 428 1.

232 505 330 573 Nunc
346 508 379 573 in
394 508 556 595 Aristippi
572 510 681 577 furtim
696 525 863 598 praeceptn
877 513 1017 593 relabor,

231 608 279 673 Et
293 610 371 673 mibi
386 632 451 687 res,
467 632 532 675 non
546 634 597 676 me
612 614 711 678 rebus
728 616 927 699 subjungere
942 638 1054 682 conor.

166 708 210 771 20
231 708 280 773 Ut
295 733 360 774 nox
374 710 482 796 longa,
499 714 618 796 quibus
635 716 789 780 mentitur
804 718 918 794 emico,
934 718 1071 801 diesque

232 809 348 896 Longe
363 813 492 877 videtur·
506 836 590 898 opus
605 815 820 895 debentibus,
844 828 882 881 ut
895 818 990 903 piger
1004 841 1108 885 onnus

231 912 380 998 Pupillis,
397 936 480 998 quos
495 915 579 979 dura
590 918 709 999 premit
724 918 874 982 custodie
887 930 1044 984 matrum:

230 1013 285 1079 Sic
298 1014 377 1079 mihi
392 1016 485 1079 terde
500 1016 607 1081 fluunt
622 1020 814 1103 ingrataque
830 1030 988 1105 temporo,
1003 1044 1078 1106 quse
1093 1044 1185 1107 spem
1203 1018 1209 1028 ’

231 1115 474 1201 Consiliumque
489 1129 657 1182 morentur
672 1121 792 1203 egendi
806 1122 954 1204 gnaviter
969 1123 1013 1200 id,
1029 1125 1120 1209 quod

165 1215 208 1278 25
230 1216 342 1300 AEque
356 1220 557 1302 pauperibus
573 1219 722 1302 prodest,
737 1220 955 1305 locupletibus
969 1246 1075 1307 aeque,

219 1318 341 1402 AEque
356 1319 538 1405 neglectum
553 1324 664 1404 pueris
681 1323 880 1407 senibusque
894 1326 1036 1389 nocebit.

202 1442 206 1451 ·
229 1419 358 1498 Restat,
375 1422 477 1487 uthis
492 1444 555 1507 ego
570 1444 620 1487 me
635 1424 705 1506 ipse
721 1446 832 1509 regam
847 1424 997 1509 solerque
1011 1424 1198 1493 elementisr

230 1520 309 1586 Non
323 1524 429 1607 possis
445 1523 540 1587 oculo
554 1534 711 1607 quantum
727 1527 925 1591 contendere
941 1526 1106 1611 Lynceus,

228 1622 306 1686 Non
321 1634 426 1688 tamen
442 1625 565 1689 idcirco
580 1636 766 1690 contemnes
781 1626 891 1712 lippus
906 1629 1041 1713 inungi3

163 1724 207 1787 30
228 1723 313 1801 Nee,
329 1726 406 1808 quie
420 1725 575 1809 desperes
591 1728 701 1791 invicti
716 1730 861 1792 membre
874 1729 1045 1813 Glyconis,

139 1895 211 1957 egilis
213 1893 259 1956 fio,
272 1892 376 1957 diligens
386 1892 478 1943 scilicet
491 1910 568 1944 rerum
611 1895 695 1944 rende·
729 1898 800 1960 longe
816 1916 869 1954 nos,
880 1901 943 1947 tenta
961 1902 1017 1956 dier,
1029 1902 1096 1965 piger
1112 1917 1196 1948 ossus.
1231 1902 1295 1963 Opus

139 1970 194 2005 nun
211 1966 236 2007 et
253 1957 337 2005 virium
347 1956 532 2007 exercendarum
543 1966 581 2006 stu
599 1958 648 2007 ium
656 1959 696 2024 ju·
728 1963 870 2019 debentibus,
886 1962 916 2010 iis
932 1964 974 2027 qui
991 1978 1091 2028 pensum
1109 1965 1160 2012 sive
1178 1980 1239 2038 opus
1257 1966 1293 2014 di-

140 2020 213 2070 bebet
239 2021 372 2071 Stoicorum
398 2022 528 2087 sepientis:
564 2023 697 2073 Lambinus
728 2026 916 2091 urnumvelpro
926 2027 1213 2077 mereedersrlsxofficro
1223 2030 1293 2093 perfl-

139 2100 194 2133 com
226 2094 262 2134 ret
270 2086 351 2135 locum
362 2086 493 2142 Ciceronis,
502 2085 544 2150 qui
555 2086 585 2135 de
596 2086 651 2135 Fin.
659 2086 695 2145 iii,
728 2102 782 2137 cere
794 2088 890 2139 debent.
925 2090 1034 2139 Custodia
1049 2100 1163 2138 matrum:
1180 2106 1293 2157 cumpu-

138 2150 181 2197 20·
204 2152 307 2199 'etonem
326 2150 431 2199 Stoicum
450 2150 485 2199 its
504 2150 641 2214 loquentem
660 2151 697 2199 in·
730 2152 783 2216 pilli
800 2168 849 2202 non
866 2164 945 2203 essent
962 2156 1007 2203 sub
1027 2154 1104 2203 tutele
1120 2163 1233 2213 rostrum,
1251 2172 1294 2221 per

138 2212 221 2263 ducit:
240 2215 299 2262 curs
317 2224 394 2262 cratem
410 2216 441 2263 ad
458 2218 552 2263 tuendos
562 2230 697 2263 susurrarr-
730 2219 856 2265 amomon
877 2216 986 2281 intellige
1006 2232 1113 2267 severum
1131 2232 1224 2277 cunm,
1261 2234 1293 2269 us

138 2280 221 2341 desque
231 2279 329 2327 borsines
340 2278 449 2327 bcrrrinem
463 2288 545 2327 netum
561 2294 605 2327 esre
619 2280 697 2327 cides-
731 2280 801 2328 bono
816 2290 905 2330 metres
915 2282 977 2329 filios
993 2296 1009 2329 s
1025 2281 1149 2330 luxuriose
1159 2282 1208 2331 riu
1272 2284 1293 2331 i-

139 2356 199 2419 mus,
221 2352 394 2419 cruentemur
420 2352 453 2389 est
472 2344 527 2390 braic
547 2352 647 2398 nature,
670 2352 698 2390 nt
730 2342 793 2418 bites
810 2344 844 2419 erl
857 2345 1025 2410 pcrsirnoninm
1037 2344 1293 2423 sdigeresturlcbsnt3

138 2408 697 2527 ”ssime
728 2409 1295 2539 limem,

139 2548 195 2583 ruor
209 2549 286 2583 rerurn
306 2533 413 2582 civilrum
431 2533 512 2582 undu.
545 2534 622 2583 Paulo
640 2535 697 2583 sub·
729 2536 836 2585 entibus.

139 2596 222 2648 lirnius
232 2615 301 2655 cure,
313 2599 402 2664 quibus
415 2609 497 2663 peetus
508 2598 577 2664 qussi
588 2599 664 2648 undet
674 2607 699 2649 et
762 2602 804 2649 2⁴.
821 2601 957 2658 Morantur,
969 2600 1110 2666 impediunt,
1121 2602 1260 2651 estrsbunt.

137 2670 234 2718 metuet,
251 2672 367 2713 vocantur
380 2665 461 2712 unde.-
479 2663 570 2713 crull.
582 2663 640 2720 lrir,
651 2663 693 2720 62,
759 2665 866 2714 27-31.
882 2665 1083 2723 Restancncett.
1106 2665 1209 2714 Sensw
1222 2668 1293 2717 rebus

137 2737 161 2776 et
171 2731 262 2792 mugnis
276 2727 498 2792 cummmflrrctuct
511 2730 597 2786 ondin
617 2727 642 2775 in
657 2743 694 2776 se-
727 2727 801 2777 sices
815 2727 1031 2786 haberehunhec
1046 2729 1117 2793 qussi
1135 2728 1293 2796 philosophia

135 2799 227 2856 qnente
246 2791 324 2857 Epist.
342 2808 364 2840 v.
382 2793 424 2847 22,
441 2794 542 2840 «domis
559 2807 638 2840 rerum
652 2794 694 2839 irrr-
727 2792 796 2842 initis
812 2792 902 2842 etrite
918 2801 1037 2858 precepto
1052 2808 1092 2842 nre
1106 2809 1130 2842 re
1163 2803 1190 2840 nt
1205 2796 1293 2843 eteni-

137 2854 618 2919 mersebiibrrrrdiuvirg.AEn.viii,19,
683 2882 695 2893 ·
728 2871 795 2906 mum
815 2872 894 2905 meum
916 2857 1071 2906 confisurentr
1089 2865 1107 2885 ‘⁴
1146 2856 1181 2904 cli
1202 2857 1294 2922 aliquid

137 2936 289 2968 sincerarum
316 2929 474 2976 sctrictam
491 2919 654 2968 etsicAEsorri
671 2936 698 2970 es
729 2919 825 2985 assequi
836 2921 907 2977 velle,
919 2921 985 2985 qnod
1000 2935 1043 2985 pro
1056 2919 1292 2970 iseultsnbussns·

138 2982 203 3058 apud
219 2984 278 3033 Vel.
312 2985 373 3034 lscc.
384 2999 406 3039 r,
419 2985 570 3032 ³03urrrlcrrs
584 2987 648 3032 curis
659 2983 696 3032 di·
730 2992 784 3033 tum
801 2983 844 3032 tibi
860 2984 924 3033 detis
940 2986 1034 3049 sesequi
1052 2999 1100 3032 non
1115 2991 1192 3050 potes,
1204 2985 1247 3033 sed
1263 2999 1293 3034 es

137 3057 210 3096 crtur.
244 3049 349 3114 Oppisn.
362 3048 419 3096 iicl-
430 3050 486 3102 506,
500 3047 558 3106 νόος
567 3047 697 3108 iiolrlirrs
729 3063 784 3110 quse
811 3048 887 3098 hebes
913 3048 1039 3112 diligenter
1065 3063 1124 3096 curn
1149 3055 1174 3096 et
1198 3047 1292 3096 tuere.'’

138 3109 567 3223 pipcsbrircr·yiql.12rekenb.ad
583 3111 627 3160 Sil.
640 3112 697 3162 Ital.
731 3113 802 3188 iisne
819 3113 961 3206 ιὲαίοιιιὶιιιιι
977 3112 1092 3224 ‹luobuq1⁰
1090 3110 1206 3176 exemplis
1222 3111 1292 3187 illus-

138 3177 697 3306 &qianoqrpgququemmqrqqs
728 3183 853 3288 militnm
861 3178 925 3289 {biii
938 3183 1294 3306 erllrnmpileuotl'emrb'blll’tsiluz

134 3302 237 3367 jusloci
254 3319 336 3369 porum
383 3319 405 3352 rs
452 3303 610 3353 temhebent.
644 3305 697 3354 Nec
729 3319 776 3368 quo
788 3302 1291 3369 penetrassedicitnrbynceusmculcnrnr,

138 3382 223 3416 vocem
247 3385 321 3416 news
369 3377 390 3416 rt
450 3367 548 3426 tinitcs3
575 3367 697 3416 notissime
729 3367 1021 3442 quibusgsudet,cursm
1038 3366 1160 3431 negligstq
1176 3366 1294 3431 rel,quis

137 3431 203 3478 enim
220 3432 309 3481 locutio
326 3435 412 3480 ueremi
427 3435 453 3479 in
468 3434 547 3494 alique
563 3449 589 3480 re
607 3431 697 3480 nomini
728 3447 751 3481 er
762 3447 811 3481 non
821 3432 922 3496 contigit
930 3432 1047 3497 Glyconis
1057 3447 1144 3496 corpus
1155 3429 1292 3486 obusser-

137 3497 233 3560 undis(
253 3495 300 3544 uod
313 3496 419 3560 postulat
435 3494 531 3543 omnino
546 3497 697 3556 memorm-
729 3511 804 3552 mum,
821 3497 854 3544 ab
869 3512 907 3552 eo,
922 3511 971 3560 quo
987 3496 1117 3545 instructus
1134 3507 1179 3554 est,
1194 3510 1293 3560 corpore
1372 3553 1376 3558 .

137 3513 284 3608 commoslsri
302 3560 403 3625 nequit:
422 3558 453 3608 ci.
464 3558 555 3608 Catuli.
567 3559 644 3615 lxviii,
658 3560 698 3616 13,
731 3560 826 3607 morbos
835 3568 940 3608 avertere
950 3575 998 3608 non
1008 3559 1103 3609 student
1109 3558 1137 3605 !”

138 3625 232 3686 Accipe,
243 3628 306 3688 queis
315 3625 509 3689 merrerfortunae
519 3624 634 3687 fluctibus
645 3626 699 3684 ipse.
764 3624 805 3670 28.
822 3624 895 3671 Oculo
904 3626 1046 3671 eorrterrdcre.
1069 3623 1292 3686 (innumeremu-

138 3689 270 3750 Aristippi:
294 3687 439 3754 Aristippus,
463 3687 603 3750 Cyrenmus,
622 3687 696 3751 Cyre·
730 3687 833 3744 reivers)
844 3689 935 3749 aliquid
951 3695 997 3743 est,
1009 3686 1129 3736 contentis
1140 3685 1178 3734 vel
1194 3685 1293 3738 intentis

139 3751 218 3800 nsicre
230 3751 364 3816 discipline
376 3760 467 3806 auctor,
479 3767 596 3800 summurn
608 3751 698 3798 bonurn
730 3750 822 3798 viribus
829 3749 920 3814 aliquid
929 3751 1024 3862 assequi
1031 3759 1057 3800 et
1063 3750 1175 3815 perficere
1182 3749 1290 3802 studere:

138 3813 301 3882 involuptste
310 3815 633 3881 ponendumesseststuens.
729 3817 775 3861 iter
787 3817 922 3862 scatescere
939 3830 987 3878 spu
1021 3813 1075 3862 Cic.
1090 3813 1292 3878 prenoscens.

181 3881 288 3930 20-26.
316 3880 378 3929 Cum
403 3878 525 3935 Horatius,
547 3878 590 3942 qui
611 3877 700 3926 celeres
731 3878 772 3932 ³4,
785 3877 883 3925 intentis
893 3877 983 3925 viribus
996 3877 1041 3925 iter
1051 3876 1144 3935 iucem
1161 3877 1293 3924 usman-

136 3957 275 4010 progressus
292 3945 317 3991 in
328 3943 422 3992 virtutis
438 3942 550 3991 exercitio
561 3943 639 3990 iacere
654 3957 697 3990 cu·
730 3943 786 4004 qnid
808 3943 942 3989 mutescere
964 3941 1028 4005 apud
1047 3940 1101 3989 Cic.
1121 3939 1192 3988 Offic.
1213 3938 1248 3994 iii,
1266 3939 1292 3995 2,

135 4006 227 4072 plebat,
238 4023 287 4056 rem
298 4023 382 4072 parurn
394 4005 519 4072 procedere
530 4015 554 4054 et
565 4005 634 4054 nimis
646 4006 698 4080 lqn·
733 4005 819 4061 Quare,
831 4015 943 4067 quantum
953 4006 1039 4052 conniti
1051 4005 1127 4050 anino
1136 4011 1206 4076 potet,
1218 4018 1292 4063 qusn-

136 4069 698 4209 ffillgibl’fiiiiipffiiibiilllbiiiii]
722 4066 1294 4205 ttlfflt'ss‘th‘sstttubbffl

153 4213 186 4247 τε
196 4199 327 4274 cupiditate
338 4199 431 4264 aliquid
439 4197 587 4262 adipiscendi
596 4199 633 4245 vel
645 4213 698 4262 per·
731 4207 844 4258 quantum
855 4195 907 4251 erit,
918 4194 1017 4243 intentrs
1033 4193 1111 4243 oculis
1128 4192 1223 4255 sesequi
1240 4201 1293 4265 tun-

135 4211 243 4318 beiendr,
255 4263 407 4327 interjectum
424 4271 518 4326 tempus
533 4261 699 4324 longissimum
732 4267 793 4317 turn,
806 4268 924 4324 quantum
936 4261 1047 4324 Lynceus
1057 4264 1181 4307 semotus
1191 4269 1244 4304 esse
1256 4254 1294 4303 dr·

136 4325 241 4376 videtur.
266 4327 364 4390 Diesque
379 4329 461 4402 longo:
478 4341 529 4391 pro,
542 4329 610 4390 longa
623 4327 699 4374 Bent·
732 4322 810 4372 citur:
830 4333 977 4373 vertentem
988 4331 1166 4386 assequentem
1184 4333 1295 4368 nonme

135 4389 207 4446 leius,
227 4399 324 4440 auctore
340 4391 439 4439 Bertbro
458 4391 482 4438 in
497 4389 598 4438 Advers.
612 4388 700 4446 xxxvii,
732 4387 859 4436 omittitur.
1233 4447 1238 4457 Ι

138 4456 177 4510 19,
190 4455 244 4504 ideo
260 4455 285 4503 in
300 4463 390 4503 testum
403 4469 455 4504 rece
472 4453 492 4502 it
503 4456 574 4510 lenta,
586 4462 614 4502 ut
623 4453 699 4502 veric-
764 4453 807 4501 29.
820 4453 874 4500 Non
883 4453 1067 4499 conoeideirec:
1084 4455 1222 4498 nonumsn
1231 4446 1294 4504 rdeo,

134 4519 168 4566 tis
178 4518 291 4584 epithetis
301 4519 378 4583 major
388 4469 555 4568 conciliaretur
565 4517 698 4580 elegantis:
727 4517 791 4627 fquis
801 4518 913 4582 Lynceus
927 4523 951 4562 te
969 4513 1023 4564 visu
1034 4515 1106 4578 longe
1115 4510 1199 4567 vincit,
1210 4510 1294 4559 oculo·

701 4599 714 4630 r
