3150 5200
559 367 725 435 LIBER
748 369 776 449 l,
804 371 853 436 14.

288 551 310 612 5
343 549 390 613 Et
403 549 506 614 malus
521 553 618 618 celeri
633 556 761 619 saucius
776 553 891 620 Africo

341 649 568 738 Antennaeque
583 659 737 740 gemant?
761 677 799 720 ac
814 657 884 721 sine
898 655 1031 722 funibus

425 753 493 819 Vix
507 756 625 821 durare
641 759 759 822 carinae

470 856 602 921 Possint
616 858 822 942 imperiosius

341 955 493 1040 AEquorl
517 957 596 1022 Non
610 959 671 1022 tibi
686 971 762 1023 sunt
772 962 901 1046 integra
914 961 1025 1037 lintea,

279 1057 320 1118 10
341 1056 420 1121 Non
435 1057 493 1136 Di,
509 1081 591 1142 quos
607 1060 724 1123 iterum
739 1084 854 1145 pressa
866 1084 962 1126 voces
976 1061 1078 1126 malo:

427 1158 582 1232 Quamvis
598 1159 736 1225 Pontica
749 1163 858 1246 pinus,

469 1259 567 1323 Silvae
581 1259 648 1324 filia
663 1261 793 1341 nobilis,

339 1359 452 1425 «lactes
467 1371 500 1426 et
514 1384 617 1446 genus
633 1371 667 1428 et
681 1386 798 1428 nomen
811 1365 935 1432 inutile.

155 1530 320 1596 Illppdvydp
331 1529 423 1588 ἄντλος
432 1529 567 1584 loroarldav
576 1533 633 1598 ἔχει,
714 1535 796 1600 tellige
815 1536 872 1585 deoc
887 1536 1009 1592 tutelam,
1025 1553 1127 1603 quorum
1144 1535 1274 1588 timulacra

189 1596 284 1657 Λαῑφος
295 1592 318 1642 δὲ
330 1595 384 1643 πᾶν
395 1594 506 1656 ζὰδηλον
514 1597 571 1658 ἤδη,
714 1597 740 1646 in
752 1616 833 1666 puppe
847 1617 903 1650 curn
918 1617 960 1650 ara
973 1601 1085 1650 collocari
1095 1600 1219 1662 solebant,
1235 1603 1272 1651 di-

220 1658 270 1706 Knl
279 1655 379 1717 λακίδες
387 1659 494 1725 μεγάλαι
504 1661 557 1711 κατ’
565 1661 634 1713 αὐτό·
716 1679 809 1712 versum
820 1673 902 1714 eutem
912 1667 943 1714 ab
953 1665 999 1714 hac
1008 1667 1082 1714 tutela
1094 1669 1158 1714 navis
1167 1666 1208 1729 (ιιι
1218 1683 1272 1731 pro·

153 1722 256 1771 Χιιλϊισι
267 1721 286 1770 δ’
297 1723 403 1787 ἄγκυραι
426 1759 641 1774 ......
716 1727 765 1792 prie
776 1730 907 1777 vocabatur
916 1729 976 1777 illud
987 1729 1086 1778 deomm
1096 1729 1234 1778 tutelurium
1248 1732 1274 1780 in

714 1806 762 1856 pup
797 1793 995 1855 eacmriurn)luit
1003 1792 1162 1858 παράσημον,
1170 1792 1272 1858 insigne,

118 1849 244 1907 Ceterum,
262 1866 319 1898 curn
340 1850 454 1916 scriptum
474 1853 505 1902 tit
522 1854 568 1902 hoc
585 1867 682 1902 carmen
714 1871 746 1918 qu
779 1858 1020 1921 ,auperrostronavit
1031 1857 1132 1922 inprora
1140 1858 1272 1923 appictum,

117 1928 148 2023 pp
163 1921 278 2027 temponrlet
292 1931 472 2028 quffimrllm
486 1918 604 1967 bellorum
622 1916 681 1991 civi·
714 1919 751 1994 vel
768 1919 807 1994 dei
823 1921 960 1994 cujusdam,
971 1921 1010 1970 vel
1021 1921 1140 2034 ‘lmus’
1155 1922 1194 2034 vpl
1210 1922 1272 1998 aliut

128 1993 181 2025 rum
192 1994 230 2028 me
279 1995 328 2027 erre
387 1996 416 2027 ur
450 1997 588 2030 omanorum
597 1997 681 2038 annm,
714 1999 746 2031 rer
769 2000 802 2032 rm
843 2001 897 2034 nem
920 2001 945 2034 re
961 2001 1038 2034 renen
1106 2001 1201 2043 ‚une
1225 2003 1234 2033 ι
1264 2004 1272 2035 ι

118 2055 169 2090 non
185 2043 248 2092 mele
265 2043 328 2091 illud
345 2043 376 2091 ed
391 2059 482 2094 annum
498 2062 606 2094 nccxxrr
623 2045 682 2094 rele-
715 2047 771 2095 nari
787 2000 875 2097 nilion
892 2003 1063 2098 indiptolebat:
1081 2050 1114 2098 ct‘.
1133 2051 1167 2098 Ι).
1185 2003 1272 2100 null.

117 2113 184 2180 runt,
198 2122 246 2181 quo
261 2106 422 2156 Octavianum
436 2118 460 2158 et
477 2109 611 2158 Antonium
623 2109 683 2158 inter
714 2119 739 2159 et
753 2112 877 2162 Dntenb.
888 2113 919 2161 ad
933 2113 978 2162 Sil.
991 2113 1049 2160 ltal.
1058 2112 1107 2171 xiv,
1123 2115 1164 2169 tt,
1178 2121 1203 2162 et
1217 2115 1272 2164 Pet.

13 2209 16 2218 .
118 2184 145 2218 te
159 2169 303 2220 discidentes
318 2172 493 2221 atrocissimum
505 2175 595 2222 bellum
608 2189 682 2239 appa-
714 2175 800 2223 Burm.
816 2176 847 2225 nd
863 2178 963 2225 Petne.
976 2178 1032 2226 tot.
1064 2176 1178 2225 Similiter
1191 2185 1272 2227 entem

117 2249 186 2284 mae
196 2243 305 2284 ennam:
324 2236 357 2284 cf.
369 2235 438 2301 Virg.
451 2239 513 2288 Geo.
525 2238 542 2294 i,
551 2241 599 2287 509
611 2254 665 2303 rqq.
713 2238 744 2286 de
754 2240 877 2289 nariodiia
886 2239 1181 2306 tutelaribue,tempeatate
1190 2240 1272 2306 dejec-

155 2300 230 2348 1-3.
248 2300 462 2365 Omit,resercnt
473 2305 499 2350 in
516 2319 578 2350 mare
594 2312 616 2350 tc
630 2306 682 2350 novi
714 2301 754 2359 tie,
775 2305 844 2353 Pera.
863 2304 895 2362 vi,
915 2306 957 2360 30,
973 2304 1040 2352 dccet
1057 2307 1148 2366 ipsein
1166 2307 1234 2354 litore
1249 2316 1273 2355 et

121 2362 239 2411 Fluctua?
254 2365 683 2422 Tune,onavia,iterumtelluctibue
713 2383 762 2414 unc
777 2367 884 2432 Ingentes
898 2371 927 2417 dc
940 2385 1016 2430 puppe
1031 2371 1077 2416 dci.
1110 2369 1201 2425 Prata,
1212 2368 1238 2417 h.
1248 2388 1272 2419 e.

119 2425 146 2473 in
158 2441 225 2476 mare
239 2427 380 2477 referendam
394 2430 544 2479 committent
561 2431 684 2480 Iterumne
713 2433 966 2499 oppressa,dcpretta;
982 2435 1201 2498 mato,tompettrte.
1224 2435 1273 2483 Ce-

119 2498 169 2537 tcm
213 2491 268 2540 tntis
284 2493 388 2558 pmiculo
403 2493 428 2542 ιιι
444 2495 504 2542 mari
520 2503 543 2543 to
561 2497 683 2561 erponesl
715 2502 792 2544 terum
807 2505 900 2562 poetam
913 2497 998 2545 horum
1012 2497 1110 2544 deorum
1124 2497 1271 2556 tutelarium,

120 2554 146 2603 Si
156 2507 592 2631 allempublicamtranuulerimrit:
605 2561 680 2616 Tene,
712 2558 742 2607 de
758 2575 819 2610 nave
835 2560 980 2628 tempestatis
993 2559 1017 2609 vi
1031 2559 1188 2625 dejectorum,
1204 2576 1271 2612 com·

119 2634 135 2666 o
147 2621 290 2696 respublica,
305 2638 382 2671 novus
398 2622 463 2671 furor
477 2624 509 2672 ad
521 2624 587 2672 bella
601 2624 682 2673 civilia
712 2625 882 2675 memoratione
889 2626 920 2674 ad
926 2626 991 2683 deca,
997 2626 1029 2673 ob
1037 2624 1101 2674 bella
1107 2625 1210 2674 cirillae
1219 2627 1272 2676 Ro·

119 2684 237 2750 abripiet?
271 2688 334 2740 Quid
351 2690 421 2750 agis?
436 2687 487 2737 hec
506 2689 614 2745 formula,
633 2704 682 2753 que
713 2691 904 2747 manitatem»,
914 2690 1054 2755 respexisse,
1064 2698 1148 2754 eponte
1158 2700 1265 2756 apparet.

120 2748 184 2813 quir,
202 2766 275 2815 quarn
292 2757 379 2799 temere
394 2760 458 2816 agat,
475 2766 555 2800 tecum
572 2762 682 2818 reputare
748 2755 852 2803 11-13.
874 2756 983 2809 Quamvis
1005 2754 1103 2802 Pontica
1123 2758 1193 2815 pinon
1213 2764 1270 2806 cett.

116 2812 223 2875 jubetur,
233 2830 321 2879 saepen
337 2814 371 2863 ud
381 2816 506 2881 scriptores
518 2816 628 2865 Comicus
638 2818 682 2866 ob·
714 2831 816 2865 cenans:
839 2817 950 2883 quamvis
967 2826 1004 2873 tu,
1022 2833 1053 2866 ex
1071 2817 1179 2865 Pontice
1197 2818 1271 2883 rylvac

118 2876 157 2924 via
169 2894 175 2923 :
192 2880 228 2928 aie
237 2880 297 2926 Pam
317 2832 379 2927 litu·
391 2880 453 2944 apud
464 2882 561 2929 Terent.
573 2880 652 2930 Andr.
663 2881 680 2939 i,
729 2880 772 2930 inu
782 2881 907 2941 fabricata,
915 2880 1012 2945 originis
1022 2889 1071 2930 tuae
1082 2881 1158 2945 gloria
1167 2889 1191 2929 et
1202 2883 1273 2930 nobi·

121 2941 142 2997 l,
155 2942 210 2999 107,
219 2958 275 2991 curn
311 2943 425 3007 lycerium
433 2960 501 2993 tuam
509 2944 682 3009 imprudentius
713 2896 779 2994 litate
800 2946 891 3003 nitaris,
909 2960 972 2995 rana
988 2944 1079 2993 scilicet
1098 2945 1149 3002 illa,
1166 2954 1192 2994 et
1208 2946 1270 2994 nihil

119 3004 149 3052 ad
159 3007 211 3071 rogi
223 3007 344 3055 flamrnanr
357 3008 484 3057 accessisse
493 3007 608 3071 vidisset,
627 3010 681 3057 Mea
730 3009 784 3058 lane
799 3008 909 3058 utilitatis
924 3009 955 3057 ad
965 3010 1068 3057 salutem
1077 3016 1145 3057 tuam
1159 3009 1272 3059 allatura.

119 3068 264 3133 Glycerium,
273 3074 359 3135 inquit,
369 3076 425 3135 quid
435 3090 449 3119 o
470 3077 475 3087 “
491 3076 501 3121 ι
516 3090 560 3122 cur
570 3081 591 3121 te
599 3078 619 3121 it
627 3090 681 3136 per-
713 3026 812 3122 l'ontiec
824 3077 911 3136 pinus:
926 3088 999 3121 natea
1012 3072 1085 3129 enim,
1097 3072 1194 3136 eligno‚
1206 3074 1271 3137 quod

117 3134 212 3181 ditum?
246 3136 350 3183 Fortiter
360 3090 681 3201 mteredlonsilii,quona·
712 3136 737 3183 in
748 3137 851 3201 pinifera
861 3137 934 3185 Ponti
942 3136 1131 3209 regionolnatum
1142 3144 1202 3191 crat,
1213 3152 1273 3185 con·

118 3196 154 3244 ιιι
170 3198 197 3246 in
213 3208 287 3272 portu
304 3214 331 3248 se
348 3207 427 3249 tenere
441 3200 551 3259 debebat,
570 3210 682 3249 constan-
713 3200 791 3259 lectae,
810 3202 837 3250 in
858 3201 955 3267 optimis
976 3198 1177 3265 nobtltstlmltque
1197 3200 1273 3249 habo-

119 3260 194 3322 tiam;
209 3278 262 3326 Jam
281 3278 337 3311 cum
353 3280 395 3328 per
406 3276 497 3326 portum
513 3280 559 3331 pax
570 3275 594 3314 et
605 3264 681 3314 otium
713 3265 815 3313 bantur:
836 3267 870 3315 cl.
887 3264 980 3314 Catull.
996 3264 1030 3321 iv,
1048 3266 1073 3319 9,
1088 3272 1113 3312 et
1129 3263 1163 3312 ibi
1181 3273 1271 3313 notata.

118 3323 266 3389 designem,
274 3328 375 3393 sortiter
391 3346 474 3391 occupa
487 3340 588 3391 ροτιιιηι,
600 3328 681 3379 demto
713 3329 842 3393 Silooefilin
851 3328 971 3385 mttttch.
982 3344 1004 3377 e.
1013 3327 1113 3376 arborin
1124 3328 1185 3377 silva
1196 3329 1272 3378 nobili

117 3388 152 3437 rei
169 3390 304 3447 involucro,
321 3392 380 3441 erit:
396 3392 498 3441 salutem
515 3402 590 3450 tuam,
607 3408 681 3441 oret·
712 3403 848 3456 prognata3
873 3394 968 3442 arbores
992 3392 1065 3448 enim,
1091 3391 1150 3457 quia
1175 3392 1270 3457 stirpem

117 3452 219 3518 publiea
241 3470 283 3519 per
302 3456 365 3503 bello
386 3456 466 3505 civilia
484 3457 637 3515 labefactata,
656 3457 683 3506 in
713 3472 782 3505 tuam
804 3472 933 3531 propagare
956 3456 1078 3513 dicuntur,
1100 3465 1149 3504 tam
1170 3466 1272 3505 matrum

117 3532 178 3583 pace
188 3517 280 3567 sortiter
289 3529 313 3568 et
323 3522 459 3568 constanter
469 3521 560 3570 tuenda
571 3538 660 3585 quere.
715 3521 799 3584 (virg.
811 3522 873 3570 Geo.
884 3521 910 3579 ri,
921 3522 960 3577 19,
972 3522 1089 3568 Parnasia
1099 3522 1180 3569 unm
1193 3521 1271 3569 Parvo

151 3584 227 3630 4-8.
247 3583 280 3631 Ut
291 3587 379 3632 nardum
390 3588 486 3648 remigio
497 3588 566 3641 lotus,
577 3594 604 3634 ut
615 3587 683 3634 navia
713 3588 754 3633 tud
765 3588 857 3648 ingenti
865 3586 1081 3647 matriatcmljict't
1090 3586 1187 3646 umbra)
1214 3600 1270 3633 uam

117 3644 182 3694 letus
200 3662 319 3695 remorum
336 3648 418 3697 ordina
433 3648 580 3697 denudatum
597 3649 636 3707 sit,
656 3658 683 3700 nt
706 3648 1098 3712 filiarum(lllart.1iv,90,Non
1112 3665 1162 3697 tom
1207 3666 1272 3697 nure

119 3709 201 3767 remis,
211 3710 292 3760 fractis
302 3711 352 3759 illis
363 3721 387 3761 et
397 3712 503 3777 perditis,
516 3714 583 3761 navic
592 3723 681 3763 careat.
706 3712 765 3773 filia
773 3715 852 3775 siloc)
863 3713 958 3762 nomine
972 3728 987 3760 e
1046 3711 1078 3760 tin
1090 3712 1253 3777 insigniuntur
1262 3731 1271 3774 ;

118 3773 228 3831 Snudua,
242 3774 267 3822 ln.
279 3791 301 3823 e.
319 3776 400 3832 lenus,
418 3778 551 3825 laceratus:
575 3778 682 3827 imitatus
710 3792 794 3839 genos,
804 3777 830 3825 h.
841 3792 864 3826 e.
877 3777 958 3843 stirpis
971 3728 1137 3837 nolilitatem
1153 3777 1188 3825 tic
1205 3777 1271 3826 Pha·

118 3844 158 3885 εει
173 3838 299 3887 Horatium
311 3838 441 3889 Claudian.
457 3840 487 3889 de
503 3842 577 3891 Cous.
589 3842 679 3891 llonor.
712 3842 777 3889 relus
795 3842 861 3906 apud
874 3841 966 3890 Catull.
980 3841 998 3888 l.
1016 3856 1040 3888 c.
1049 3858 1073 3889 v.
1087 3843 1126 3897 15,
1144 3856 1170 3889 se
1187 3842 1271 3889 ultima

120 3902 154 3956 Vl,
177 3902 225 3949 133
243 3918 297 3967 tqq.
313 3905 391 3953 Scittio
410 3908 510 3953 uelorum
528 3907 609 3953 debilis
626 3909 679 3963 alit,
712 3920 737 3951 ta
752 3909 841 3968 arigim
856 3905 883 3954 in
895 3905 1020 3954 cacumine
1031 3904 1115 3968 Cytori
1128 3908 1214 3953 stetim
1228 3905 1272 3951 ait.

119 3966 185 4014 orta
200 3969 355 4029 gemetis,
372 3972 479 4017 antennis
495 3970 678 4034 muciafroctit,
713 3968 810 4024 lt'omen,
827 3970 853 4016 h.
868 3984 882 4016 e
899 3968 1017 4032 glorium
1039 3969 1133 4024 ittutlle,
1149 3967 1272 4032 epitheton

118 4029 261 4078 Ludibrium
277 4035 356 4097 pelagi
372 4036 555 4096 nentojcctntur
569 4043 592 4082 et
604 4038 678 4083 unda.
712 4040 760 4079 tarn
774 4032 884 4096 imagini,
895 4046 970 4096 quern
988 4031 1022 4078 rei
1035 4046 1080 4103 per
1089 4029 1216 4094 imaginem
1229 4046 1272 4078 ex·

118 4092 230 4152 Gemnnt,
250 4093 275 4141 ιι.
292 4110 315 4144 e.
332 4095 455 4145 stridorem
472 4094 552 4145 edam.
584 4100 619 4146 Ae
634 4102 683 4147 tine
713 4110 809 4160 prestre,
836 4094 1129 4153 accommodatissimum,
1156 4093 1272 4158 quemod-

108 4156 216 4220 frmilma
226 4166 284 4206 cett.
292 4170 365 4269 alpne
373 4168 400 4206 ut
410 4160 500 4216 carina,
507 4162 603 4209 funibus
612 4161 650 4226 (h.
658 4178 680 4211 e.
713 4160 820 4215 modum,
832 4168 903 4223 poete
912 4156 1062 4232 vultdicereu,
1074 4156 1127 4231 tibi,
1138 4174 1152 4206 ο
1165 4158 1273 4213 ιιαιιε,ιι

117 4221 188 4295 navis
214 4222 363 4281 retinacuis,
387 4224 493 4286 ancoris)
504 4225 604 4289 privata,
642 4226 682 4273 vix
713 4224 799 4272 iterum
809 4232 857 4271 tem
901 4222 1271 4285 tauernmanpenculumtub-

116 4299 177 4333 aevi
189 4286 261 4334 maris
271 4286 386 4351 impetum
400 4288 516 4338 sustinere
526 4290 610 4354 possit.
635 4291 680 4337 Ca·
713 4287 777 4343 ierit,
805 4238 1008 4359 nihileligntex
1028 4300 1077 4350 quo
1098 4284 1214 4360 fabricata
1237 4300 1272 4342 ee,

115 4352 176 4398 rinae
187 4350 303 4415 (pluralis
317 4366 346 4399 ex
362 4367 427 4401 more
441 4361 563 4417 poetamm
579 4369 620 4419 pro
631 4354 681 4401 rin·
713 4351 816 4416 proderit
826 4349 952 4409 nobilitaa;
965 4357 1000 4397 ita
1010 4364 1055 4397 nec
1071 4348 1198 4406 Romanis,
1209 4350 1274 4399 bella

115 4414 219 4475 gulari).
238 4414 263 4463 h.
278 4431 301 4463 e.
318 4417 386 4463 navis
403 4416 493 4475 alveus,
513 4418 575 4468 unde
593 4417 681 4467 retine-
713 4416 794 4465 civilia
804 4415 961 4480 redintegrare
972 4413 1045 4469 auris,
1057 4413 1205 4463 nobilissime
1215 4430 1273 4478 gen·

114 4477 175 4525 cula
185 4477 350 4537 demittuntur,
363 4480 413 4530 nire
424 4496 517 4531 encore
530 4482 657 4530 'aciuntur.
714 4479 745 4529 tis
756 4496 815 4536 suae,
827 4496 842 4528 a
854 4481 934 4528 Marto
947 4487 971 4528 et
983 4480 1079 4527 Venere
1088 4478 1207 4538 deducte,
1219 4496 1273 4547 pro·

149 4544 176 4599 9,
191 4544 230 4591 10.
248 4543 343 4603 Lintea,
358 4544 383 4593 h.
394 4560 417 4595 e.
430 4545 492 4595 vela.
526 4499 580 4595 li'cn
595 4546 630 4604 di,
644 4546 681 4593 in·
715 4546 796 4594 lutura
807 4552 844 4595 est
852 4544 918 4610 origo
929 4553 1002 4609 atque
1013 4541 1097 4608 gloria.
