3150 5200
596 358 759 425 LIBER
783 360 809 438 I,
833 359 864 424 4.
1244 358 1303 419 321

242 510 342 576 Nunc
357 508 436 575 illud
453 520 578 575 tantum
592 532 752 595 quaeram:
776 514 934 577 meritone
949 512 1010 575 tibi
1024 510 1066 575 sit

176 612 220 674 65
243 612 440 697 Suspectum
454 634 558 696 genus
573 612 636 678 hoc
652 614 826 679 scribendi.
873 612 1003 678 Sulcius
1018 634 1093 677 acer

242 712 399 777 Ambulst
412 724 447 777 et
462 713 614 798 Caprius,
630 714 720 781 rauci
734 715 828 792 maie,
844 735 982 797 cumque
994 712 1130 790 libellis;

242 810 385 898 Magnus
401 826 537 899 uterque
554 817 648 879 timor·
662 816 844 880 latronibus
856 842 864 893 3
887 826 922 878 at
936 817 1020 879 bene
1035 814 1063 877 si
1077 814 1151 897 quis

243 912 289 979 Et
304 917 390 981 vivat
404 916 495 1000 puris
509 919 667 994 manibus,
683 928 868 983 contemnat
882 928 1067 999 utrumqne.

243 1014 290 1080 Ut
305 1018 349 1081 sis
364 1030 400 1082 tu
416 1018 526 1083 similis
542 1018 637 1096 Coeli,
654 1018 818 1103 Birrique,
833 1018 1004 1094 latronum,

177 1116 221 1180 70
241 1115 320 1182 Non
335 1142 397 1203 ego
413 1143 484 1183 sum
499 1120 609 1204 Capri,
626 1142 730 1203 neque
747 1119 857 1197 Sulci;
881 1142 940 1183 cur
953 1129 1079 1181 metuas
1093 1122 1167 1181 me?

242 1216 343 1284 Nulls
357 1223 493 1286 taberna
507 1243 595 1285 meos
609 1221 740 1297 hsbest,
756 1244 862 1305 neque
877 1220 953 1304 pila,
968 1218 1107 1294 libellos,

243 1320 346 1394 Queis
362 1345 474 1386 manus
490 1323 621 1387 insudet
636 1322 734 1406 vulgi,
751 1322 1034 1406 Hermogenisque
1049 1318 1189 1404 Tigelli;

241 1420 314 1488 Nec
329 1426 430 1490 recito
446 1427 607 1508 cuiquam,
623 1426 685 1487 nisi
700 1426 822 1501 amicis,
838 1424 938 1507 idque
954 1430 1100 1496 coactus,

242 1524 320 1589 Non
334 1527 451 1604 ubivis,
466 1549 614 1591 coramve
630 1525 840 1609 quibuslibet.
886 1524 926 1589 In
939 1523 1046 1587 medio
1061 1522 1119 1604 qui

167 1624 196 1710 ,7
198 1626 219 1687 5
241 1625 371 1711 Scripta
385 1627 456 1691 foro
471 1630 619 1704 recitent,
637 1638 712 1691 sunt
726 1626 829 1704 multi,
845 1628 967 1710 quique
980 1625 1145 1688 lavantes:

241 1726 346 1791 Susve
360 1728 452 1793 locus
467 1729 538 1793 voci
552 1739 683 1793 resonat
698 1728 881 1792 conclusus.
929 1726 1046 1790 Inanes

241 1828 315 1893 Hoc
327 1830 431 1912 juvat,
446 1829 536 1894 baud
551 1830 631 1894 illud
647 1840 840 1912 querentes,
856 1850 934 1893 num
948 1830 1018 1891 sine
1034 1848 1142 1903 seusu,

240 1928 403 2014 Tempore
418 1953 493 1994 num
509 1931 629 1996 faciant
644 1930 758 1994 alieno.
806 1931 944 1994 Laedere
959 1929 1096 2013 gaudes,

239 2029 361 2115 Inquit,
377 2041 410 2095 et
424 2031 487 2095 hoc
504 2033 612 2096 studio
628 2054 746 2116 pravus
763 2031 854 2095 facis.
899 2031 999 2094 Unde
1013 2030 1151 2113 petitum

176 2132 219 2196 80
241 2131 316 2196 Hoc
331 2132 365 2195 in
379 2154 429 2196 me
439 2134 545 2216 jacis?
568 2144 619 2197 est
633 2144 747 2197 auctor
761 2133 835 2216 quis
850 2134 991 2215 denique
1006 2152 1119 2195 eorum

241 2233 321 2298 Vixi
333 2256 406 2299 cum
421 2236 565 2318 quibust
611 2233 792 2299 Absentem
807 2235 863 2318 qui
878 2234 966 2298 rodit
979 2232 1128 2306 amicum,

241 2335 309 2407 Qui
324 2358 387 2399 non
404 2335 561 2413 defendit,
578 2336 640 2401 alio
655 2335 825 2419 culpante;
848 2335 971 2399 solutos

153 2487 366 2561 enimversuslvel
382 2486 477 2561 disjch
492 2496 586 2553 poetam
599 2488 708 2564 produnt,
742 2491 977 2565 porticusnpublic'as
998 2489 1094 2537 venales
1116 2494 1237 2561 prostent:
1261 2502 1301 2535 ve·

153 2558 179 2599 at
197 2558 279 2607 nostn,
299 2566 319 2599 sr
339 2565 380 2602 eos
398 2550 524 2608 dissolves,
545 2552 710 2616 quotidianum
743 2554 810 2602 nates
827 2555 918 2604 scilicet
934 2554 1007 2602 libros
1024 2552 1145 2601 habebant
1163 2550 1238 2600 brblro
1270 2550 1301 2600 ie

152 2630 282 2663 sermonem
295 2615 400 2680 sapiunt.
741 2618 778 2664 vel
791 2617 816 2665 in
828 2619 941 2674 tabernis,
953 2619 990 2666 rel
1003 2617 1029 2664 in
1047 2615 1152 2667 atmiis
1164 2616 1197 2664 ad
1206 2630 1236 2665 co
1246 2631 1298 2663 urn-

186 2681 227 2728 6³.
243 2681 318 2735 Atius.
330 2679 377 2728 alio
393 2689 503 2745 tempore,
516 2679 564 2729 alia
574 2681 709 2737 occasione,
743 2697 785 2758 uas
801 2684 933 2760 porticuum
942 2699 950 2741 3
967 2681 1058 2758 Scbol„
1075 2678 1125 2727 Hoc
1142 2683 1191 2727 ideo
1203 2682 1298 2756 'possin

153 2758 295 2880 qufflglg:
320 2807 584 2864 Meritone-scribendi,
606 2825 636 2856 an
654 2807 709 2872 jure
740 2747 1299 2870 qmbqqllroppllgmtssqitonmtsbeqzlnpgmpgtasgffip

151 2871 196 2918 tibi
206 2871 309 2944 invisum
325 2871 419 2946 sithoc
435 2871 552 2920 scribendi
564 2887 649 2947 genus,
662 2887 709 2982 quo
742 2873 842 2949 Porpb„
851 2883 926 2950 ‘negat
938 2891 960 2922 se
971 2875 1057 2920 libellos
1071 2888 1120 2919 suos
1137 2873 1202 2919 edere
1218 2873 1298 2948 bibito-

152 2935 259 2984 versibus
275 2936 368 2999 vulgari
385 2951 492 2984 sermone
511 2944 648 3002 compositis
684 2949 709 2982 o·
740 2939 807 2998 potis,
817 2955 857 3000 qus
870 2940 903 2985 vet
914 2937 1176 2991 tsbmwsbateantmet
1186 2952 1297 2989 amians,

152 2998 243 3046 minum
255 2999 312 3047 vitia
323 2998 436 3047 ridentur.
464 3001 556 3047 Sulcim
564 3010 586 3047 et
595 3001 707 3061 Caprius.
742 3019 791 3062 qua
808 3011 863 3049 sunit
882 3004 945 3063 opud
961 3002 1035 3062 piiss.-
1057 2998 1091 3046 ci.
1107 2998 1151 3045 inf.
1167 2998 1245 3062 Epist.
1262 2998 1297 3054 iii,

152 3063 235 3110 Schol.
242 3063 332 3128 Porph.
340 3062 374 3110 Hi
380 3066 601 3112 acerrimidelutores
606 3075 628 3112 et
635 3065 709 3112 causi·
743 3065 799 3112 373.
825 3065 895 3118 Queis
903 3081 984 3111 manus
995 3065 1095 3115 burdet,
1104 3069 1159 3110 cett.
1168 3061 1209 3125 qui
1219 3071 1297 3109 teran-

152 3125 286 3190 dici'fuisse
303 3129 441 3182 traduntur,
459 3139 480 3175 st
497 3130 547 3175 ideo
561 3131 638 3184 raud,
650 3129 709 3190 quod
741 3135 778 3175 tur
796 3128 907 3176 manibus
923 3127 989 3189 vulgi
1005 3135 1029 3174 et
1046 3126 1145 3173 aliorum
1163 3125 1295 3180 hominurn,

151 3193 178 3237 in
197 3193 338 3238 contentione
346 3193 494 3253 judiciorum
508 3193 617 3240 rinmunt.
652 3193 710 3239 Cum
742 3192 822 3255 qualis
838 3192 885 3238 fuit
901 3192 1064 3255 Hermogenes
1075 3189 1202 3252 Tigellius.
1235 3189 1296 3238 Haec

151 3255 238 3300 libellis
254 3264 338 3309 sutus,
358 3254 416 3316 (in)
432 3257 514 3318 quibus
527 3265 708 3318 conduntque
739 3256 804 3302 enim
814 3255 888 3303 satira
929 3255 1014 3303 stlibri
1023 3253 1092 3319 primi
1102 3253 1198 3301 satiram
1210 3268 1296 3301 secun-

149 3317 269 3380 ἀςῖιταητ.
285 3318 604 3375 Αωὸα1α1ε11.811.1,2,25.
622 3320 710 3368 Rosci.-
740 3317 804 3373 dam,
827 3319 870 3366 ubi
913 3334 927 3367 e
954 3318 1112 3381 Hermogenis
1137 3325 1212 3366 morte
1239 3317 1297 3381 agit,

152 3380 222 3428 rsuci
233 3381 294 3428 fiunt
307 3381 422 3429 causidici
439 3383 515 3430 multa
526 3381 551 3428 in
559 3381 657 3446 judiciis
669 3399 709 3430 vo·
740 3383 829 3447 scripta
847 3399 899 3432 esse
920 3383 1022 3440 videtur,
1045 3382 1103 3447 quia
1124 3390 1189 3430 totus
1206 3397 1296 3436 versus,

151 3443 303 3493 ciserations:
322 3447 395 3493 Mart.
408 3447 439 3500 iv,
449 3446 473 3503 8,
484 3447 509 3501 2,
522 3445 617 3494 Exercet
627 3463 706 3494 raucos
737 3461 810 3509 quem
825 3447 920 3512 scripsit
935 3447 1050 3495 Horatius
1064 3463 1119 3511 sup.
1140 3447 1165 3494 in
1184 3447 1235 3494 Sat.
1248 3461 1296 3494 sec.

151 3511 222 3556 tersia
233 3508 318 3573 (bora)
330 3511 462 3558 causidicos.
496 3509 568 3565 Mate,
580 3509 605 3556 in
620 3510 706 3558 moles·
738 3513 774 3574 (v.
785 3511 841 3570 27),
854 3509 880 3558 in
895 3511 941 3559 bac
961 3512 1056 3574 (v.92)
1068 3510 1188 3575 repetitur.
1224 3509 1296 3559 Cete-

151 3569 208 3619 tiam
236 3588 319 3621 raucos
347 3571 510 3621 audientium:
539 3573 569 3622 de
590 3574 706 3638 particula
738 3589 789 3622 rum
812 3575 983 3639 Hermogenes,
1003 3583 1031 3622 ut
1048 3575 1091 3622 viri
1109 3574 1173 3624 docti
1193 3574 1298 3640 speciem

150 3638 210 3683 mate
227 3636 259 3685 ci.
277 3653 332 3702 sup.
350 3636 380 3684 ad
398 3638 448 3685 Sst.
464 3636 480 3693 i,
493 3637 517 3691 3,
530 3638 571 3685 31.
606 3638 707 3700 Cumque
738 3639 1013 3749 pqaesefsrremoepius
1027 3639 1053 3686 in
1067 3638 1251 3706 bibliopolarum
1261 3647 1297 3688 u·

151 3700 243 3757 iibeiiis,
255 3700 380 3764 inquibus
397 3701 525 3765 perscripta
539 3709 575 3749 est
586 3701 708 3750 accusatio
771 3701 820 3749 rnis
830 3712 936 3752 versatus
947 3703 1047 3752 videtur.

151 3763 272 3826 quaesitori
285 3763 409 3813 tradenda.
443 3767 706 3828 arianismum
772 3767 879 3816 73-81.
893 3767 1026 3826 Necrecito,
1034 3775 1090 3819 cett.
1100 3784 1135 3816 sc.
1144 3767 1300 3833 quescripsi,

150 3829 214 3876 uiuat
230 3830 296 3890 puris
311 3831 428 3876 manibus:
449 3829 510 3876 atsi
528 3829 583 3892 quis
602 3838 664 3878 recte
683 3838 708 3878 et
740 3830 778 3878 vel
789 3847 956 3880 versusmeos.

150 3891 255 3949 sceleris,
261 3909 309 3966 quo
317 3893 420 3942 latrones
428 3908 515 3941 manus
522 3907 578 3942 suss
587 3893 706 3958 polluunt,
773 3895 805 3943 75
815 3910 870 3959 sqq.
890 3897 950 3946 Sunt
966 3898 1044 3953 multi,
1057 3911 1092 3944 sc.
1109 3895 1218 3943 homines
1231 3891 1296 3947 vani,

149 3970 224 4019 purus
235 3955 303 4004 vivit.
739 3959 786 4013 vel,
803 3968 831 4007 ut
848 3975 918 4009 versu
935 3969 1048 4023 sequente
1069 3967 1194 4015 vocantur,
1211 3961 1298 4006 inanes.

185 4019 226 4076 69,
237 4020 277 4068 70.
298 4020 330 4068 Ut
346 4023 376 4069 sis
393 4031 430 4077 tu,
449 4029 506 4070 cett.
517 4021 624 4086 quamvis
635 4029 661 4070 tu
673 4021 706 4068 sis
740 4023 831 4085 Quique
839 4025 951 4072 tonantes:
961 4023 1071 4087 squidem
1079 4038 1120 4087 pro
1126 4024 1209 4086 quique
1219 4021 1299 4068 malim

151 4081 220 4140 latro,
232 4083 303 4132 sicuti
314 4085 408 4133 Coelius
421 4093 444 4134 et
460 4085 560 4144 Birrius,
572 4101 617 4149 ego
629 4093 708 4134 temen
753 4089 806 4134 uiue
816 4088 926 4143 isocrates,
937 4096 994 4136 sunt
1003 4085 1082 4142 multi,
1094 4088 1138 4150 qui
1148 4097 1190 4134 aut
1205 4085 1230 4134 in
1247 4100 1295 4133 rns·

151 4161 200 4194 non
221 4163 274 4195 sum
295 4148 387 4197 delator
410 4150 446 4198 vel
469 4158 601 4206 accusator,
624 4150 708 4214 quales
740 4103 1072 4207 iiosoroaut,durnisvaot,
1086 4150 1112 4198 b.
1125 4166 1147 4199 e.
1162 4150 1187 4197 in
1204 4148 1298 4198 balneis

151 4210 247 4259 suerunt
258 4212 355 4261 Sulcius
366 4213 514 4278 etCaprius3
531 4229 573 4262 cur
583 4213 655 4277 igitur
664 4229 708 4277 ego
740 4214 854 4272 recitent;
886 4214 1065 4279 distinguuntur
1090 4230 1214 4280 persuum
1249 4229 1296 4261 non

150 4273 195 4322 tibi
217 4274 336 4324 timendus
356 4276 421 4324 simi
453 4279 500 4326 Pro
520 4281 562 4325 sim
582 4277 608 4326 in
630 4295 653 4325 v.
677 4277 709 4325 70
741 4278 805 4328 enim
815 4279 887 4328 iidem
898 4280 939 4344 qui
951 4279 974 4329 in
986 4279 1043 4334 soro,
1061 4280 1087 4326 in
1098 4279 1190 4328 balneis
1200 4295 1233 4343 qu
1267 4294 1298 4326 ue

150 4337 275 4396 deditum,
286 4341 350 4405 quod
362 4341 435 4390 estin
446 4341 555 4406 pluribus
566 4341 636 4392 codd.
647 4343 706 4391 Tor·
740 4343 854 4392 recitant:
872 4344 902 4393 de
914 4343 1105 4392 Recitationibus
1113 4344 1181 4391 Vett.
1190 4343 1239 4392 vid.
1277 4341 1296 4388 i-

151 4412 212 4450 rent.
739 4405 807 4472 erigii
818 4407 919 4457 Excurs.
932 4407 963 4456 ad
974 4407 1048 4458 Plinii
1059 4407 1136 4472 Epist.
1167 4407 1299 4457 Particulae

184 4468 224 4524 71,
237 4468 278 4516 71.
297 4468 371 4516 Nulla
387 4471 490 4526 taberna,
503 4476 559 4517 cett.
574 4469 649 4518 libelii
663 4470 708 4520 mei
740 4487 782 4533 qus
793 4480 818 4520 et
828 4489 854 4520 ue
864 4489 927 4538 saepe
938 4473 1059 4537 permixte
1074 4481 1131 4520 sunt
1147 4487 1162 4519 a
1179 4471 1296 4520 librariis:

150 4531 175 4578 in
188 4531 256 4579 nulls
266 4533 372 4588 taberna,
382 4549 460 4598 neque
470 4533 500 4582 sd
511 4533 636 4582 columnas
645 4534 708 4600 apud
741 4535 772 4582 ci.
792 4535 817 4584 in
834 4536 880 4586 hac
902 4540 952 4587 Sat.
965 4535 1009 4584 ini.
1024 4553 1047 4585 v.
1062 4537 1115 4592 115,
1131 4544 1155 4584 st
1172 4538 1223 4586 Sat.
1236 4535 1262 4594 ii,
1273 4538 1299 4593 2,

720 4617 732 4648 r
