3150 5200
690 312 989 382 CARMINUM

478 471 561 535 Arte
576 479 721 551 materna
734 467 868 551 rapidos
882 473 1061 529 morantem

418 573 458 636 10
480 571 662 636 Fluminum
675 569 787 653 lapsus
802 565 989 648 celeresque
1004 574 1129 641 ventos,

480 672 644 737 Blandum
658 681 692 736 et
706 670 829 734 auritas
842 667 965 731 fidibus
980 666 1107 731 canoris

778 769 912 834 Ducere
927 788 1078 850 quercus.

482 873 572 947 Quid
588 873 678 959 prius
694 871 800 936 dicam
815 869 917 933 solitis
933 866 1084 931 Parentis

482 975 676 1040 Laudibus?
699 973 755 1056 qui
770 994 823 1036 res
836 970 1003 1034 hominum
1017 990 1056 1033 ac
1070 968 1228 1046 Deorum,

418 1075 457 1138 15
480 1075 548 1147 Qui
563 1097 702 1139 marcac
718 1085 833 1149 terras,
849 1069 1011 1153 variisque
1024 1069 1182 1134 mundum

782 1165 961 1256 Temperat
975 1170 1087 1235 horis?

482 1277 581 1341 Unde
595 1277 640 1341 nil
654 1277 757 1360 majus
773 1282 948 1358 generatur
962 1273 1046 1356 ipso,

479 1378 553 1441 Nec
568 1379 657 1461 viget
671 1377 849 1460 quidquam
863 1373 965 1436 simile
980 1382 1037 1436 aut
1052 1369 1247 1435 secundum:

482 1477 653 1543 Proximos
666 1477 712 1540 illi
727 1487 833 1540 tamen
849 1474 1020 1558 occupavit

417 1579 461 1644 90
784 1576 892 1640 Pallas
907 1575 1060 1641 honores.

481 1679 611 1744 Proeliis
627 1679 746 1756 audax,
763 1700 870 1761 neque
885 1687 917 1741 te
933 1676 1048 1754 silebo,

484 1780 597 1858 Liber,
613 1789 647 1845 et
662 1781 755 1844 saevis
770 1779 899 1843 inimica
911 1777 1017 1862 Virgo

264 1917 310 1966 lini
346 1932 403 1966 nam
422 1912 503 1962 Musis
524 1926 590 1961 sacer
608 1920 652 1960 est.
694 1914 752 1962 Jam
767 1927 823 1961 vero
889 1911 994 1960 13-16.
1010 1911 1096 1968 Solitis,
1107 1909 1237 1977 hequen
1252 1909 1325 1974 vulgo
1339 1918 1417 1974 poeta

266 1998 322 2030 oum
356 1979 442 2029 hraciae
459 1992 528 2025 mons
539 1976 632 2025 Hamus
646 1976 712 2034 Lini,
723 1977 822 2034 Musaei,
855 1975 990 2024 carminum
1005 1990 1103 2024 suonam
1122 1976 1266 2050 principium
1283 1975 1361 2023 lacere
1377 1989 1416 2021 so-

264 2053 289 2094 et
302 2044 393 2110 Orphei
407 2041 515 2107 inprimis
528 2039 674 2090 carminibus
688 2040 824 2090 celebratis·
856 2039 924 2087 lent:
953 2039 1147 2105 virgatis,
1165 2041 1206 2096 60,
1226 2039 1334 2088 11st
1348 2040 1415 2100 prin·

266 2104 550 2179 simussit,apteinhoc
564 2120 661 2169 quoque
675 2113 754 2154 monte
764 2105 824 2154 Mu·
856 2105 950 2164 cipiunt,
972 2103 1061 2163 Mum
1080 2104 1143 2152 Jouis
1163 2107 1240 2152 omnio
1258 2104 1337 2166 pleno.
1371 2101 1417 2150 aa

266 2187 346 2222 sarum
357 2184 464 2220 carmina
475 2183 584 2217 resonare
595 2167 716 2217 dicuntur.
858 2169 982 2223 homiuum,
993 2167 1018 2214 h.
1030 2184 1054 2216 e.
1069 2167 1127 2225 lata,
1146 2168 1266 2216 lenunam
1282 2165 1415 2214 hominum.

300 2238 324 2294 7,
337 2239 361 2285 8.
386 2235 452 2284 Unde
472 2235 569 2280 vocalem
589 2239 646 2281 cett.
666 2248 771 2282 sensus:
794 2249 825 2281 ex
857 2229 983 2287 Mundum,
996 2230 1021 2278 h.
1036 2247 1059 2280 s.
1077 2231 1168 2280 coelum
1178 2229 1316 2296 (κόσμον),
1336 2229 1414 2294 desig·

266 2317 316 2363 quo
332 2305 413 2347 rnonte
427 2297 561 2361 promiscue
576 2296 743 2345 confluxerunt
753 2297 825 2346 undi-
857 2302 928 2343 natur
947 2301 1027 2344 autem
1045 2310 1087 2360 per
1105 2312 1176 2354 nure,
1193 2307 1275 2352 uiros,
1292 2302 1318 2343 et
1335 2295 1416 2342 musa

267 2378 316 2426 que
331 2365 427 2411 arbores
441 2359 472 2408 ad
483 2359 629 2407 audiendum
640 2361 773 2424 Orpheum,
785 2360 826 2409 cni
857 2358 969 2406 universa
979 2375 1056 2407 rernm
1068 2367 1160 2408 natura.
1192 2357 1414 2416 Catull.lxiv,2⁰5,

267 2434 343 2483 lanu,
356 2441 406 2491 qua
422 2439 437 2471 a
453 2431 527 2470 matre
541 2437 586 2470 sua
597 2423 677 2471 Cnllio
695 2440 708 2472 e
719 2425 827 2472 imbutor
860 2423 911 2476 Quo
921 2434 1015 2472 nuncet
1026 2425 1095 2471 tellus
1105 2433 1172 2486 uque
1183 2425 1277 2471 horrida
1287 2432 1414 2470 centnm-

267 2489 353 2544 luerat,
366 2486 468 2537 canendi
482 2493 533 2534 crat
543 2501 581 2534 ars
592 2493 665 2549 atque
674 2441 786 2546 dulcedo,
800 2497 828 2537 ut
857 2497 927 2534 nunt
938 2487 1049 2550 AEquoru,
1060 2491 1213 2550 concussitque
1222 2489 1332 2535 micantia
1340 2489 1416 2534 ridere

267 2568 322 2665 ppos
336 2551 450 2602 audiendi
461 2549 537 2615 gratia
551 2549 651 2599 flumina
664 2566 749 2601 cursus
763 2551 827 2619 rapi·
858 2553 974 2609 mundum·
993 2553 1036 2601 ubi
1053 2550 1108 2601 vids
1123 2568 1178 2617 que
1197 2551 1227 2602 de
1241 2565 1301 2599 voce
1317 2552 1416 2599 numus

285 2633 320 2673 os,
333 2624 357 2665 et
367 2616 432 2665 venti
443 2615 544 2663 celerem
555 2614 671 2690 impetum
684 2616 825 2675 inhiberent,
858 2623 942 2663 notata
956 2624 1023 2665 sunt.
1060 2616 1178 2679 Variispuc
1186 2618 1297 2665 mundum
1306 2623 1416 2676 temperat

267 2682 328 2744 quin
338 2695 441 2745 quercus
449 2678 508 2727 adeo
516 2678 612 2727 blandn
619 2678 673 2742 ejus
681 2680 826 2730 carminibus
858 2679 935 2727 horis?
949 2679 975 2729 h.
985 2696 1007 2730 e.
1022 2679 1158 2730 moderatur
1168 2679 1272 2729 siderum
1281 2694 1379 2727 cursum
1389 2678 1415 2727 in

268 2759 337 2792 aures
358 2745 499 2809 preberent.
543 2742 645 2789 Vocalem
667 2742 825 2807 (φωνήεντα)
858 2743 975 2801 coeloita,
988 2744 1096 2793 utvarioe
1109 2742 1415 2801 hore,h.e.annivicissi·

268 2817 421 2867 cantantem
438 2805 546 2855 similiter
558 2808 644 2855 cleonte
659 2808 743 2855 eoculn
760 2809 826 2874 apud
858 2806 953 2855 tudines
962 2808 1077 2857 existant.
1105 2808 1279 2873 Inl.inEpist.
1289 2806 1321 2855 ad
1331 2806 1415 2857 Piav.

268 2872 361 2920 Tibull.
379 2872 405 2927 ii,
421 2874 445 2929 5,
463 2871 487 2918 3.
521 2870 623 2918 Temere:
641 2870 693 2919 haec
709 2872 827 2936 particula
858 2870 915 2927 ³02,
928 2871 1162 2934 Suhverut'temporis
1171 2874 1258 2921 hortans⁸

268 2936 428 2999 egregiarum
444 2934 541 3009 pingit,
558 2934 651 3009 arbores
667 2950 761 3001 nempe,
778 2954 827 3003 quo
892 2936 997 2983 17-20.
1017 2936 1128 3009 Undeuit
1138 2940 1214 3010 majus
1222 2945 1350 3009 gereretur
1359 2936 1415 3008 ipso,

267 3000 827 3129 tlttttttllttttthltlttnn
857 2996 1416 3129 lntttt¹3⁰;;l¹tthtttttlttttt

269 3126 401 3193 cupiditate
411 3128 520 3176 ruebant.
858 3126 949 3175 neravit
956 3126 1052 3192 Jupiter
1058 3128 1154 3185 liberos,
1162 3128 1282 3185 Minerva,
1291 3126 1415 3184 Bacchus,

299 3192 325 3240 9.
341 3193 399 3241 Arte
410 3206 446 3239 sc.
455 3188 566 3247 canendi,
577 3201 688 3246 mutuno,
701 3192 741 3239 cui
751 3194 824 3242 innu-
858 3190 948 3247 Diana,
961 3198 987 3239 at
1005 3191 1123 3250 Phoebus,
1144 3192 1214 3255 longe
1229 3200 1297 3266 patre
1312 3190 1417 3238 minores

267 3254 337 3303 tritus
349 3254 394 3303 luit
406 3254 517 3320 Orpheus
531 3269 546 3302 a
560 3262 689 3302 matresua
706 3256 825 3323 Calliope.
857 3255 896 3301 vel
913 3254 1034 3303 inferiores
1049 3264 1119 3304 sunt:
1137 3255 1212 3304 nolim
1228 3256 1299 3319 igitur
1312 3256 1373 3302 unde
1383 3252 1416 3301 nd

267 3318 405 3377 Merentem,
416 3319 443 3365 h.
453 3333 476 3367 e.
487 3317 619 3366 sistentem.
856 3318 970 3381 prosaice
977 3319 1090 3367 orationis
1095 3319 1201 3369 indolem
1207 3336 1263 3369 cum
1268 3317 1415 3367 Clltlitsch.

301 3382 393 3437 11,12.
411 3382 650 3439 Blandum-dmm,
668 3382 755 3431 Graece
772 3397 823 3448 pro,
857 3397 908 3446 pro,
925 3398 996 3445 quere
1006 3383 1136 3448 explicare.
1171 3384 1239 3433 Unde
1272 3398 1307 3438 ro,
1324 3396 1415 3445 aquo,

265 3444 355 3494 blanda
373 3446 511 3500 ducentem,
527 3444 552 3491 h.
567 3456 591 3493 e.
607 3452 657 3493 tam
675 3446 764 3494 blande
783 3462 824 3494 cn·
856 3446 953 3509 passim.
988 3448 1029 3495 Sic
1046 3446 1090 3497 inl.
1100 3448 1118 3507 i,
1132 3449 1174 3504 28,
1189 3449 1231 3506 28,
1252 3400 1318 3495 tineo
1332 3456 1414 3507 potest,

266 3518 372 3567 nentem,
396 3517 424 3557 ut
445 3508 550 3556 duceret.
596 3509 699 3566 Canorb,
722 3509 826 3559 suaviter
857 3513 900 3558 ritu·
916 3510 1005 3574 delium
1020 3528 1082 3574 aquo
1097 3513 1132 3559 Ah
1145 3512 1210 3562 Jove.
1243 3512 1295 3559 Sat.
1305 3510 1323 3567 i,
1335 3510 1360 3567 6,
1374 3511 1414 3567 la,

266 3573 423 3632 sonantibus;
440 3572 475 3619 sic
487 3571 530 3619 inl.
538 3571 616 3636 Epist.
623 3573 649 3629 ii,
658 3575 683 3629 2,
695 3574 736 3629 76,
748 3589 824 3623 uersus
856 3584 945 3631 eontra,
958 3575 1085 3634 Lauinum,
1100 3576 1179 3623 Volerl
1192 3592 1275 3639 genus,
1290 3574 1353 3622 uude
1368 3573 1414 3621 Su-

265 3638 353 3683 canori.
389 3636 492 3689 Quercus
511 3635 630 3692 audacter,
649 3636 692 3684 sed
708 3638 825 3702 apposite,
854 3638 1090 3702 perhucTurpur'nius
1104 3657 1175 3703 reguo
1186 3638 1339 3703 pttbmfnit.
1375 3637 1415 3685 Vi·

265 3698 381 3747 dicuntnr
395 3702 488 3755 urente,
507 3699 566 3763 quia
582 3699 695 3749 audiendi
713 3716 778 3749 nunc
795 3701 825 3751 iis
854 3712 895 3765 get
911 3717 953 3767 pro
969 3702 1071 3766 vulgari,
1088 3711 1133 3760 est,
1148 3702 1240 3751 existit.
1272 3704 1321 3749 Aut
1334 3717 1414 3749 secun

266 3762 378 3810 tribuitur
400 3762 521 3811 facultas:
551 3779 607 3811 cum
633 3763 723 3813 dilectu
744 3772 824 3813 autem
856 3769 920 3823 dum,
940 3773 983 3815 ant
1002 3767 1068 3832 quod
1086 3767 1219 3816 secundum
1239 3766 1320 3815 statim
1338 3765 1369 3813 ab
1385 3781 1416 3816 eo

264 3825 346 3937 posuit
355 3842 457 3887 ciserno,
469 3833 505 3882 nt,
516 3841 573 3875 eum
588 3826 637 3875 ille
650 3829 752 3885 arbores,
764 3830 826 3878 alias
856 3828 938 3878 locum
949 3839 1060 3895 occupet.
1090 3832 1205 3880 Protinus
1215 3832 1415 3879 ultraneum·

282 3888 406 3947 ctissime,
424 3889 476 3954 jam
492 3890 584 3955 Orphei
603 3891 750 3940 carminibus
770 3909 823 3958 per·
853 3896 919 3957 pouit
938 3894 1019 3942 Pullus
1036 3897 1141 3943 honoem
1163 3894 1285 3952 nimirum,
1302 3895 1323 3941 si
1344 3909 1415 3942 nemo

265 3968 343 4002 cussa
361 3963 386 4003 st
401 3953 512 4003 delenita
528 3969 580 4003 esse
596 3954 716 4013 dicantur,
734 3965 825 4021 quanta
856 3958 989 4006 secundum
999 3958 1124 4008 tertiumve
1135 3960 1165 4007 ab
1181 3960 1264 4022 aliquo
1279 3958 1360 4005 locum
1373 3972 1415 4005 oc·

264 4016 301 4065 vis
321 4017 374 4082 ejus
392 4018 537 4067 carminibus
554 4019 635 4077 luerit,
651 4020 689 4068 vel
706 4029 824 4085 quantum
856 4029 937 4087 supet,
958 4021 1062 4087 primum
1085 4023 1165 4071 locum
1188 4020 1278 4072 teneuti
1299 4024 1416 4083 proxim

265 4080 290 4127 in
307 4083 446 4132 universum
462 4082 540 4147 poesis
551 4084 638 4141 valeat,
649 4100 678 4133 ec
692 4084 769 4147 magis
781 4101 823 4151 ap-
855 4101 952 4150 quoquc
969 4094 1007 4135 cst
1026 4086 1069 4135 ille
1086 4088 1130 4151 qui
1147 4095 1258 4151 quartum
1273 4084 1416 4150 quintumve

265 4154 354 4209 pareat.
388 4147 501 4195 Imitatus
515 4148 627 4197 esthunc
642 4148 722 4197 locum
739 4149 824 4198 Sidon.
856 4151 887 4198 ah
908 4165 937 4199 eo
956 4150 1038 4199 locum
1059 4152 1159 4201 obtinet.
1200 4152 1313 4199 Minerva
1332 4148 1340 4197 i
1358 4150 1415 4206 ¹tur,

264 4224 288 4255 c.
298 4208 326 4267 ii,
337 4211 378 4267 71,
395 4212 442 4265 Qut
452 4213 596 4275 eantujtem't
610 4214 718 4275 copulor,
729 4216 823 4278 digitis·
854 4214 965 4277 quamvis
979 4215 1050 4279 longe
1066 4216 1097 4264 ab
1113 4216 1184 4265 lovis
1199 4214 1325 4278 majestate
1357 4213 1415 4260 ista-

264 4288 307 4334 que
323 4277 412 4322 canoris
428 4276 543 4336 Compulit
557 4278 646 4325 auritas
663 4278 693 4325 ud
707 4281 821 4338 plectrttm
853 4278 903 4335 bat,
922 4295 972 4343 praa
994 4280 1079 4329 ceteris
1104 4287 1184 4330 tamen
1209 4278 1257 4328 diis
1276 4277 1415 4341 deabusque

264 4338 446 4397 narsensibus,
466 4338 541 4392 Quum
553 4348 640 4388 starent
651 4340 723 4389 Hebri
735 4341 820 4400 tattcu,
854 4340 1037 4392 honoratissime
1062 4344 1118 4392 luit.
1165 4343 1232 4393 Plat.
1259 4344 1370 4407 Sympns·
1395 4339 1415 4399 i,

264 4415 376 4463 cursuque
394 4402 467 4464 ligeto
485 4403 599 4451 Fluminis
617 4407 712 4453 attoniti
731 4422 822 4455 carmen
854 4422 880 4471 p.
899 4407 957 4465 617,
974 4406 990 4467 ἠ
1008 4406 1033 4457 δὲ
1048 4406 1145 4470 Ἀθηνᾶ
1159 4408 1274 4475 φαίνεται
1288 4406 1334 4456 τὸν
1349 4404 1417 4464 πλη·

263 4465 409 4525 mogisundo
416 4469 499 4517 sitiret.
853 4471 910 4521 elev
919 4470 959 4521 ἀεὶ
970 4472 1173 4531 τοῦΔιὸςτόπον
1182 4474 1291 4538 ἔχουσαι
1309 4469 1343 4519 cl.
1355 4468 1416 4519 Cal·
