3150 5200
596 367 762 433 LIBER
786 369 813 445 1,
837 368 867 430 4.
1241 365 1307 427 319

242 518 372 595 Fertur,
388 516 436 581 uti
451 516 557 601 pulvis
571 516 726 583 collectus
742 517 884 593 turbine,
899 539 940 580 ne
955 516 1036 599 quid

241 619 374 683 Summa
388 617 560 702 deperdat,
575 628 733 694 metuens,
749 628 807 681 aut
822 617 954 701 ampliet
968 628 1098 682 utrem.

242 720 367 785 Omnes
381 719 417 783 hi
431 728 581 783 metuunt
595 740 720 795 versus,
737 719 837 785 odere
851 728 978 803 poetas.

242 821 382 886 Foenum
396 818 497 883 habet
511 820 545 883 in
559 840 671 897 cornu,
685 819 783 904 longe
798 818 895 903 fuge3
918 819 1094 883 dummodo
1108 819 1209 883 risum

178 922 223 986 35
244 924 403 987 Excutiat
419 922 492 998 sibi,
508 943 575 985 non
588 921 642 985 hic
657 922 808 1005 cuiquam
822 930 936 1006 parcet
949 921 1065 997 arnico,

245 1024 293 1087 Et
307 1023 526 1107 quodcunque
542 1022 640 1087 semel
655 1021 776 1087 chartis
790 1022 938 1100 illeverit,
954 1045 1065 1087 omnes

245 1126 377 1190 Gestiet
392 1148 411 1188 a
425 1123 521 1189 furno
536 1124 711 1189 redeuntes
727 1124 811 1189 scire
825 1123 974 1207 lacuque,

245 1226 292 1291 Et
305 1246 426 1311 pueros
442 1234 477 1290 et
491 1247 582 1291 auus.
628 1224 794 1309 Agedum,
809 1245 917 1311 pauca
929 1226 1041 1309 accipe
1056 1234 1191 1289 contra:

243 1326 389 1391 Primum
403 1349 464 1411 ego
479 1349 529 1391 me
544 1326 681 1404 illorum,
697 1326 845 1392 dederim
858 1328 978 1411 quibua
993 1348 1066 1392 enac
1079 1328 1199 1411 poetic,

181 1428 225 1491 40
247 1427 434 1512 Excerpam
447 1450 599 1493 numero:
622 1449 729 1510 neque
743 1429 830 1493 enim
843 1426 1039 1494 concludere
1054 1450 1184 1493 versum

246 1528 382 1593 Dixeris
398 1551 469 1595 esse
486 1530 581 1607 satim
605 1550 722 1611 neque,
739 1530 855 1613 siquis
871 1532 1003 1607 scribut,
1019 1530 1068 1595 uti
1082 1552 1154 1605 nos,

246 1629 395 1697 Sermoni
408 1630 573 1715 propiora,
585 1640 682 1714 putea
697 1630 785 1695 hunc
800 1653 874 1696 esec
886 1642 1026 1716 poetam.

245 1730 416 1815 Ingenium
431 1732 484 1797 cui
500 1732 553 1808 sit,
569 1731 623 1797 cui
637 1753 727 1797 mens
743 1732 893 1811 divinior,
908 1744 1007 1817 atque
1022 1757 1060 1797 oo

247 1832 372 1917 Magna
387 1842 587 1910 sonatur-um,
603 1833 663 1898 des
678 1834 817 1899 nominis
831 1834 931 1919 hujus
945 1834 1112 1901 honorem.

158 2028 237 2081 utpote
254 2020 333 2081 plures
350 2018 411 2067 rcier
432 2016 463 2067 cd
481 2034 543 2081 quor,
562 2035 618 2068 cum
637 2020 716 2087 plures
781 2022 822 2077 30,
834 2022 876 2071 31.
894 2023 958 2076 Quin
968 2038 1019 2082 per,
1031 2021 1168 2086 cettquin,
1180 2021 1309 2088 relutpul·

158 2097 250 2139 eorum,
261 2082 304 2147 qui
314 2084 447 2144 culpentur,
456 2082 480 2129 h.
488 2098 511 2131 c.
520 2084 716 2158 perstringantur,
748 2084 785 2131 vis
795 2085 891 2133 turbine
907 2084 1032 2141 collectus,
1043 2100 1086 2150 per
1096 2100 1190 2133 summa
1206 2101 1309 2150 queque

159 2145 295 2209 diguiriut.
328 2148 376 2194 Pro
387 2148 454 2210 elige,
466 2146 491 2193 h.
502 2160 526 2195 e.
537 2162 612 2204 nume,
625 2164 651 2195 m
661 2149 716 2214 plu·
748 2148 856 2212 pericula
872 2164 979 2214 praecepa
997 2148 1090 2211 agitur:
1108 2148 1153 2196 ini.
1165 2149 1243 2213 Epist.
1254 2150 1272 2205 i,
1286 2152 1309 2206 1,

158 2209 225 2258 rimis
242 2208 313 2258 codd.
330 2226 393 2266 erue,
404 2210 429 2257 irr
444 2208 586 2273 quibusdam
600 2214 670 2274 cripe,
686 2228 717 2261 ez
750 2214 781 2259 45
792 2226 830 2276 aq.
840 2212 942 2277 impiger·
951 2222 1058 2260 terrenior
1070 2216 1146 2261 curris
1156 2224 1267 2262 mercator
1277 2216 1309 2261 cd

160 2289 210 2337 quo
222 2273 348 2322 Bentleiur
365 2272 429 2330 iecit,
440 2276 527 2335 arripe.
562 2274 645 2323 Lectio
661 2276 721 2339 elige
753 2274 830 2332 indos,
851 2276 897 2323 Per
916 2292 979 2324 marc
994 2279 1127 2338 pauperiem
1139 2276 1249 2341 flgitur,
1267 2294 1310 2339 per

159 2338 197 2386 vel
214 2338 239 2386 iu
252 2336 346 2403 propria
360 2336 534 2399 significatione
545 2346 624 2387 sumta
640 2339 720 2387 iocum
751 2354 815 2395 mac,
825 2355 866 2402 por
875 2343 949 2404 ignor.

159 2400 247 2450 habere
265 2409 358 2467 potent,
378 2402 404 2449 in
418 2400 529 2463 eligendo
545 2400 608 2448 euim
625 2418 662 2459 co,
678 2402 720 2466 qui
784 2404 826 2450 32.
843 2404 936 2451 Summa
946 2406 1065 2465 deperdat,
1077 2403 1159 2468 perdat
1166 2404 1197 2453 da
1207 2419 1309 2453 summa.

159 2464 272 2513 vitiorum
293 2480 377 2530 expers
397 2464 436 2521 rit,
458 2472 555 2513 externa
569 2465 623 2529 ejus
640 2467 720 2531 specie
784 2467 826 2521 34,
839 2467 880 2515 35.
899 2468 994 2516 Focum
1010 2469 1085 2524 tabet,
1109 2476 1166 2515 cert.
1188 2468 1244 2516 hinc
1273 2476 1309 2523 tu,

160 2528 212 2577 salli
235 2543 376 2593 porrumua;
405 2543 474 2577 nemo
495 2527 560 2576 enim
582 2528 633 2577 sinc
655 2528 719 2579 vitiis
752 2529 824 2578 simut
836 2529 861 2577 in
873 2540 1028 2598 conspectum
1038 2530 1083 2579 tibi
1094 2530 1159 2580 veuit
1169 2541 1247 2599 pocta,
1259 2533 1310 2581 cla·
1346 2579 1350 2584 .

160 2593 276 2650 nascitur,
293 2592 356 2642 aliua
370 2591 424 2650 hoc,
437 2590 500 2641 aliua
516 2591 564 2640 alio
578 2592 635 2642 vitio
651 2594 719 2644 labo·
751 2609 816 2643 mare
828 2594 900 2650 soler,
918 2596 1001 2660 longe
1017 2594 1073 2659 fuge
1087 2604 1191 2661 poetam,
1209 2596 1230 2645 ia
1245 2596 1310 2646 euim

160 2665 207 2706 rat.
241 2657 320 2704 Medic
343 2659 421 2713 torto,
444 2672 474 2706 ex
497 2656 576 2706 modia
596 2657 719 2708 homiuum
751 2657 880 2714 timendus,
901 2659 966 2709 sicut
983 2660 1032 2709 fere
1046 2662 1089 2709 bor
1105 2661 1148 2724 qui
1168 2661 1261 2711 ioenum
1283 2663 1309 2711 iu

160 2719 323 2770 multitudine.
751 2736 827 2772 cornu
849 2722 929 2772 habet.
970 2723 1069 2773 Scilicet
1089 2725 1203 2774 comibus
1227 2741 1310 2776 eorum

193 2786 235 2833 23.
251 2785 323 2834 Hunc
335 2786 398 2846 capit
415 2788 508 2849 argenti
517 2787 638 2847 splendor:
657 2787 720 2861 aliur
752 2785 834 2843 boum,
860 2786 903 2851 qui
925 2788 972 2836 ribi
994 2789 1077 2836 obvios
1098 2805 1188 2863 cornu·
1224 2798 1310 2848 terent,

161 2849 623 2985 {tittttt‘t'ttttttttt
631 2850 719 2965 .ῗὲἐὲ
750 2849 1192 2980 {tttttltttrtttttttt
1208 2855 1311 2968 1.ῗῖιέ

161 2974 277 3026 sactorum
287 2975 599 3026 admirationedelixusert.
627 2982 718 3042 Argen·
751 2977 989 3040 Drtmmodo-pareet
999 2983 1083 3028 amico:
1100 2980 1140 3028 hic
1148 2990 1218 3045 poeta
1227 2997 1257 3031 ue
1265 2981 1311 3030 ulli

161 3048 211 3088 rum
223 3040 536 3106 sapiusdecrgentojiicto,
548 3039 597 3089 rive
612 3041 642 3090 de
657 3042 720 3091 varia
752 3041 849 3105 quidem
869 3043 947 3091 amico
968 3052 1057 3108 parcet,
1076 3043 1206 3092 dummodo
1225 3045 1309 3094 volu·

160 3117 191 3152 ex
199 3111 296 3168 argento
306 3103 385 3160 factis,
396 3111 424 3152 ut
432 3120 460 3152 ca
471 3103 611 3168 aimpliciter
618 3104 648 3154 de
658 3105 721 3154 vasis
752 3113 826 3154 tatem
837 3105 920 3154 vitium
932 3106 1032 3172 aliquod
1042 3107 1115 3155 amici
1131 3107 1254 3157 deridendi
1265 3062 1311 3157 uli

161 3183 192 3216 ox
209 3184 255 3218 are
272 3168 350 3218 facus.
375 3168 548 3217 VctusSchol.
562 3167 587 3216 iu
604 3169 649 3218 hoc
667 3169 721 3220 loco
753 3184 835 3234 parare
845 3171 928 3236 possit.
961 3171 1268 3230 Sibidativurcommodi:
1285 3173 1311 3220 in

160 3247 191 3280 er
211 3231 242 3281 dc
259 3231 322 3281 vasis
341 3240 365 3280 et
381 3230 457 3294 signia
475 3231 605 3282 Corinthiis
626 3233 721 3299 accipit.
752 3247 820 3281 suam
832 3235 886 3282 volu
905 3242 986 3284 tatem.

162 3295 281 3360 Eqrridem
298 3295 405 3359 intelligo
424 3311 526 3360 quaeque
545 3311 609 3352 rasa,
630 3298 721 3362 antiqui
786 3299 827 3354 36,
834 3299 875 3347 37.
928 3299 1313 3365 nerGertiet-rcire,geatietnota

161 3359 261 3408 artificia
279 3359 405 3424 cujusdam
425 3374 498 3408 mauu
518 3359 605 3408 affabre
622 3377 652 3410 ex
675 3377 721 3412 rara
752 3359 1311 3414 lieriomniburveliufimaeconditiouirhomi·

161 3423 257 3472 efficta:
269 3421 313 3472 inl.
323 3423 401 3488 Epist.
413 3421 430 3476 i.
442 3423 466 3479 6,
481 3423 519 3479 17,
531 3423 546 3472 1
555 3441 627 3482 nunc,
635 3441 719 3488 orgen·
753 3424 834 3482 nibus,
843 3426 882 3475 vel
893 3441 909 3474 a
919 3427 988 3475 furno
998 3427 1036 3476 vel
1048 3442 1063 3475 a
1073 3427 1128 3477 lacu
1138 3429 1293 3480 redeuntibus
1303 3449 1309 3477 :

161 3495 213 3534 tum
222 3497 245 3536 et
256 3504 354 3536 marmor
365 3497 437 3544 vetur,
449 3503 540 3550 araque
552 3497 575 3535 rt
590 3499 651 3537 oriar
664 3489 720 3538 Sur-
752 3503 795 3553 per
815 3491 891 3539 Ιαειιιιι
914 3490 1022 3564 intelligo
1041 3491 1145 3549 alveum,
1164 3493 1229 3544 undc
1248 3509 1312 3559 aqua

158 3553 226 3612 pice:
258 3567 312 3615 sup.
330 3549 378 3598 Od.
395 3550 428 3606 iv,
449 3551 473 3607 3,
490 3551 516 3607 2,
533 3566 575 3617 per
589 3569 634 3600 err
652 3561 722 3618 poeta
782 3553 960 3618 raquaeductur
974 3554 1007 3602 ibr
1021 3555 1123 3605 collecta
1132 3559 1311 3619 monachatum

161 3611 301 3679 designatae
319 3615 414 3664 videtur
433 3615 520 3662 lebetes.
564 3617 655 3682 dibirit,
674 3633 722 3665 uon
752 3567 971 3683 litteraquorum
979 3621 1261 3682 magnaRomrcluitco
1279 3623 1311 3680 ia,

161 3677 284 3736 Tibullus,
313 3677 355 3728 red
381 3677 495 3741 ignobilis
520 3678 618 3742 quidam
652 3680 722 3729 homo
753 3681 886 3744 peculiaria
900 3682 998 3730 nomina
1015 3683 1137 3747 gerebant,
1148 3693 1176 3733 ut
1186 3687 1250 3735 incur
1258 3639 1311 3734 ilar

164 3739 511 3807 inmnoaeriramorecaptus.
753 3747 824 3793 uilior
843 3746 908 3810 apud
935 3746 1075 3796 Ciceronem
1097 3763 1134 3812 pr.
1154 3749 1230 3799 Rcrc.
1253 3751 1312 3798 Am.

195 3807 236 3863 29,
246 3808 288 3855 30.
305 3807 442 3862 Htcmurct,
450 3805 577 3856 cett-aliur
585 3815 622 3856 cst
632 3823 721 3858 merca·
756 3822 779 3856 c.
791 3809 832 3857 32.

162 3877 207 3926 tor,
220 3869 262 3935 qui
275 3879 381 3934 quaestus
391 3867 494 3918 faciendi
505 3885 580 3920 causa
590 3873 621 3920 ab
633 3871 722 3922 oriente
786 3873 828 3921 39.
852 3873 1072 3935 Dederim-poerir,
1094 3891 1154 3938 quor
1173 3883 1250 3940 poeta
1269 3892 1312 3924 no·

163 3933 195 3981 ad
209 3933 357 3984 occidentem
376 3949 453 3997 usque
468 3949 510 3998 pcr
527 3934 599 3983 maria
616 3935 721 4000 navigat.
754 3935 820 3985 mine
845 3935 931 3998 dignos
954 3951 1008 3986 esre
1033 3938 1209 3996 concesserim
1233 3942 1313 4000 poetis,

164 3997 311 4070 lidercatoras
319 3997 384 4063 apud
395 4006 485 4046 veteres
496 4013 544 4046 non
556 4007 639 4064 parata
648 4015 721 4065 pecu·
755 3999 843 4048 Grrcca
851 4015 902 4065 pro,
909 4009 1004 4065 poetar:
1015 4001 1047 4049 ci.
1057 4017 1112 4066 rup.
1119 4001 1150 4050 ad
1157 4003 1208 4050 Sat.
1214 4004 1231 4057 i,
1241 4004 1265 4077 .¹.’
1275 4005 1314 4053 19.

163 4059 721 4191 tttttttttttn'tttttttttrs:
772 4064 1314 4196 „tttttttrttttffitrpff

163 4188 264 4238 tissimis
288 4199 380 4238 mutare
405 4188 531 4248 solebant,
550 4189 616 4239 undo
633 4191 723 4256 panum
773 4189 838 4240 ‘buu

163 4251 278 4302 Horatius
305 4262 445 4304 mercatores
473 4253 611 4319 simpliciter
634 4259 724 4304 nouitas
789 4255 830 4302 41.
851 4255 877 4302 Si
894 4257 1093 4319 quie-propiora,
1112 4257 1133 4305 ri
1152 4258 1314 4321 quieveram,

164 4317 279 4382 appellat.
311 4321 350 4367 Aa
366 4334 419 4366 eom
437 4318 549 4380 (solem),
567 4336 610 4382 quo
629 4321 721 4382 Vesper·
754 4325 783 4368 ιιι
810 4333 862 4376 nor,
886 4319 983 4376 scribat,
1011 4336 1070 4370 unua
1093 4321 1187 4372 scilicet
1210 4322 1317 4374 oratioue

163 4383 214 4428 tino
224 4392 285 4444 repet
295 4385 367 4446 regio,
380 4381 477 4444 elegans
488 4390 513 4431 et
521 4383 559 4431 vel
571 4382 640 4448 epico
654 4392 724 4447 poeta
756 4382 862 4448 pmxirne
872 4382 904 4432 ad
919 4399 1052 4433 sermonem
1063 4387 1186 4450 vulgarem
1200 4394 1225 4435 et
1235 4387 1315 4451 quoti·

163 4443 238 4509 digna
251 4449 374 4496 occidentia
387 4444 528 4510 descriptio:
547 4445 589 4494 ini.
604 4446 682 4512 Epist.
696 4446 723 4505 ii,
757 4445 855 4495 diacum
867 4447 1006 4498 accedente.

163 4509 189 4563 2,
204 4511 261 4557 135.
792 4512 833 4566 43.
842 4513 883 4561 44.
900 4513 967 4562 Mens
977 4516 1087 4571 divinior,
1100 4531 1153 4580 quc
1165 4513 1247 4563 divino
1257 4531 1315 4579 quo·
