3150 5200
590 349 753 418 LIBER
775 353 802 431 I,
827 357 874 421 18.
1245 358 1308 421 187

529 673 771 740 EPISTOLA
795 676 927 742 XVIII.

585 871 644 919 AD
665 872 870 922 LOLLIUM.

238 1009 375 1075 sibene
390 1020 422 1075 te
437 1013 522 1088 novi,
538 1021 674 1088 metues,
690 1009 854 1075 liberrime
869 1009 967 1088 Lolli,

237 1111 424 1177 scurrantis
440 1115 581 1198 speciem
594 1114 754 1197 praeberc,
769 1111 938 1196 professus
952 1114 1100 1178 aruinum.

238 1213 286 1278 Ut
300 1225 449 1280 matrona
462 1215 625 1280 meretrici
639 1215 752 1298 dispar
767 1215 830 1278 erit
844 1225 944 1298 atquc

236 1315 400 1394 Discolor,
417 1316 520 1380 infido
536 1337 657 1381 scurrae
672 1317 809 1380 distabit
823 1318 956 1382 amicus.

194 1419 216 1480 5
238 1417 393 1483 Esthuic
408 1419 572 1482 diversum
586 1420 665 1483 vitio
680 1419 793 1482 vitium
807 1441 911 1504 prope
926 1421 1043 1504 majus,

235 1516 408 1603 Asperitas
423 1522 561 1605 agrestia
576 1532 610 1584 et
625 1520 817 1585 inconcinna
830 1523 1015 1606 marisque,

237 1620 322 1693 Quae
338 1644 373 1685 se
388 1622 591 1686 commendat
607 1632 702 1686 tonsa
717 1634 803 1699 cute,
817 1624 971 1688 dentibus
986 1624 1085 1700 atris3

236 1723 326 1786 Dum
340 1723 409 1787 vult
422 1723 555 1788 libertas
571 1723 636 1788 dici
653 1743 751 1800 mera,
767 1747 908 1808 veraque
923 1727 1037 1789 virtus.

233 1825 350 1889 Virtus
365 1835 416 1889 est
430 1826 572 1890 medium
586 1827 748 1903 vitiorum,
764 1837 798 1890 et
812 1829 966 1911 utrinque
981 1828 1163 1893 reductum.

174 1927 214 1990 10
235 1925 331 1990 Alter
346 1927 378 1990 in
394 1928 587 2011 obsequium
602 1927 676 2011 plus
691 1949 786 2011 aequo
802 1951 937 2012 pronus,
951 1940 985 1994 et
1000 1930 1054 1993 imi

236 2028 374 2092 Derisor
388 2029 463 2093 lecti
480 2031 525 2094 sic
540 2041 655 2094 nutum
669 2030 778 2093 divitis
794 2030 918 2109 horret,

234 2129 289 2194 Sic
304 2132 400 2194 iterat
415 2153 522 2208 voces,
538 2142 572 2195 et
587 2133 687 2195 rerba
702 2132 853 2196 cadentia
868 2134 963 2211 tollit,

234 2232 282 2297 Ut
297 2255 434 2317 puerum
450 2255 535 2296 saevo
551 2232 665 2297 credas
682 2232 805 2297 dictata
819 2236 975 2319 magistro

143 2417 366 2474 circumforaneum,
379 2417 544 2483 impostorem:
562 2417 626 2481 apud
635 2417 705 2466 Cice·
772 2420 796 2475 3,
810 2421 833 2467 4.
853 2420 982 2484 Eleganter
991 2429 1107 2479 matrona,
1119 2422 1191 2486 cujus
1201 2421 1300 2472 honeste

145 2499 226 2594 rapam
241 2497 337 2594 ippoque
349 2481 400 2530 hec
411 2499 456 2531 vox
470 2481 581 2538 occurrit,
592 2497 634 2546 pro
646 2481 706 2530 Clu·
739 2483 839 2595 ppaciepa
846 2484 939 2533 diversa
949 2493 986 2534 est
996 2499 1011 2533 a
1022 2485 1247 2599 piercpricisbppecie
1261 2485 1298 2599 irp-

146 2561 232 2596 en.c.
278 2583 284 2595 .
757 2563 814 2596 oues
842 2559 1022 2603 ,vocarmmere
1054 2567 1076 2599 ct
1101 2567 1146 2599 isco
1215 2567 1298 2600 rovu-

178 2612 219 2661 60.
237 2612 331 2669 Osirim,
350 2626 364 2659 a
382 2611 452 2677 plebe
468 2610 576 2675 inprimis
590 2608 630 2657 hic
648 2608 707 2658 deus
739 2612 800 2675 gari,
819 2612 957 2673 dissimilis3
978 2614 1012 2662 sic
1029 2616 1090 2662 colos·
1104 2567 1243 2679 quoqriapde
1257 2632 1300 2665 ex·

146 2676 180 2725 AE
214 2675 315 2741 ptiorum
338 2676 402 2740 apud
425 2676 549 2723 Romanos
569 2673 691 2747 colebatur
700 2690 707 2733 5
741 2684 809 2725 terne
825 2678 914 2743 speeie,
929 2679 967 2727 vei
984 2678 1014 2727 de
1028 2687 1124 2727 externo
1136 2680 1220 2728 habitu
1236 2690 1260 2730 et
1276 2696 1302 2729 sc

145 2756 209 2789 une
230 2754 326 2805 quoque
347 2743 432 2802 planus
455 2755 497 2805 per
519 2738 608 2787 Osirim
628 2752 709 2803 Jurare
740 2740 837 2803 gerendi
846 2742 976 2798 rationein
986 2740 1133 2809 precedente
1142 2743 1300 2810 Epistuii,

144 2804 240 2853 dicitur.
742 2806 823 2853 Omnis
838 2808 981 2869 Aristippum
997 2810 1074 2855 decuit
1088 2810 1180 2855 coloret
1190 2819 1264 2857 mutto
1279 2816 1301 2857 st

177 2870 217 2917 62.
236 2870 317 2923 Quare
332 2872 490 2933 peregrinum,
510 2884 553 2915 nos
574 2866 638 2915 euim
655 2867 706 2931 jam
739 2885 783 2917 res.
828 2870 905 2934 Infido
924 2888 1009 2919 murra
1030 2874 1125 2919 distabit
1149 2876 1244 2928 omum,
1267 2872 1302 2921 ile

144 2934 206 2982 bene
217 2941 240 2981 te
250 2933 368 2981 novimus.
403 2934 493 2988 Rusca,
503 2948 538 2980 sc.
550 2930 668 2980 clamore.'
740 2934 833 2981 amicus
850 2949 865 2982 a
882 2935 952 2983 male
972 2935 1027 2983 fidei
1046 2950 1127 2983 scurra
1148 2935 1301 3001 discrepabit.

253 2995 258 3004 ’
740 2996 863 3046 Particulu
879 3001 923 3055 ita,
937 3008 989 3073 post
1005 3009 1031 3046 ut
1048 2998 1085 3047 vel
1100 3002 1168 3057 deut,
1185 3016 1233 3048 non
1249 3016 1301 3049 rnro

279 3058 450 3109 EPISTOLA
469 3060 572 3110 XVIII.
739 3061 816 3109 omitti
827 3061 903 3110 solet:
922 3062 971 3111 ud.
982 3063 1105 3111 Drakeub.
1114 3061 1145 3110 nd
1153 3063 1207 3112 Liv.
1219 3064 1252 3120 ix,
1262 3065 1301 3120 17,

178 3125 221 3174 Uti
231 3124 256 3173 in
269 3123 419 3189 precedente
436 3124 546 3190 Epistola
561 3126 660 3181 Scaevae,
673 3122 705 3173 ita
738 3126 750 3187 §
768 3128 784 3173 4
792 3143 800 3186 3
812 3126 847 3174 ad
865 3126 946 3183 xxxiv,
959 3129 984 3183 9,
998 3128 1010 3190 §
1024 3129 1054 3174 10
1062 3144 1070 3187 ;
1089 3138 1113 3175 et
1123 3126 1154 3174 ad
1164 3128 1247 3185 xxxix,
1259 3130 1300 3186 41,

142 3189 169 3237 in
189 3189 233 3238 hac
252 3188 331 3239 Lollio
348 3198 467 3253 precepta
484 3188 534 3245 det,
553 3188 584 3236 ad
602 3204 656 3251 quae
675 3188 703 3247 is,
738 3190 787 3251 §L

142 3253 185 3317 qui
197 3261 278 3315 gratus
292 3260 316 3301 ct
330 3251 453 3316 jucundus
464 3268 515 3303 esse
527 3252 593 3317 cupit
603 3252 703 3317 potanti·
769 3256 794 3302 ὅ.
812 3256 877 3303 Huic
887 3258 951 3313 tirio,
963 3255 1056 3304 scurrili
1069 3253 1192 3303 dicacitati
1201 3262 1226 3303 et
1236 3254 1300 3304 isce-

142 3317 232 3373 oribus‚
246 3332 270 3364 se
280 3331 359 3380 gerere
368 3316 462 3365 debeat.
496 3319 527 3365 Iu
541 3317 616 3381 prima
630 3316 704 3380 hujus
737 3316 776 3366 tiis
787 3318 898 3384 placendi
909 3320 997 3369 studio.

145 3380 261 3428 Eistolae
287 3389 352 3445 parte
381 3380 477 3430 mirifice
505 3382 585 3446 placat
609 3381 703 3445 egregie
769 3382 794 3438 6,
807 3385 831 3430 7.
849 3384 998 3441 Incoruianc,
1011 3380 1264 3448 inficeta3gravisqua,
1273 3390 1298 3432 et

144 3444 285 3492 numbrata
295 3445 702 3508 mtuaeetlominisuperiimago;
736 3446 843 3495 molesta.
879 3450 935 3501 Qua
952 3450 1139 3503 recommendat,
1158 3463 1184 3496 aa
1203 3445 1299 3512 conspi-

142 3508 253 3557 ultimam
262 3516 340 3557 autem
347 3509 400 3573 ejus
411 3518 499 3574 partem
509 3526 577 3558 nemo
583 3509 702 3557 erectioris
735 3510 846 3558 ciendam
863 3513 968 3576 praebet,
985 3514 1097 3573 asperim
1113 3510 1177 3559 enim
1194 3512 1301 3577 proiecto

142 3572 231 3621 indolis
249 3572 271 3621 le
288 3587 326 3621 era
338 3580 423 3638 potest,
436 3574 495 3639 quin
513 3573 602 3622 lamiis
619 3571 706 3637 quibus
740 3589 765 3621 sa
782 3590 830 3624 non
845 3576 996 3624 commendat
1007 3590 1079 3623 sensu
1091 3576 1192 3640 proprio.
1228 3576 1300 3623 Toum

142 3636 174 3685 ad
192 3654 253 3686 vera
270 3588 390 3705 lelicitatis
406 3638 451 3686 sihi
470 3636 582 3703 parandas
601 3637 706 3685 studium
739 3648 805 3686 cute:
823 3639 1098 3703 ergo,quiadcutemu
1128 3640 1300 3689 uetoudcbau·

143 3701 261 3750 excitatur
285 3702 387 3759 Lollius,
427 3718 481 3750 uam
504 3712 558 3751 voto
578 3716 626 3766 quo
643 3701 706 3750 hanc
739 3709 785 3757 tur,
813 3702 933 3751 iaciebant
955 3654 1133 3767 aliquidquid
1155 3704 1186 3752 ad
1208 3718 1301 3752 morum

143 3764 276 3830 Epistolaur
288 3719 707 3831 Horatiusluitsensnparcntiatur
740 3766 891 3831 asperitatem
902 3767 1043 3832 pertinebat.
1199 3828 1205 3838 ⁹
1280 3828 1286 3838 ¹

142 3830 292 3879 suavissimo.
336 3832 450 3879 Ceterum
473 3830 571 3887 Lollius,
595 3838 622 3878 ut
642 3838 706 3879 recte
770 3832 795 3879 8.
813 3831 876 3878 Dum
888 3834 938 3879 vult
949 3828 1118 3885 libertandum
1128 3842 1219 3894 asperis
1229 3844 1301 3877 mon·

140 3893 237 3959 iudicat
255 3894 295 3943 CI.
309 3894 448 3951 WetzeIIus‚
467 3894 530 3944 idem
547 3910 598 3943 esse
613 3894 707 3944 videtur
738 3896 784 3942 bus
804 3895 913 3943 homiues
933 3894 1007 3942 videri
1025 3893 1111 3941 volunt
1128 3900 1176 3940 tam
1197 3892 1301 3947 candidi,

143 3958 174 4007 ad
191 3974 262 4023 quem
279 3958 368 4035 scripta
382 3968 419 4008 est
435 3959 546 4025 Epistola
560 3957 634 4023 hujus
652 3957 706 4006 libri
738 3958 779 4033 qui
792 3959 872 4006 omnIa
885 3959 958 4007 libere
967 3957 1058 4013 dicant,
1070 3972 1143 4021 quam
1156 3970 1217 4003 rma
1228 3956 1301 4004 virtu·
1378 3956 1382 3969 ²

142 4022 257 4079 secunda,
279 4022 372 4072 scilicet
398 4024 514 4072 Misimus
541 4024 640 4079 Lollius,
667 4022 704 4070 M.
736 4030 767 4069 tr
778 4022 888 4071 studiosi.

142 4087 215 4135 Lollii
228 4088 345 4143 Palicani,
358 4088 469 4153 adquam
486 4088 531 4135 scri
550 4096 599 4136 turn
608 4096 703 4137 estcar·
769 4088 796 4134 9.
815 4086 895 4134 Virtus
911 4096 944 4134 ost
958 4087 1066 4158 surdiora,
1079 4091 1136 4132 cett.
1170 4080 1303 4157 Sedvirtus

143 4152 218 4200 meul
247 4151 310 4200 icum
321 4166 376 4218 sup.
389 4152 437 4201 Od.
450 4152 482 4208 iv,
495 4154 519 4208 9,
531 4104 603 4199 ilius.
739 4150 844 4199 medium
878 4148 1095 4199 unsisedemmter
1111 4145 1235 4195 duodrcta
1244 4155 1303 4195 mtra

177 4217 200 4270 l,
230 4216 390 4265 ,liberrima
419 4216 489 4265 Liber
499 4216 585 4265 dicitur
595 4216 637 4281 qui
649 4213 707 4263 alie·
741 4223 813 4272 tonet,
825 4214 965 4281 panspstio
983 4212 1014 4260 ab
1030 4222 1130 4276 utroque
1146 4210 1245 4260 reducta
1255 4211 1304 4260 sive

142 4294 190 4327 nus
209 4281 240 4328 ab
260 4280 324 4328 omni
343 4280 503 4339 simulatione,
522 4296 576 4344 quae
597 4280 668 4329 scutit
687 4286 712 4327 et
744 4287 842 4329 remota.

139 4342 241 4408 judicat,
254 4344 328 4392 libere
343 4353 368 4393 et
378 4344 483 4409 ingenue
495 4344 581 4409 profert
591 4352 616 4393 et
626 4342 711 4409 aperit.
778 4344 867 4397 10,11‚
879 4342 956 4398 Alter,
968 4355 1057 4389 scurra.
1076 4339 1121 4387 Imi
1130 4341 1225 4388 Derisor
1237 4340 1305 4387 lecti:

174 4412 201 4456 2.
218 4410 366 4457 Scan-auiis:
384 4408 416 4458 ci.
429 4409 507 4474 Epist.
519 4409 620 4473 preced.
633 4426 656 4457 v.
670 4408 710 4457 19.
742 4410 839 4462 derum,
857 4406 899 4471 qni
915 4405 975 4455 slios
994 4404 1116 4453 illudendo
1133 4404 1205 4451 risum
1217 4410 1307 4467 captat,

145 4472 265 4544 Professus
285 4475 392 4529 amicum,
416 4472 436 4519 si
460 4473 533 4522 semel
557 4482 580 4523 tc
606 4472 711 4537 alicujus
744 4487 841 4530 scurra;
857 4470 1018 4520 scunacnim
1029 4486 1077 4517 una
1088 4484 1143 4516 cum
1155 4467 1306 4516 concitatore

61 4552 66 4561 ·
144 4552 249 4586 amicum
262 4536 384 4601 professus
395 4552 429 4587 es.
744 4536 770 4583 iu
788 4538 832 4584 imo
849 4539 905 4584 lecto
920 4534 1017 4584 tricIInii
1034 4534 1174 4583 accumbere
1185 4531 1309 4592 solebant3
