3150 5200
363 321 634 391 EPISTOLA
665 323 739 387 AD
773 324 1018 390 PISONES.

197 476 276 542 Non
291 478 396 562 quivis
412 477 501 541 videt
515 475 726 541 immodulata
739 485 891 561 poemata
900 476 1018 559 judex,

198 579 246 643 Et
261 581 338 644 data
352 579 511 644 Romanis
526 579 621 642 venia
634 588 685 643 est
699 578 835 663 indigna
849 578 966 661 poetis.

109 679 177 746 265
197 680 368 746 Idcircone
383 702 482 767 vager
497 681 701 764 scribamque
714 680 860 757 licenter,
875 690 914 743 ut
928 700 1039 743 omnes

197 782 338 847 Visuros
352 792 488 867 peccata
501 791 614 866 putem
629 804 711 859 mee,
728 793 819 847 tutus
834 794 869 847 et
882 782 968 845 intra

198 884 298 969 Spem
313 886 416 949 venire
431 885 567 948 centusi
612 883 725 948 Vitari
740 885 881 968 denique
895 882 1036 967 culpam,

198 986 277 1050 Non
291 985 421 1051 laudem
435 986 549 1049 merui.
595 984 667 1049 Vos
681 986 881 1071 exemplaria
897 986 1018 1051 Graeca

197 1087 371 1151 Nocturna
386 1098 512 1151 versate
526 1108 634 1164 manu,
651 1099 778 1152 versate
795 1089 922 1153 diurna.

109 1190 177 1253 270
199 1186 246 1253 At
261 1189 360 1251 vestri
373 1188 486 1272 proavi
502 1186 671 1253 Plautinos
687 1200 721 1255 et
735 1212 887 1255 numeros
902 1202 937 1255 et

198 1288 390 1353 Laudavere
407 1289 508 1368 sales3
533 1291 663 1355 nimium
679 1292 842 1375 patienter
856 1304 1041 1379 utrumque,

197 1391 252 1455 Ne
268 1390 373 1455 dicam
388 1392 498 1468 stulte,
513 1394 619 1457 mirati
632 1420 640 1472 3
664 1395 691 1457 si
707 1395 805 1459 modo
819 1417 882 1479 ego
897 1408 931 1461 et
945 1420 1004 1462 vos

199 1492 325 1557 Scimus
340 1493 535 1557 inurbanum
549 1493 659 1579 lepido
675 1517 833 1579 seponere
849 1496 950 1574 dicto,

198 1594 461 1679 ¹Legitimumque
477 1618 590 1659 sonum
606 1596 717 1681 digitis
733 1596 887 1661 callemus
902 1610 935 1662 et
949 1622 1040 1665 aure.

109 1696 179 1761 2⁸75
243 1695 396 1780 Ignotum
411 1696 543 1781 tragicae
558 1719 661 1781 genus
676 1698 838 1763 invenisse
853 1698 1019 1765 Camoenae

202 1798 344 1875 Dicitur,
360 1808 393 1863 et
407 1798 562 1882 plaustris
578 1800 705 1863 vexisse
721 1811 873 1884 poemata
886 1801 1044 1886 Thespis,

200 1898 285 1972 Quae
300 1912 453 1966 canerent
468 1912 667 1986 agerentque
680 1903 832 1985 peruncti
846 1901 982 1967 faecibus
996 1924 1064 1969 ora.

110 2068 209 2118 ciumet
218 2068 325 2118 Ennium
334 2070 419 2135 carpit,
427 2070 493 2135 qnod
502 2079 671 2119 neutereorunr
703 2070 803 2120 virtutes
824 2087 884 2137 quas
906 2074 985 2122 bonus
1001 2070 1100 2137 scriptor
1115 2073 1201 2121 sectari
1222 2072 1267 2124 de·

110 2132 185 2181 iambi
198 2132 341 2183 insecenda
355 2144 398 2183 ant
408 2142 493 2199 quarta
502 2134 558 2183 sede
569 2134 673 2199 ponendi
703 2134 753 2184 bet.

110 2196 227 2245 rationem
245 2198 368 2247 babuerit:
394 2199 443 2254 bic,
466 2198 507 2257 ait,
531 2198 626 2248 iambus
646 2198 672 2246 in
736 2200 794 2248 271.
812 2199 1266 2274 Nimiumpotienssr‚nlmisindulpen·

110 2261 218 2310 secunda
235 2270 258 2311 st
276 2272 361 2326 quarta
379 2262 435 2312 sede
455 2278 505 2311 raro
523 2271 547 2311 et
564 2262 589 2310 in
602 2262 673 2311 Accii
705 2272 749 2312 ter.
783 2263 898 2313 Horatius
914 2265 1002 2329 passim
1012 2264 1090 2328 tangit
1100 2263 1181 2312 Plauti
1191 2264 1265 2312 ntia:

110 2325 223 2375 trimetris
239 2325 367 2383 invenitur,
378 2327 489 2391 idemque
505 2326 580 2375 Ennii
598 2326 672 2375 versi·
704 2342 758 2394 sup.
767 2328 880 2393 Episcit,
895 2330 918 2384 l,
930 2330 971 2386 58,
983 2328 1080 2377 nimiam
1091 2327 1267 2375 festinationem

109 2390 168 2445 bus,
179 2390 235 2453 qnia
252 2406 282 2439 er
293 2390 332 2447 iis,
344 2391 501 2457 spendeorum
517 2390 620 2457 pendere
635 2390 672 2439 la·
704 2390 727 2440 ei
737 2393 877 2455 exprobrat:
895 2392 928 2440 el.
938 2408 993 2457 sup.
1004 2394 1030 2440 in
1040 2393 1086 2441 bac
1101 2391 1178 2457 Epist.
1190 2408 1212 2439 r.
1224 2394 1267 2441 bl.

108 2454 258 2511 borentibus,
271 2455 469 2520 pariterexsulat‚
481 2464 523 2503 eut
536 2454 616 2505 nimie
628 2456 672 2503 les·
737 2457 796 2504 272.
812 2457 837 2503 Si
853 2459 916 2505 orode
931 2473 972 2521 ege
988 2468 1010 2505 et
1029 2474 1074 2513 eos,
1096 2455 1128 2503 sit
1146 2456 1181 2503 ita
1199 2471 1268 2512 sane,

111 2517 236 2567 tinationis
243 2534 271 2568 ac
284 2519 443 2583 negligentis),
453 2528 495 2567 aut
504 2518 561 2567 artis
573 2519 672 2585 poetice
704 2518 832 2569 dummodo
841 2536 886 2583 ego
897 2529 921 2569 et
931 2536 983 2576 ros,
994 2521 1104 2578 Pisones,
1113 2518 1268 2568 didicerimus

108 2592 204 2656 turpem
218 2584 312 2648 culpam
328 2582 455 2634 contraxit.
488 2584 600 2634 Ceterum
621 2585 672 2633 llo·
704 2583 784 2651 lepide
795 2584 920 2650 sejungere
934 2594 959 2633 et
967 2584 1100 2635 discernere
1110 2586 1141 2633 ab
1152 2583 1268 2649 illepidis.

112 2656 191 2696 ratius
208 2648 366 2713 spendeorum
413 2648 474 2698 ndns
484 2663 553 2696 versu
566 2651 614 2697 260
624 2649 674 2761 glo
737 2651 796 2698 274.
823 2650 1007 2714 legitimumque
1032 2667 1120 2705 monos,
1148 2648 1268 2712 legitimos

109 2716 306 2787 soenemmissos,
328 2721 409 2808 pete,
426 2729 456 2788 ⁸¹.
473 2713 543 2787 meris
563 2713 675 2787 sponsis
706 2729 819 2763 numeros
831 2723 862 2787 ‘et
884 2713 965 2780 pedes.
994 2715 1094 2788 'Digitis
1114 2714 1222 2786 callemus
1243 2724 1267 2786 st

110 2785 252 2896 5333
271 2777 618 2906 33333333
630 2776 674 2890 :li
706 2776 1187 2907 llll..ll..”.‘1‘3ll,‘.²il¹¹l‘,3.lit¹¹ell¹
1189 2785 1269 2906 {tt

113 2905 177 2960 lunt,
189 2906 281 2968 egregie
291 2906 415 2988 expressit.
705 2915 800 2963 vocant,
812 2922 884 2969 quam
896 2921 965 2955 aures
974 2906 1120 2978 cousulant..

146 2969 285 3018 263-268.
302 2971 355 3018 llos
371 2972 453 3032 quiuis,
464 2977 520 3018 cett.
536 2969 575 3017 hic
596 2968 672 3026 locus,
736 2971 875 3019 are-294.
892 2970 1043 3035 Preceptum
1061 2970 1188 3017 Decimum
1208 2971 1268 3019 Sex·

112 3031 158 3097 qui
174 3033 243 3082 valde
259 3033 353 3082 vexavit
372 3042 397 3082 et
412 3033 517 3082 exercuit
527 3033 674 3098 interpretes,
707 3043 775 3082 tum:
795 3036 854 3082 Cum
871 3037 992 3096 scriptores
1009 3034 1117 3088 Romani,
1132 3036 1173 3094 ent
1183 3050 1269 3081 semme

111 3097 213 3144 mutatis
230 3097 430 3154 distinctionibus,
445 3097 505 3146 bene
521 3096 580 3144 mihi
597 3097 675 3146 cohes-
706 3101 784 3147 studio
795 3099 893 3154 Greeos,
904 3101 1022 3162 tragedia
1034 3100 1169 3151 incentores,
1182 3099 1269 3146 imitati

112 3176 166 3210 rere
187 3161 279 3210 ridetur
300 3161 352 3210 sic:
379 3162 463 3210 “Non
481 3161 560 3226 quiris
578 3160 675 3224 quidem
700 3166 754 3224 jam
765 3178 802 3211 res
811 3165 941 3211 domuisse
955 3164 981 3209 in
995 3178 1062 3210 sceno
1072 3162 1267 3222 celebraremu-

110 3223 197 3289 judex,
225 3233 254 3274 ut
282 3226 356 3290 probe
382 3224 440 3282 scio,
467 3225 675 3274 immodulatorunr
707 3237 771 3282 runt,
788 3229 917 3275 inriderent
935 3229 961 3274 in
977 3228 1062 3274 vitium
1076 3227 1268 3289 somerenge-

112 3297 250 3354 poematum
266 3289 415 3354 asperitatem
433 3297 457 3338 et
475 3288 535 3338 vitia
551 3289 631 3347 sentit,
650 3298 675 3339 et
704 3294 798 3353 gestie,
814 3301 836 3338 et
843 3291 1022 3355 festinationis.;
1051 3289 1165 3337 Horatius
1185 3306 1269 3345 omnes,

113 3367 169 3402 vere
192 3352 243 3402 lnec
265 3353 371 3410 licentia,
395 3354 526 3416 (indigno)
549 3369 603 3417 quse
626 3369 674 3402 non
706 3357 746 3417 qui
758 3357 937 3417 bonisers'ptoris
948 3356 1039 3402 tamem
1055 3356 1086 3402 ad
1102 3362 1198 3415 posteros
1213 3371 1269 3415 pro·

113 3416 165 3465 dari
179 3415 288 3473 debebat.
308 3417 365 3466 data
386 3426 423 3466 est
443 3418 563 3466 Romanis
582 3417 673 3482 poetis3
704 3435 794 3482 pagare
803 3421 885 3473 velint,
897 3421 980 3466 uitium
990 3418 1151 3484 iltudfugere,
1160 3427 1191 3472 et,
1203 3421 1269 3479 qnie-

115 3481 157 3530 sed
172 3497 248 3543 egone
261 3481 315 3530 ideo
332 3481 435 3531 solutius
452 3490 476 3530 et
491 3481 604 3530 licentius
614 3482 672 3530 scri-
706 3485 761 3544 qnid
772 3484 1268 3537 scribant,intentissimaearostmmmedi·

114 3545 170 3592 bam
193 3547 275 3609 (tutus
302 3546 417 3610 scilicet),
442 3545 508 3610 quia,
538 3545 598 3610 (nt)
621 3544 678 3595 licet
710 3547 1270 3610 ligentiasmeodure,espolirs,etelimorsjubet.

114 3608 198 3666 sciam,
211 3624 292 3659 omnes
308 3617 406 3675 peccate
422 3609 677 3666 meaviaurosesse,a
740 3611 799 3658 275.
824 3609 933 3675 Ignotum
952 3612 1047 3673 tragice
1068 3625 1142 3672 gersus
1159 3611 1271 3660 invenisse

113 3672 294 3738 reprehensione
313 3684 386 3730 tutus,
402 3683 426 3724 et
441 3673 504 3722 intra
518 3674 591 3738 hujus
602 3674 676 3722 veniae
710 3674 829 3730 Cemoene,
840 3681 898 3722 cett.
931 3672 996 3721 Thes
1012 3673 1032 3720 is
1047 3674 1137 3739 primus
1147 3673 1270 3738 scripsisse

112 3752 181 3858 33
199 3737 324 3851 333).
353 3737 675 3866 ltttttttt‘ttt'
708 3737 1270 3868 lil¹”tt³t⁰³tt“t....¹³ttttt“tit

112 3865 205 3914 sionem
224 3865 305 3924 vitari,
325 3881 373 3915 non
393 3866 489 3915 laudem
508 3819 611 3915 merui?
644 3867 675 3915 ln
710 3867 781 3921 1795,
805 3882 831 3931 p.
850 3868 874 3920 6,
894 3865 955 3928 artis
976 3865 1113 3914 dramaticre
1143 3835 1213 3912 initia
1240 3864 1271 3913 ad

112 3944 184 3978 versu
199 3929 248 3978 267
263 3945 345 3980 rocem
363 3940 445 3978 reatus
461 3945 582 3994 perperam
600 3929 672 3979 inter·
706 3930 777 3995 longe
798 3929 946 3979 remotiorem
968 3944 1042 3994 quam
1064 3927 1192 3994 'l'bespidis
1213 3937 1271 3976 eta-

112 4001 192 4058 pretes
211 3994 342 4067 explicant,
358 3994 400 4058 qui
415 3993 461 4043 sibi
475 4003 544 4043 cavet
561 4001 586 4042 et
597 3994 674 4060 prosi·
708 4001 754 4044 tem
770 3995 850 4043 refert.

112 4055 164 4114 det,
182 4058 308 4122 pmrrdus;
324 4057 397 4106 immo
414 4069 496 4108 mutus
511 4057 562 4122 jam
578 4059 675 4116 est,cui
739 4059 878 4107 276—278.
907 4059 1025 4106 Plaustris
1046 4058 1129 4105 ossius
1153 4066 1271 4117 poemate.-

113 4131 214 4170 ceutum
230 4130 255 4171 et
272 4122 392 4196 provisum
410 4132 454 4180 est,
470 4136 575 4178 semmua,
592 4131 674 4170 tutus:
708 4139 755 4172 non
772 4130 883 4188 poemata
901 4130 995 4170 tanturn
1011 4130 1036 4170 et
1059 4121 1109 4186 ipse
1127 4129 1197 4186 poeta
1214 4137 1272 4170 cunr

112 4185 562 4300 ilb‘illcllil‘lilllffl
573 4187 675 4300 itti·
709 4183 1272 4311 tltt⁰tlt⁰tlbtrttttttt¹etti*

217 4283 223 4296 ¹
279 4283 315 4298 ··
342 4285 348 4299 ·
451 4287 459 4309 s
556 4283 563 4298 ·
598 4287 605 4310 s
668 4287 675 4308 s
1148 4279 1155 4295 ’
1265 4282 1272 4296 ·

112 4324 199 4363 rosetus
209 4315 236 4362 ob
247 4317 343 4363 incursu
354 4317 418 4364 belli.
708 4315 733 4363 in
746 4315 829 4364 libello
840 4312 1157 4428 land.ep›.g{;¹peduplaustra
1167 4326 1272 4376 quoqne,

147 4379 207 4426 268.
226 4377 267 4426 Vos
277 4380 416 4439 memplario
428 4379 518 4434 Graec,
530 4386 586 4428 cett.
614 4380 675 4435 Vos,
708 4379 798 4445 quibas
817 4379 905 4428 instem
1070 4378 1126 4434 ule,
1145 4383 1214 4425 erant
1229 4391 1273 4442 pro

114 4442 226 4498 Pisones,
255 4441 330 4491 nolite
355 4458 385 4491 ex
419 4443 532 4491 manibus
560 4443 590 4492 de
623 4459 677 4493 nere
708 4443 817 4511 pulpitis.
851 4443 955 4493 Perseos
970 4445 1201 4506 pellequeboseste:
1221 4457 1273 4502 per-

114 4505 242 4574 scriptores
269 4506 378 4565 Grecos,
406 4514 434 4558 ut
455 4507 485 4556 ab
506 4507 536 4558 iis
557 4507 590 4556 im
606 4507 677 4558 ibatis
708 4526 772 4569 sene,
789 4510 864 4568 larva,
881 4525 937 4576 qua
957 4507 1086 4576 opponitur
1107 4503 1272 4562 humeribus.
