3150 5200
592 350 757 416 LIBER
781 350 808 429 1,
823 350 856 415 6.

172 506 215 570 95
238 507 419 591 Carpentes
431 505 505 580 iter,
521 512 554 567 et
569 501 691 566 fuctum
706 500 892 584 corruptius
906 499 1012 563 imbri.

239 607 377 671 Postera
392 613 568 688 tempestas
583 602 713 679 melior;
737 604 789 667 vie
803 602 896 685 pejor
911 601 953 663 ud
969 622 1073 683 usque

239 708 320 773 Bari
333 707 451 771 moenin
466 704 603 789 piscosi:
628 704 747 767 dehinc
762 702 887 765 Gnatia
902 700 1043 785 lymphis

240 810 336 874 lratis
352 816 519 873 exstructa
534 806 626 869 dedit
640 806 791 887 risusque
802 804 973 887 jocosque,

240 911 332 975 Dum
345 908 473 973 flemma
487 908 556 971 sine
572 917 645 969 ture
659 906 839 989 liquescere
853 902 963 968 limine
979 926 1073 969 suero

156 1014 219 1077 100
240 1010 446 1076 Persuadere
461 1009 569 1092 cupit:
593 1007 706 1071 credet
720 1007 860 1070 Judaeus
875 1003 1016 1088 Apella3

242 1112 321 1177 Non
335 1133 415 1195 ego:
438 1131 577 1192 nemque
593 1109 672 1172 deos
688 1109 789 1172 didici
804 1128 953 1171 securum
968 1128 1066 1191 egere
1080 1128 1203 1181 aevum3

242 1214 327 1290 Nec,
345 1214 372 1275 si
386 1211 466 1295 quid
479 1211 552 1273 miri
567 1209 666 1275 faciet
679 1220 808 1285 nature,
824 1209 905 1272 deos
919 1209 954 1272 id

243 1314 372 1377 Tristes
387 1335 429 1377 ex
444 1312 510 1375 ulto
525 1310 599 1375 coeli
615 1312 785 1375 demittere
800 1320 899 1373 teoto.

245 1413 467 1479 Brundusium
481 1413 587 1496 longae
601 1412 676 1475 finis
691 1412 878 1493 ehartaeque
894 1412 1029 1493 viaeque.

603 1713 781 1780 SATlRA
804 1714 867 1779 Vl.

246 1920 340 1995 Nou,
354 1920 442 2001 quie,
458 1918 636 1995 Maeoenss,
653 1920 822 2003 Lydorum
834 1919 990 2002 quicquid
1005 1920 1166 1984 Etruscos

246 2021 385 2086 lneoluit
396 2020 490 2097 fines,
506 2043 601 2085 nemo
616 2022 805 2105 generosior
817 2030 868 2083 est
883 2032 927 2096 te,

247 2123 321 2187 Nec
337 2123 426 2206 quod
441 2144 520 2185 eius
536 2123 596 2186 tibi
611 2133 774 2186 maternus
790 2120 852 2184 fuit
867 2132 965 2204 etque
981 2132 1147 2205 paternus,

249 2222 337 2285 Olim
351 2224 408 2306 qui
422 2224 547 2307 magnis
563 2223 750 2306 regionibus
766 2222 1000 2306 imperitarent,

206 2325 227 2385 5
249 2323 296 2387 Ut
312 2323 458 2407 plerique
474 2323 589 2399 solent,
607 2344 686 2386 naso
703 2323 876 2405 suspendis
891 2323 1021 2386 adunco

249 2425 396 2508 Ignotos,
411 2436 449 2487 ut
462 2446 513 2487 me
528 2422 680 2487 libertino
696 2434 788 2507 putre
804 2434 925 2486 natum.

249 2527 332 2590 Cum
347 2524 469 2590 referre
484 2546 595 2608 neges,
612 2524 700 2608 quali
716 2525 758 2587 sit
772 2524 911 2607 quisque
926 2534 1061 2608 parente

163 2707 229 2754 usui.
270 2709 390 2758 Posterior
406 2717 470 2759 eurts
491 2710 552 2758 rstio
573 2718 610 2759 est
630 2708 721 2772 gravis·
755 2716 871 2764 amentes,
894 2723 931 2756 res
953 2707 1069 2755 humanas
1091 2722 1140 2756 non
1162 2721 1257 2756 cumis:
1282 2707 1315 2756 ei.

163 2769 234 2819 sime.
756 2773 855 2820 Lueret.
866 2771 900 2828 vi,
912 2772 954 2819 57.

195 2835 238 2907 ⁹4:
255 2835 341 2907 Βιιὸοι,
353 2853 417 2886 nunc
428 2837 505 2911 iinon
523 2837 722 2910 Lelegum—item
791 2837 845 2882 10³.
863 2836 955 2908 Trina,
967 2833 1085 2908 ejusmodi
1101 2849 1178 2882 rerum
1194 2848 1252 2882 euru
1264 2846 1315 2882 tur·

163 2897 724 3034 sternumentum
756 2899 1316 3024 '‘tti‘ffutnttlt‘ttttnmn

165 3025 223 3073 ltm-
234 3042 259 3090 p.
273 3027 329 3084 116,
341 3027 471 3076 distabant.
756 3026 871 3088 longioris
881 3024 980 3079 itineris,
992 3024 1157 3072 Brundusium
1168 3023 1235 3078 lecti,
1245 3024 1315 3072 linie-

197 3089 240 3162 9⁷:
256 3090 315 3137 Buri
330 3094 421 3140 menie.
455 3089 724 3163 Buiium‚oppidumin
756 3099 796 3162 tur
806 3105 902 3155 qnoque
912 3089 958 3136 hoe
969 3088 1047 3152 ipsum
1062 3102 1158 3136 carmen
1173 3087 1246 3152 paulo
1263 3088 1315 3136 lon·

165 3151 258 3216 Apulis
289 3154 404 3204 Penestis
441 3155 594 3210 maritimum,
624 3167 725 3218 pisorum
757 3169 819 3217 gius.

165 3223 306 3279 captumst
317 3227 456 3267 mercaturus
465 3235 497 3292 op
529 3227 634 3266 munem.
658 3217 725 3264 Gue-

165 3281 202 3326 tiu
227 3279 277 3328 sive
302 3281 414 3343 Egnatia,
436 3297 492 3346 eppr
511 3298 550 3329 um
578 3281 722 3329 maritimum
866 3342 871 3352 ·
936 3278 1068 3328 SATIRA
1087 3279 1153 3352 Vl..
1219 3342 1224 3351 ¹
1255 3341 1260 3350 Ι

167 3343 248 3404 (nuno
259 3343 390 3407 Monopeii)
396 3363 404 3402 ,·
421 3345 532 3408 Lymphis
539 3345 611 3393 lrutis
621 3354 722 3392 restrue-
788 3345 911 3398 Horatius,
921 3353 1047 3406 postquam
1055 3352 1174 3406 exposuit,
1184 3342 1243 3416 quid
1254 3342 1317 3390 illud

167 3414 202 3462 ru,
213 3406 307 3468 (Sobel.
319 3408 409 3472 Cruq.)
420 3411 456 3457 oet
471 3412 525 3472 quia
543 3419 594 3472 eget
604 3411 677 3471 equis,
688 3409 724 3455 uei
756 3407 828 3456 tuerit
844 3422 892 3482 qno
910 3407 1010 3469 gretiam
1024 3407 1167 3455 Maecenatis
1181 3405 1233 3480 sibi
1247 3421 1314 3480 pom·

167 3473 227 3531 quud
243 3486 280 3518 sus
296 3473 366 3521 subus
382 3475 449 3521 isin
465 3481 487 3520 et
503 3489 603 3530 umarus,
614 3474 649 3520 vel
665 3474 724 3533 quod
756 3479 882 3537 perorent,
893 3485 974 3518 verum
986 3470 1082 3518 laudem
1097 3484 1146 3516 non
1156 3470 1254 3518 enebilr
1266 3471 1319 3519 looo

165 3536 192 3579 in
202 3536 259 3594 pede
269 3538 351 3583 montis
361 3538 408 3584 sito
417 3546 466 3594 est,·
483 3538 504 3584 ei
521 3538 606 3584 idcireo
616 3539 724 3584 videnter
756 3551 805 3647 pue
821 3535 877 3599 quis
893 3542 964 3582 natus
981 3533 1021 3589 sit,
1033 3532 1077 3582 sed
1088 3549 1103 3580 a
1112 3533 1200 3583 unus
1211 3543 1318 3598 repeten-

167 3613 231 3658 uquae
241 3601 320 3654 nasci,
332 3616 385 3646 enm
400 3609 511 3649 ineuntes
522 3601 550 3648 de
559 3601 671 3647 monimus
682 3601 725 3646 im·
776 3614 816 3648 sm
825 3613 877 3646 esse
889 3597 1000 3645 ostendit.

164 3669 222 3720 putu
232 3677 316 3724 magno
331 3665 476 3712 decurrentes
490 3679 544 3724 supe
555 3678 651 3724 mugnus
663 3664 726 3710 urbis
795 3663 867 3710 l-ti.
886 3661 948 3714 Non,
964 3663 1029 3723 quin,
1044 3671 1101 3709 cett.
1117 3677 1214 3710 sensus:
1232 3677 1319 3725 quem·

166 3734 246 3784 peries
253 3727 364 3774 diruunt.
759 3726 805 3781 vis,
818 3725 950 3779 mecenas,
964 3724 1072 3771 emnium
1086 3726 1242 3773 Etruscomm
1255 3735 1282 3773 tu
1293 3741 1321 3773 es

201 3787 244 3835 99.
263 3787 325 3834 Dum
331 3791 430 3852 flumme
446 3792 503 3846 sine,
515 3796 572 3837 cett.
584 3789 648 3838 Rem
659 3789 726 3837 illue·
760 3787 961 3852 generosissimus,
970 3795 994 3835 et
1002 3803 1044 3852 pru
1053 3789 1144 3852 origine
1155 3799 1197 3836 tue
1208 3805 1238 3837 ex
1249 3797 1320 3851 gente

168 3857 215 3897 trut
235 3849 333 3898 Plinius
350 3853 385 3900 H.
397 3854 432 3902 N.
450 3853 476 3910 ii,
490 3854 546 3907 111,
563 3852 592 3900 ln
610 3854 728 3902 Salentino
761 3851 843 3901 Cilnie
854 3850 1033 3911 nobilissimus]
1050 3851 1204 3908 tamen,dum
1214 3851 1274 3899 nihil
1285 3867 1321 3900 re·

168 3915 250 3974 oppido
273 3914 377 3976 Egnatia
400 3919 503 3978 imposito
525 3917 588 3979 ligno
605 3920 630 3964 in
650 3933 729 3964 susum
762 3915 822 3964 ferre
838 3913 968 3968 existimes,
980 3915 1047 3978 quali
1063 3924 1130 3981 patre
1146 3914 1236 3978 uliquis
1252 3923 1324 3963 natus

168 3979 283 4038 quoddam
294 3981 327 4026 ibi
338 3995 438 4034 unum,
450 3980 681 4043 protinnsflummum
691 3996 728 4027 ss·
762 3979 803 4033 sit,
822 3977 901 4032 mode,
917 3987 945 4026 ut
962 3978 1031 4028 decet
1049 3978 1175 4041 ingennus,
1195 3977 1324 4026 liberaliter

169 4043 238 4088 istere
257 4042 391 4103 (reperitur
408 4046 471 4104 opud
489 4043 624 4105 auctorem
650 4042 683 4090 cl.
700 4043 731 4090 de
763 4041 860 4096 sentiat,
873 4041 1012 4103 neutiquam
1028 4058 1059 4090 ex
1076 4056 1141 4090 more
1159 4041 1276 4090 nobilium
1287 4041 1323 4105 ig·

171 4103 216 4151 lieo
234 4119 259 4151 re
277 4105 376 4154 Horetio
386 4105 520 4154 incredibili
532 4107 632 4154 Salmas.
643 4106 674 4154 ed
687 4110 731 4154 So·
764 4105 866 4159 nobiles,
883 4112 910 4152 ut
928 4121 975 4159 me,
994 4105 1037 4179 qui
1054 4105 1164 4153 libertino
1175 4115 1242 4169 patre
1253 4116 1325 4154 natus

170 4167 214 4214 lin.
225 4182 248 4214 o.
261 4169 286 4214 5.
764 4185 828 4224 sum,
846 4169 895 4214 alto
914 4169 1042 4232 supercilio
1061 4168 1173 4233 despicis.
1207 4169 1325 4232 Lydorum

204 4231 261 4277 100.
277 4231 374 4280 iudeus
385 4233 477 4295 Apella,
490 4241 561 4280 notus
572 4232 669 4296 quidem
681 4242 733 4280 tum
779 4234 875 4294 sicquid
882 4231 991 4279 Etrusoos
1001 4233 1103 4281 incoluit
1104 4234 1176 4296 fines,
1185 4249 1261 4279 nemo:
1270 4233 1326 4280 nul·

170 4292 483 4357 temporisJudaeus,homo
494 4296 681 4360 superstitiosus,
693 4297 734 4345 eui
776 4311 807 4343 us
822 4295 930 4343 omnium
948 4294 990 4359 qui
1006 4312 1037 4344 ex
1055 4295 1134 4370 Lydis
1150 4295 1283 4359 migrarunt
1300 4296 1326 4344 in

170 4357 317 4406 nomentuit
328 4360 419 4420 Apelle.
765 4359 902 4418 Etnrriam3
933 4375 975 4423 pru
996 4360 1098 4424 vulgum,
1119 4360 1200 4409 nullus
1217 4361 1327 4408 emnium

207 4421 262 4468 101.
281 4420 386 4484 iilumque
393 4426 443 4470 dees
453 4425 535 4480 didici,
543 4432 600 4473 cett.
607 4439 663 4472 num
673 4423 731 4488 Epi·
765 4424 932 4471 Etruseorum:
945 4424 1053 4488 sequitur
1060 4432 1141 4472 autern
1150 4423 1266 4472 Horatius
1275 4441 1326 4481 eos,

170 4499 244 4532 eurus
278 4484 368 4554 doouit,
397 4485 462 4544 deos,
494 4485 659 4551 imperturbati
689 4487 732 4536 otii
765 4487 808 4551 qui
820 4497 910 4536 veteres
926 4488 1029 4536 Etruriae
1047 4487 1145 4536 colonos
1163 4486 1329 4552 Lydosluisse
