3150 5200
641 329 644 336 '
742 355 1037 421 crannum

466 507 506 571 15
529 507 654 594 Imbelli
669 507 794 573 cithara
809 509 950 572 carmina
964 509 1109 574 divides:

612 611 846 695 Nequidquam
861 609 1002 674 thalamo
1016 633 1131 695 graves

528 713 663 790 Hastae,
679 723 713 776 et
727 710 840 776 calami
854 711 979 796 spicula
993 712 1113 777 Gnosii

526 816 669 892 Vitabia,
685 815 933 899 strepitumque,
948 825 982 878 et
996 814 1134 878 celerem
1148 815 1242 897 sequi

527 918 663 1004 Ajacem
678 943 685 981 ι
709 927 827 993 tamen,
842 916 919 993 heu,
936 939 1028 980 serus
1043 915 1209 980 adulteros

463 1021 505 1084 20
614 1020 730 1084 Crines
745 1018 878 1103 pulvere
893 1017 1037 1082 collines.

524 1122 604 1187 Non
620 1121 831 1195 Laertiaden,
846 1120 981 1183 exitium
995 1129 1061 1183 tuae

526 1223 656 1300 Gentis,
672 1244 738 1287 non
753 1221 882 1305 Pylium
897 1221 1043 1285 Nestora
1056 1222 1216 1307 respicis?

528 1324 659 1409 Urgent
674 1325 828 1408 impavidi
841 1335 874 1387 te
890 1322 1084 1387 Salaminius

613 1427 755 1504 Teucer,
772 1424 996 1490 te.Sthenelus
1012 1427 1118 1490 sciens

462 1529 505 1592 25
527 1528 664 1613 Pugnae,
682 1529 748 1592 sive
764 1550 847 1611 opus
862 1537 913 1591 est
928 1527 1112 1611 imperitare
1127 1527 1231 1610 equis,

527 1630 607 1694 Non
621 1630 734 1714 auriga
748 1630 851 1714 piger.
898 1628 1072 1693 Merionen
1087 1651 1218 1713 quoquc

527 1730 666 1796 Nosces
713 1731 803 1795 Ecce
817 1729 895 1793 furit
910 1741 943 1794 te
958 1733 1101 1814 reperire
1117 1743 1213 1796 atrox

611 1832 772 1917 Tydides,
788 1832 900 1896 melior
915 1843 1028 1916 patre:

528 1936 636 2010 Quem
651 1947 697 2014 tu,
714 1957 828 2000 cervus
843 1935 891 1997 uti
907 1934 996 1997 vallis
1012 1936 1046 1998 in
1060 1934 1162 1998 altera

459 2037 502 2101 30
524 2036 642 2101 Visum
656 2049 749 2121 parte
765 2036 877 2120 lupum
892 2038 1044 2120 graminis
1059 2038 1234 2112 immemor,

311 2232 412 2282 maxime
429 2231 491 2280 hosti
507 2231 621 2288 timenda,
633 2231 736 2281 suaviter
746 2239 818 2298 poeta
827 2247 868 2280 ce·
901 2231 975 2280 luisse
981 2231 1147 2297 perhibeam
1170 2230 1277 2279 hircini.
1287 2246 1384 2295 quoque
1394 2247 1464 2280 ιιιιιι

309 2297 373 2355 teris,
390 2296 479 2361 quibus
489 2295 601 2344 Minerva
617 2295 647 2344 ad
664 2311 770 2363 pugnam
788 2313 814 2348 se
831 2296 869 2344 in·
903 2296 1020 2358 cydonius
1031 2295 1064 2352 iv,
1074 2299 1099 2352 9,
1113 2297 1160 2345 17,
1186 2296 1323 2358 Strepitum,
1333 2295 1463 2344 tumultum

311 2363 424 2419 struebat,
435 2359 506 2408 armis
515 2361 648 2424 subjungit.
682 2361 795 2410 Ceterum
806 2377 869 2426 pug-
900 2360 1026 2418 bellicum,
1055 2375 1175 2408 armorum
1206 2360 1320 2408 sonitum.
1364 2360 1464 2407 Celerem

311 2437 371 2472 nans
382 2433 465 2473 contm
475 2423 592 2488 Trojanos
603 2425 713 2472 Minerva
724 2440 753 2473 ex
765 2425 870 2474 Homero
901 2428 964 2534 ἴφια·
979 2425 1064 2473 Graece
1078 2439 1130 2490 pro,
1143 2424 1245 2474 celerem
1262 2424 1289 2472 ia
1299 2423 1464 2489 persequendo

310 2487 369 2536 satis
380 2495 437 2536 uota
448 2494 492 2536 cst.
918 2497 977 2536 oste.

344 2553 448 2601 13-15.
467 2550 626 2615 Nequidquam
644 2551 736 2601 Veneris
752 2553 867 2616 prasidio,
934 2553 973 2609 19,
980 2554 1022 2602 20.
1041 2553 1133 2609 Tamen,
1142 2553 1270 2610 brunerus,
1278 2557 1336 2601 cett.
1344 2566 1399 2600 cum
1408 2566 1464 2617 par·

309 2623 367 2666 cett.
384 2615 497 2665 Similiter
508 2615 611 2671 Paridis,
619 2624 715 2665 externo
726 2617 806 2666 sonno
817 2632 868 2665 eun
899 2616 981 2666 ticulre
1007 2618 1463 2681 nequidquam—uitatis-temen-col-

310 2680 379 2729 cultu
391 2687 415 2729 at
425 2679 533 2728 dulcium
545 2680 677 2728 carminum
689 2690 763 2730 cantu
774 2678 869 2728 leminis
901 2682 958 2728 lines
973 2697 1058 2747 parum
1078 2680 1124 2727 sibi
1145 2681 1318 2747 respondeam
1336 2682 1365 2729 τὸ
1385 2690 1465 2728 maren

309 2744 404 2809 placere
415 2742 541 2801 studentis,
553 2742 687 2800 mollitiem,
700 2754 821 2811 utparum
837 2744 868 2791 ad
899 2744 960 2793 refer
975 2746 1006 2793 ad
1022 2745 1134 2792 omissam
1152 2745 1294 2811 particulam
1311 2746 1423 2807 ριαιιιίι,
1439 2751 1465 2792 et

309 2808 401 2857 cedem
426 2808 549 2857 vitandam
575 2808 598 2857 ei
625 2808 780 2873 profuturam,
805 2808 869 2872 apud
897 2808 942 2873 jun
974 2809 1399 2875 ,quamviarenu‚tamen-colliner.
1425 2807 1465 2855 Si·

310 2873 409 2922 Homer.
420 2872 494 2921 Iliad.
510 2871 544 2931 iii,
558 2875 598 2929 54,
610 2875 651 2930 55,
670 2872 746 2939 carpit
762 2874 867 2921 Hectore
901 2873 944 2919 mil
955 2874 1004 2921 ima
1014 2871 1128 2921 orationis
1138 2881 1259 2921 structura
1268 2881 1306 2921 est
1315 2871 1380 2937 apud
1392 2870 1465 2935 Virg.

310 2936 361 2986 Oris
379 2937 413 2987 ἇν
424 2955 459 2986 τοι
480 2937 590 3002 χραίσμῃ
608 2938 712 3001 κίθαρις,
724 2936 755 2986 rd
771 2954 797 2986 τι
813 2934 870 2999 δῶρ’
902 2936 958 2985 Ecl.
981 2938 998 2995 i,
1020 2939 1062 2993 28,
1082 2938 1196 2994 Libertas,
1219 2955 1277 3000 que,
1301 2952 1360 2992 seru,
1386 2946 1466 2983 maren

308 2999 462 3065 Ἀφροδίτης,
468 3000 501 3051 “H
515 3018 539 3050 ra
549 3002 622 3065 κόμη,
634 3001 697 3050 τότε
712 3000 782 3059 εἶδος,
793 2999 828 3049 ὅτ’
839 3000 868 3050 lv
900 3004 997 3062 respexit
1009 3004 1119 3058 mertem,-
1136 3002 1179 3049 ubi
1195 3000 1284 3065 pariter
1295 3000 1326 3048 ad
1341 3016 1392 3048 sero
1403 3014 1465 3065 sup·

307 3066 403 3131 noviper
412 3064 515 3131 μιγείης.
549 3066 629 3122 Feror,
642 3065 713 3113 nimis
724 3074 749 3114 et
761 3064 869 3114 ferociter
900 3065 1016 3129 piendum
1037 3072 1081 3121 eat,
1102 3068 1212 3127 quumvis.
1245 3066 1366 3113 acaum
1386 3066 1464 3112 crinea

307 3131 421 3179 confisus.
455 3130 540 3186 Grata,
562 3128 586 3177 h.
604 3144 625 3177 e.
643 3130 734 3186 dulcia,
754 3128 869 3178 amatoria
897 3132 994 3189 puluere
1004 3130 1105 3185 callim,
1118 3128 1143 3176 h.
1155 3145 1178 3177 e.
1191 3129 1289 3193 pulvere
1299 3127 1404 3177 ioedahis
1414 3129 1465 3177 cri-

307 3209 361 3243 nem
396 3231 402 3251 ‚
422 3193 479 3242 hinc
500 3195 600 3251 eithara,
619 3209 668 3258 qua
686 3210 723 3242 rea
741 3194 868 3242 amatorias
900 3208 944 3241 nes
963 3193 1084 3257 eleganter
1101 3192 1263 3243 adulterorum
1279 3208 1343 3241 more
1359 3200 1464 3251 comtos,

307 3274 367 3307 cane
386 3257 495 3314 atl’aria,
504 3257 641 3306 contemtim
651 3266 749 3307 vocatur
756 3259 866 3314 imbellia
899 3255 916 3303 i.
923 3272 946 3306 e.
954 3256 1120 3315 tnrcidaberis,
1130 3265 1156 3305 et
1161 3266 1236 3305 morte
1243 3257 1352 3306 adulterii
1363 3272 1465 3320 poeaam

307 3321 399 3370 cithara
410 3320 507 3385 quidem
519 3321 627 3369 Achilles
639 3337 733 3397 quoque
751 3321 868 3371 cecinisse
900 3320 961 3369 lues.
1004 3322 1072 3385 Virg.
1096 3323 1154 3369 AEn.
1174 3322 1216 3378 xii,
1236 3324 1278 3377 99,
1304 3322 1342 3369 Du
1363 3329 1467 3369 sternere

307 3384 396 3433 dicitur
414 3384 478 3449 apud
494 3385 593 3433 Homer.
609 3385 682 3433 Iliad.
698 3401 731 3443 rx,
747 3388 809 3443 1893
825 3385 868 3435 scd
899 3385 1119 3449 eorpus-Semiviri
1143 3386 1254 3449 Phrygis,
1277 3394 1300 3433 et
1319 3385 1415 3451 sedare
1437 3388 1467 3434 ιἰι

307 3446 328 3495 is
349 3446 410 3498 ἄειδε
435 3446 455 3496 δ’
477 3448 529 3513 α’ρα
551 3448 611 3497 κλέα
631 3448 737 3515 ἀνδρῶν.
780 3451 870 3561 ΙιιἹιιι
900 3452 994 3511 pulvere
1003 3452 1086 3496 crines.

308 3510 444 3561 Alexander
460 3514 499 3561 M.
516 3527 564 3559 non
583 3512 686 3571 Paridis,
706 3514 747 3562 sed
765 3513 828 3561 Acti
839 3514 870 3562 lis
933 3515 1039 3562 21—26.
1051 3512 1390 3575 NonLamiadeu-reepr'cis?
1407 3513 1466 3562 Aa·

307 3575 728 3627 citharamviderevoluissedicitur.
758 3578 869 3627 Carmina
901 3591 949 3625 uon
968 3578 1023 3626 tel
1055 3574 1141 3625 'entem
1160 3577 1273 3649 persequi
1292 3576 1467 3625 animadvertis

307 3640 505 3705 diuidesseminis.
539 3641 648 3688 Carmina
664 3642 869 3706 diuiderefemr'nir
902 3642 1022 3716 Ulyssem,
1069 3640 1125 3690 ertia
1133 3640 1227 3688 lilruml
1261 3642 1465 3705 Ulysseaautem‚

305 3712 351 3761 est,
367 3704 437 3752 modo
454 3703 511 3753 huic
524 3703 594 3751 modo
612 3704 654 3752 alii
664 3703 758 3753 femiam
770 3720 866 3755 emmer
898 3722 957 3779 qma
965 3705 1051 3771 partim
1060 3705 1172 3753 Palladio
1179 3714 1295 3770 surrepto,
1304 3704 1390 3770 partim
1400 3718 1465 3753 con-

306 3782 408 3830 canera3
426 3766 498 3816 simili
510 3767 579 3817 modo
589 3770 666 3817 osculo
676 3770 779 3817 dividere
790 3768 836 3817 inl.
847 3769 865 3828 i,
897 3769 961 3826 silio,
971 3770 1002 3818 de
1015 3769 1058 3817 illo
1073 3784 1136 3833 equo
1151 3769 1231 3831 ligneo
1241 3768 1383 3817 aedificando
1393 3767 1464 3826 dato,

307 3832 347 3888 ³6,
361 3835 386 3881 5.
897 3834 996 3883 exitium
1009 3834 1102 3899 pararit
1115 3834 1181 3897 genti
1196 3834 1318 3898 Trojano,
1330 3834 1384 3898 ipse
1393 3848 1466 3882 uuae

340 3896 445 3945 16-18.
462 3896 579 3954 Hammo,
590 3896 616 3943 h.
625 3912 647 3944 a.
658 3896 683 3945 iu
694 3895 811 3952 thalamo,
823 3898 865 3945 ubi

308 3960 392 4010 Venus
405 3960 525 4018 Paridem,
538 3976 610 4025 quem
625 3960 677 4027 ipsa
688 3974 718 4008 ex
729 3976 811 4026 pugna
821 3963 867 4010 eri·
897 3912 1017 4011 illarum
1032 3962 1140 4009 imitatas
1156 3969 1193 4009 est
1209 3961 1313 4009 Ovidius
1332 3962 1396 4009 Met.
1407 3960 1466 4019 xiii,

304 4035 397 4089 puerat,
409 4032 487 4073 tutum
500 4040 514 4072 a
526 4024 591 4074 caede
602 4034 714 4101 prestare
726 4026 821 4090 volebat
830 4042 867 4074 se·
900 4028 957 4084 ⁶00,
969 4026 1012 4075 ubi
1028 4026 1132 4074 Hecuba
1142 4024 1266 4073 Achillem
1280 4029 1376 4074 esitium
1388 4024 1467 4088 Troiae

304 4088 694 4146 cundumHomer.llird.iri‚882.
713 4090 867 4147 Graumhe.
900 4090 1019 4155 appellat;
1036 4098 1061 4137 et
1076 4089 1111 4139 sic
1129 4089 1194 4154 apud
1212 4092 1297 4139 Seuer.
1314 4091 1389 4138 Herc.
1401 4088 1468 4139 fur.

303 4152 432 4211 timendas,
454 4160 483 4201 ut
503 4169 557 4218 sup.
580 4156 605 4211 2,
627 4156 668 4211 22,
683 4154 757 4203 Perse
776 4172 868 4219 paves.
900 4156 957 4212 ³58,
982 4156 1084 4219 Megara
1110 4154 1141 4202 de
1163 4154 1239 4218 Lyco,
1264 4155 1381 4208 Quidnam
1406 4155 1467 4210 irre,

306 4218 623 4281 Culumirpicrrlo‚sagittas,
637 4219 700 4279 tela3
717 4218 799 4267 Gnosii
814 4234 865 4283 pro,
898 4222 971 4266 nostri
996 4218 1356 4276 eaerirmitiumocluer,Noui
1371 4221 1470 4278 purat?

305 4280 404 4339 Cretici,
416 4296 430 4329 a
446 4282 504 4330 satia
519 4282 593 4330 nobili
606 4282 684 4331 Creta
700 4283 759 4330 urbe
772 4283 866 4340 Gnoso,·
898 4283 971 4331 simili
979 4236 1096 4347 loquendi
1108 4298 1194 4343 genere
1207 4283 1276 4331 Thais
1286 4281 1351 4347 apud
1361 4282 1469 4331 Terent.

304 4345 398 4407 sagitte
410 4345 511 4402 scilicet,
524 4360 538 4393 e
549 4359 628 4394 canna
638 4344 733 4395 Cretica
750 4346 828 4401 lacte,
841 4345 867 4394 in
899 4346 1041 4402 Eunuchi,
1055 4349 1077 4403 1,
1087 4348 1129 4395 34.
1138 4345 1227 4395 dicitur
1229 4347 1308 4410 fundi
1319 4347 1445 4395 minuitas
1457 4364 1469 4405 ,-

304 4409 507 4472 praestantissimis
515 4407 673 4466 habebantur,
681 4409 724 4457 eti
742 4409 762 4456 si
773 4409 865 4468 Cretes,
898 4412 981 4476 itaque
998 4426 1046 4461 aon
1065 4426 1136 4485 opus,
1154 4418 1183 4458 ut
1197 4409 1223 4458 in
1242 4419 1323 4459 aosuo
1345 4409 1400 4457 loco
1417 4426 1470 4475 pro

304 4486 365 4535 quos
387 4481 469 4520 contra
487 4472 604 4547 Trojanos
629 4472 700 4545 duxit
723 4425 867 4545 idomeneus
914 4479 1039 4524 maiacum
1049 4476 1195 4549 quibusdam
1209 4472 1391 4539 legaturgenti,
1420 4490 1470 4524 uae

305 4534 418 4599 (Homer.
434 4536 506 4584 Iliad.
522 4552 548 4594 n,
563 4536 633 4601 64⁶),
650 4544 732 4601 optimi
750 4537 867 4601 sagittarii
896 4492 1014 4605 loquendi
1024 4547 1084 4589 ratio
1097 4540 1171 4607 paulo
1180 4539 1263 4589 durior
1271 4537 1374 4589 ridetur.
1433 4556 1470 4605 9-

939 3899 1000 3947 viter
1014 3901 1090 3972 gentis
1109 3896 1220 3962 'l'rojaam
1239 3900 1334 3946 exitium
1352 3905 1467 3945 vocatur.
