3150 5200
605 348 769 415 LIBER
791 350 820 427 I,
842 350 873 414 5.

248 495 423 574 Cocceium
446 498 535 562 missi
549 501 675 583 magnis
689 502 731 565 de
746 502 846 565 rebus
860 510 998 583 uterque

249 597 377 681 Legati,
394 620 524 663 aversos
540 600 626 665 soliti
641 622 835 685 componere
850 602 982 664 amicos.

183 698 227 761 30
247 697 314 762 Hic
328 700 432 764 oculis
447 723 510 785 ego
523 702 617 786 nigra
630 704 710 766 meis
724 702 858 785 collyria
870 701 982 785 lippus

247 798 387 865 Illinere.
432 801 562 867 Interea
577 803 743 868 Maecenas
758 804 901 879 advenit,
917 814 1016 887 atque

251 900 420 979 Cocceius,
436 902 619 987 Capitoque
633 905 727 967 simul
742 905 911 980 Fonteius,
926 903 970 967 ad
984 924 1126 987 unguem

249 1001 371 1066 Factus
386 1002 494 1079 homo,
510 1003 647 1080 Antoni,
663 1026 728 1069 non
742 1015 780 1068 ut
793 1006 897 1088 magis
912 1005 1005 1081 alter,
1021 1006 1153 1068 amicus.

249 1101 384 1167 Fundos
399 1104 537 1171 Aufidio
553 1106 662 1170 Lusco
676 1116 818 1190 praetore
832 1106 973 1169 libenter

185 1204 228 1267 35
251 1204 456 1287 Linquimus,
472 1206 577 1269 insani
592 1207 735 1270 ridentes
751 1206 885 1290 praemia
898 1206 1026 1283 scribas,

252 1304 461 1383 Praetextam‚
477 1317 511 1371 et
524 1307 624 1371 latum
639 1307 777 1384 clavum,
792 1328 971 1392 prunaeque
984 1304 1142 1370 batillum.

251 1404 291 1469 In
306 1404 547 1471 Mamurrarum
560 1406 638 1471 lassi
652 1409 772 1472 deinde
787 1409 869 1471 urbe
884 1428 1062 1482 manemus,

252 1504 404 1570 Muraena
418 1509 586 1591 praebente
602 1509 743 1586 domum,
761 1509 921 1593 Capitone
936 1508 1086 1572 culinam.

253 1606 392 1671 Postera
404 1606 463 1671 lux
477 1609 581 1671 oritur
594 1609 696 1673 multo
709 1610 909 1693 gratissima:
933 1629 1072 1693 namque

188 1706 232 1769 40
253 1706 380 1772 Plotius
396 1720 430 1772 et
444 1708 565 1773 Varius
581 1710 756 1788 Sinuessae,
773 1710 999 1793 Virgiliusque

255 1807 460 1887 Occurrunt3
484 1812 609 1888 animas,
625 1811 737 1895 quales
752 1833 858 1894 neque
872 1811 1079 1875 candidiores

168 1941 211 1990 sed
228 1940 310 1989 Schol.
329 1941 429 2006 Porph„
447 1958 501 1991 sera
517 1946 639 1993 candentia
657 1945 729 1993 stulte
794 1945 900 1993 :tt-so.
918 1945 1020 2001 Fundos,
1031 1958 1129 2009 parma
1146 1940 1172 1989 in
1183 1938 1223 1987 nia
1240 1936 1322 2002 Appia

166 2004 234 2118 apg
263 2012 281 2061 t,
291 2004 353 2053 calci
364 2006 495 2069 coquendus
506 2007 637 2081 aptissima.
761 2010 922 2071 municipium,
934 2007 985 2057 sive
1003 2006 1134 2057 secundum
1150 2004 1247 2052 Festum
1261 2017 1320 2073 pre·

237 2071 470 2126 ..torreor-amieos,
482 2072 524 2119 ubi
535 2070 595 2119 eiter
605 2072 636 2119 ab
646 2072 729 2128 altero,
755 2070 885 2135 secturam,
907 2070 1061 2119 Tarracinam
1083 2070 1145 2117 inter
1167 2074 1191 2115 et
1213 2065 1322 2112 Pormras

168 2133 233 2181 iacto
247 2132 358 2189 discidio,
370 2133 496 2193 avertitur;
512 2134 620 2198 intellige
631 2136 729 2199 Augus·
762 2135 842 2192 sitam,
861 2134 902 2182 eui
919 2143 1019 2199 preerat
1036 2148 1110 2188 nune,
1127 2148 1143 2179 a
1162 2136 1261 2194 praetore
1280 2141 1321 2173 ur·

170 2206 220 2249 turn
237 2206 261 2245 et
272 2196 420 2245 Antonium:
439 2197 520 2245 Schol.
533 2199 616 2263 Cruq.,
628 2201 663 2246 nt
678 2201 728 2247 An·
761 2198 833 2253 bano
843 2196 982 2254 atridetur,
993 2213 1022 2247 eo
1032 2197 1212 2251 missas,vanus
1223 2188 1322 2263 quidam

170 2264 232 2309 tenio
241 2260 411 2325 niumfueret
420 2260 528 2309 Fonteius
536 2262 617 2323 Capito
626 2264 729 2325 tegatur,-
761 2260 842 2317 homo,
855 2261 967 2309 Aufidius
978 2263 1081 2315 Luscus,
1093 2257 1172 2308 scriba
1184 2256 1237 2328 (ma
1254 2260 1322 2327 retra

169 2329 198 2373 ab
216 2326 322 2387 Augusto
338 2324 458 2381 Mecenas,
473 2328 624 2373 intercedente
642 2328 732 2375 Cocceio
762 2332 831 2373 tuum
842 2324 868 2372 in
878 2325 950 2373 rebus
965 2324 1049 2373 litteris
1064 2320 1206 2371 mandanda
1253 2332 1322 2365 mim·

172 2389 259 2445 Νηυα,
276 2404 359 2449 monor
378 2388 459 2435 Nerua
477 2392 628 2449 imperatoris,
647 2394 688 2453 qui
707 2401 729 2438 et
762 2380 1323 2499 ster),‹pri,quasiipseessetpretor,extsmi¹

170 2454 276 2515 Aegruto
285 2460 307 2499 et
315 2453 414 2499 Antonio
422 2462 506 2515 gratur
515 2462 574 2509 erut,
581 2470 633 2501 eant
641 2456 729 2517 Agrip·
761 2452 806 2499 ins'
842 2453 850 2498 i
867 2466 905 2507 os,
916 2459 1037 2516 praetexta,
1048 2451 1097 2499 lato
1108 2466 1122 2497 c
1132 2464 1186 2501 aro,
1197 2462 1226 2495 ac
1237 2460 1322 2509 pmuae

170 2533 216 2576 ρας
236 2532 262 2564 en
282 2524 358 2563 autem
377 2516 506 2563 conditione
525 2529 677 2566 rennuerunt
697 2518 729 2565 tr-
761 2515 855 2570 hetilo,
873 2514 980 2580 praetoris
997 2513 1138 2577 dignitatem
1156 2510 1257 2558 ridicule
1286 2523 1324 2581 ¹rar

168 2583 231 2644 goti,
242 2589 270 2628 ut
283 2582 311 2628 de
324 2596 411 2628 summo
425 2596 503 2628 rernm
513 2589 651 2638 tractarent,
662 2599 726 2630 eror-
759 2594 785 2628 se
806 2580 865 2629 terre
887 2587 912 2627 et
934 2580 1073 2628 mimulam
1094 2576 1215 2625 studebat.
1285 2586 1325 2620 rae

172 2655 261 2707 tnnqrre
271 2646 429 2692 theutonem
440 2646 502 2692 inter
511 2647 567 2692 dnos
581 2647 620 2692 hor
630 2649 728 2707 tmpera-
762 2643 886 2698 Horatios,
896 2643 968 2705 quasi
984 2643 1038 2708 ejus
1055 2643 1100 2692 iter
1116 2639 1148 2690 ad
1164 2654 1202 2712 res
1218 2636 1327 2700 insigues

170 2718 229 2757 tores
248 2717 421 2770 comportorem
443 2710 502 2770 quod
529 2717 551 2756 et
562 2708 685 2773 jecerunt,
707 2717 730 2757 et
761 2708 808 2756 sub
836 2707 977 2756 assimulata
1002 2707 1096 2755 Aufidii
1121 2706 1197 2752 Lusor
1222 2710 1326 2766 pratum

171 2781 295 2834 mnusque
311 2774 435 2819 eaerettum
443 2775 518 2832 jutta
529 2771 690 2820 Brundusium
703 2775 729 2820 in
761 2781 841 2834 gestas
851 2770 998 2836 pertinuerit,
1015 2770 1079 2818 saise
1090 2777 1117 2818 et
1128 2769 1219 2832 jocose,
1233 2765 1328 2827 Aufidio

172 2853 221 2884 una
238 2844 314 2882 cestra
330 2852 383 2882 cum
399 2851 484 2897 magna
502 2837 584 2884 letitia
600 2847 731 2900 coegerant,
765 2835 840 2884 lusco
865 2845 961 2896 praetore
988 2835 1086 2894 fundos
1110 2834 1244 2894 linquimus.
1287 2827 1328 2903 lde

173 2899 285 2962 utrefsrt
298 2898 351 2945 Lis.
363 2899 404 2945 tit.
415 2902 497 2948 servii.
764 2901 844 2948 scribis
872 2899 1013 2953 Questoriis,
1042 2898 1169 2950 AEdiiirr'is,
1200 2893 1328 2962 Pratortttr

204 2963 246 3009 ³0.
274 2961 381 3023 Lippus:
403 2962 468 3024 quod
484 2963 536 3036 jam
563 2961 686 3018 Horatius,
708 2978 734 3012 aa
767 2971 825 3011 cett.
836 2962 861 3010 in
872 2961 982 3010 decurias
998 2959 1123 3026 descriptis
1134 2957 1184 3006 vid.
1196 2957 1291 3003 Ernest.
1301 2968 1329 3000 ra

174 3026 275 3074 Anxure
293 3035 321 3072 ut
341 3025 460 3074 homiuem
477 3026 570 3100 lippum
588 3025 665 3076 oculis
685 3027 734 3074 suis
767 3025 903 3076 Claucic.
919 3040 974 3073 av.
989 3026 1079 3072 Scriba.
1112 3023 1330 3074 Praentamxtems

174 3088 274 3162 collyria
290 3087 402 3145 illevisse,
418 3098 505 3146 narrat,
519 3090 544 3138 rd
562 3090 613 3155 ipse
630 3089 735 3153 proiecto
766 3088 890 3154 dignitatis
900 3087 1015 3153 pretoria
1025 3093 1171 3136 ornamenta.

175 3151 207 3200 ad
222 3151 400 3216 jucunditatem
415 3152 492 3202 descn
510 3154 528 3202 ti
545 3153 635 3202 itineris
651 3153 736 3202 referre
800 3155 842 3202 ³6.
859 3154 946 3200 Insunt
956 3154 1047 3199 curun
1062 3148 1188 3214 gestabam
1197 3151 1328 3198 senatores,

175 3230 224 3264 aon
240 3223 341 3279 poterat.
373 3216 472 3289 Scilicet
512 3216 611 3290 oratius,
629 3215 671 3327 poi
688 3215 734 3264 ior·
768 3216 1145 3292 undeiliilotictnrii,ungusturn
1183 3205 1330 3320 niffpade

175 3279 635 3408 reuerterentur.
645 3280 738 3392 :teti
767 3279 1165 3392 iidffli'zniiiiiii
1193 3285 1331 3408 iddt'ij

177 3405 195 3462 i,
210 3407 233 3460 l,
248 3407 451 3460 120,eontemtim
467 3418 533 3470 poeta
548 3407 737 3518 iisstfflissfflg·
771 3409 887 3456 batillum.
923 3406 1087 3453 Batitturnrei
1101 3404 1196 3452 tatittus
1210 3399 1331 3448 strumus-

208 3469 281 3516 liatus
296 3469 480 3519 fuissaridetur.
514 3471 554 3519 Ad
583 3478 697 3533 origitur
724 3486 738 3518 e
769 3470 839 3519 detur
856 3468 960 3523 saeuius,
980 3469 1023 3532 qui
1040 3468 1123 3532 prunis
1141 3460 1332 3534 ardentibusad

194 3548 223 3582 oc
240 3533 320 3596 inepto
336 3534 440 3582 convicii
455 3533 665 3598 genere‘ridendos
682 3533 739 3582 data
770 3535 907 3581 suffimenta
917 3530 1035 3580 adolenda
1049 3532 1172 3596 impietus,
1182 3526 1332 3597 magistratui

177 3596 738 3723 ii‘n‘ssiiffi'ffidiiiidiiiuiiii
768 3595 946 3720 {xstitit
979 3586 1333 3720 &diriditis-dii}

178 3723 383 3787 improbabiieest.
402 3725 534 3774 Sieitarum
543 3723 740 3772 Horatiusinhae
773 3727 820 3771 de'
876 3725 982 3784 Augusto
991 3723 1096 3783 pretmo.
1295 3775 1309 3786 ..

179 3786 319 3835 Setiniv.
333 3789 412 3845 49,se
430 3791 518 3850 lippum
535 3787 635 3837 inducit.
669 3789 740 3836 Certe
806 3789 848 3834 3.
876 3786 907 3833 In
930 3785 1107 3832 Mamurrarum
1133 3785 1198 3835 urbe,
1221 3777 1334 3826 Formas

180 3850 305 3906 H⁰f²fi¹¹⁸n
318 3866 374 3899 eum
390 3851 435 3900 hoc
453 3867 547 3900 carmen
562 3853 676 3900 scriberet
688 3851 738 3913 (vi·
771 3851 854 3898 Sahal.
866 3850 951 3911 Cntq„
968 3847 1092 3895 Mamurra
1110 3841 1267 3918 serratorvsut't
1286 3839 1333 3886 Ro·

131 3925 134 3936 ¹
180 3913 240 3978 giuti
250 3929 275 3962 se
292 3921 340 3962 tem
351 3915 445 3964 scilicet
455 3931 530 3965 annos
541 3924 621 3970 natus,
631 3923 659 3962 ut
670 3915 740 3962 docet
771 3929 862 3969 munus,
874 3914 1047 3974 quincrinrunt
1062 3919 1150 3972 purtem
1164 3909 1264 3956 nerum
1276 3901 1334 3948 For·

180 3993 235 4041 sup.
307 3978 360 4026 Sat.
383 3980 401 4034 i,
422 3981 468 4028 120
485 3977 662 4036 Heindoriius),
682 3992 742 4024 non·
775 3979 858 4024 mione
873 3976 1007 4036 possidebat,
1024 3977 1086 4020 unde
1099 3976 1163 4020 dictu
1179 3978 1211 4016 est
1228 3967 1335 4014 Mamur·

180 4041 237 4088 dum
248 4041 273 4089 in
285 4056 315 4090 ea
326 4050 396 4090 atate
407 4043 550 4092 consumtus
566 4043 620 4098 tuit,
632 4041 674 4088 ubi
689 4057 742 4088 corr·
774 4057 835 4086 rona
845 4041 936 4091 ciuitas,
943 4038 979 4084 oet
986 4037 1149 4100 quedfornitia
1159 4033 1336 4081 Mamurrarum

181 4107 248 4154 tinus
259 4107 342 4166 lippire
355 4106 562 4154 solenthomines.
774 4102 1048 4167 ittincsusritoriundn.
1127 4161 1132 4172 .
1317 4153 1323 4164 ι

214 4169 255 4216 32.
271 4170 310 4217 At
321 4186 422 4232 unguem
431 4167 649 4234 sestertiummdili
666 4167 741 4216 entis·
814 4167 855 4214 38.
890 4164 1007 4216 Murena,
1039 4163 1166 4216 Terentia,
1193 4157 1338 4227 Maecenatis

179 4230 240 4279 sima
250 4231 379 4296 expolitus.
410 4184 742 4282 'l'ranslataesthreciocutio
775 4228 956 4285 uxoriafratre.
990 4219 1337 4298 Pretentedcnurnmbtper-

180 4295 337 4350 astatuariis,
349 4296 401 4360 qui,
411 4295 529 4361 quidquid
541 4297 565 4344 iu
581 4310 652 4361 opere
665 4294 742 4359 asperi
776 4301 944 4342 noceremus:
968 4304 1023 4352 sup.
1045 4287 1094 4338 Od.
1118 4304 1153 4342 ur,
1176 4287 1215 4342 19,
1238 4284 1263 4357 t..
1288 4281 1339 4334 Quo

181 4357 311 4420 digitorum
322 4359 359 4408 rei
377 4359 495 4423 unguium
509 4375 581 4408 sensu
596 4357 743 4408 animadver-
774 4359 889 4420 prebente
906 4356 1005 4409 donum
1026 4367 1062 4400 sc.
1080 4351 1111 4400 ad
1130 4356 1338 4420 compotauonsm.

182 4429 244 4476 tunt,
274 4421 385 4485 levigant
413 4431 437 4472 et
462 4424 607 4489 expoliunt:
642 4421 673 4470 ci.
702 4421 745 4470 int.
779 4422 890 4480 Capitone
909 4415 1194 4489 rutirwmruinstruxerat
1217 4411 1289 4485 igitur
1312 4422 1340 4455 se

183 4484 263 4548 Epist.
275 4485 311 4542 iii,
324 4489 347 4540 1,
359 4487 417 4542 29⁴,
429 4485 498 4536 stibi
511 4487 568 4535 Fae.
779 4483 867 4548 Capito
885 4482 923 4536 iis,
941 4479 1006 4529 unde
1023 4487 1112 4530 viveret
1131 4493 1186 4528 eum
1203 4473 1339 4527 comitibus,
