3150 5200
569 348 739 415 LIBER
764 348 793 427 1,
815 348 869 415 28.

273 500 406 567 Occidit
420 510 454 566 et
469 500 602 588 Pelopis
617 501 756 587 genitor,
768 500 904 567 conviva
918 500 1065 575 deorum,

315 602 547 686 Tithonusque
561 614 704 668 remotus
719 604 753 666 in
768 622 876 679 auras,

274 704 321 767 Et
334 702 427 768 «Iovis
442 706 569 768 arcanis
585 704 697 769 Minos
711 702 890 769 admissus:
913 704 1101 788 habentque

212 806 254 869 10
317 804 459 869 Tartara
474 806 691 883 Panthoiden,
707 807 825 870 iterum
839 804 931 869 Orco

275 908 462 973 Demissum
475 935 483 985 ;
507 910 663 992 quamvis,
680 906 796 991 clypeo
809 905 955 990 Trojana
968 906 1073 971 refixo

317 1008 483 1093 Tempora
498 1020 648 1087 testatus,
663 1008 743 1072 nihil
757 1007 844 1072 ultra

273 1109 404 1175 Nervos
420 1120 518 1195 atque
534 1120 640 1175 cutem
656 1110 759 1173 Morti
774 1119 981 1175 concesserat
994 1120 1091 1186 atroe3

317 1211 437 1276 Judice
451 1223 485 1276 te
500 1234 565 1276 non
580 1211 733 1276 sordidus
750 1220 864 1276 auctor

212 1312 254 1376 15
274 1312 414 1377 Neturae
428 1315 572 1397 verique.
618 1313 686 1378 Sed
702 1334 813 1377 omnes
827 1336 893 1377 una
906 1324 1014 1378 manet
1028 1334 1106 1390 nox,

318 1413 364 1476 Et
378 1414 533 1479 calcanda
547 1414 647 1479 semel
662 1415 714 1477 via
728 1413 796 1478 leti.

277 1514 369 1578 Dant
383 1515 463 1580 alios
478 1515 587 1580 Furiae
602 1526 694 1581 torvo
711 1515 897 1598 spectacula
911 1516 1031 1581 Marti:

320 1615 434 1681 Exitio
447 1628 498 1682 cst
513 1618 642 1683 avidum
656 1638 744 1681 mare
759 1619 885 1681 nautis:

179 1766 585 1830 7-10.0ntann1³enpu,oec.
609 1766 704 1833 Archy·
737 1774 791 1815 tur:
809 1768 841 1817 ci.
857 1768 949 1833 Hygia.
963 1768 1024 1817 Feb.
1038 1768 1096 1817 270.
1127 1766 1191 1815 Josis
1206 1770 1299 1817 omnis

144 1840 185 1881 tas
199 1831 252 1897 jem
270 1838 349 1879 naute
365 1831 489 1895 usquead
506 1833 619 1881 carminis
635 1833 706 1881 finem
738 1832 816 1880 Minor
830 1835 951 1882 dminus.
983 1834 1076 1888 Minos,
1092 1846 1134 1881 res
1150 1830 1191 1879 ille
1208 1832 1296 1889 Creta,

144 1895 284 1960 respondet.
316 1896 405 1943 Sensus
420 1902 444 1943 et
453 1912 529 1945 nexus
544 1897 618 1961 hujus
634 1896 706 1961 paulo
739 1895 798 1959 quia
816 1896 847 1944 ad
866 1897 941 1961 leges,
960 1910 1022 1961 quas
1041 1896 1106 1951 tulit,
1125 1894 1254 1943 unctium
1274 1905 1299 1943 et

145 1958 305 2024 impeditioris
315 1957 361 2007 loci
372 1959 464 2008 estsere
472 1960 525 2009 hic:
540 1960 607 2017 Noli,
615 1976 706 2025 queso,
739 1961 890 2023 augustiores
902 1960 1042 2015 reddendas,
1053 1976 1080 2008 se
1089 1958 1158 2009 Jovis
1170 1959 1297 2014 consortio,

146 2038 163 2071 o
174 2033 257 2079 nauta,
269 2022 358 2079 mirari,
369 2022 434 2086 quod
445 2040 489 2088 ego
503 2024 629 2073 occiderim
640 2042 647 2083 3
664 2040 705 2073 oc·
738 2022 907 2079 familiaritate,
919 2034 943 2073 et
955 2024 1062 2073 consiliis
1075 2024 1111 2071 uti
1125 2022 1212 2071 callide
1220 2023 1297 2086 jecta·

145 2086 209 2135 cidit
224 2102 320 2151 quoque
336 2086 462 2143 Tantalus,
479 2088 589 2153 quamvis
609 2088 707 2139 deorum
738 2095 814 2144 verat,
827 2088 890 2137 Jouis
907 2092 999 2137 ιιιωιιίι
1016 2090 1066 2152 (sc.
1084 2086 1220 2148 colloquiis,
1239 2101 1297 2135 con·

180 2150 228 2199 ulis
243 2150 358 2199 admissus
368 2159 412 2207 est,
424 2161 448 2200 et
458 2152 586 2210 Tithonus,
598 2152 709 2217 quamvis
740 2151 815 2213 siliis)
833 2155 943 2201 admissus
957 2152 1051 2201 dicitur.
1092 2150 1158 2198 Hinc
1177 2149 1219 2198 ille
1234 2150 1298 2214 apud

147 2230 164 2263 a
189 2216 283 2263 Aurora
293 2214 319 2261 in
330 2214 420 2263 coelum
433 2224 514 2281 raptus
525 2224 570 2273 est,
582 2226 607 2265 et
618 2216 708 2272 Minos,
742 2216 842 2263 Homer.
860 2215 949 2280 Odyss.
969 2216 1018 2271 xis,
1040 2215 1095 2271 179,
1115 2215 1171 2271 Διὸς
1188 2213 1299 2277 μεγάλου

147 2278 260 2342 quemvis
269 2293 324 2326 cum
335 2278 387 2343 ipso
397 2279 459 2327 Jove
470 2278 617 2329 familiariter
627 2294 706 2329 versa·
741 2280 858 2345 ὀαριστής
868 2280 944 2336 audit,
952 2279 983 2328 de
991 2294 1039 2343 quo
1047 2279 1154 2327 Pausan.
1162 2276 1198 2333 iii,
1206 2278 1231 2332 2.
1240 2278 1297 2334 207,

147 2348 253 2401 truest3
270 2342 418 2407 Pythagoras
432 2342 553 2408 adeo‚qui
566 2344 618 2409 jam
634 2344 708 2393 semel
739 2342 922 2404 βουλεύσασθαι
937 2344 984 2395 ont
1012 2348 1063 2392 τῶν
1079 2343 1163 2407 sdpuv
1179 2341 1223 2390 οὐκ
1238 2343 1299 2391 ἄνευ

147 2406 249 2471 'l'mjaui
267 2406 325 2455 belli
343 2407 490 2471 temporibus
509 2410 555 2457 suh
574 2408 707 2474 Euphorbi,
740 2408 797 2456 Oscis
806 2410 853 2457 τὸν
862 2408 946 2458 Μίνω.
1003 2410 1112 2469 aberitque
1123 2406 1223 2453 Tartaru
1234 2406 1299 2453 Pun-

148 2470 256 2519 Panthoi
279 2470 331 2526 tilii,
353 2486 453 2535 persona
478 2486 503 2521 se
525 2472 612 2521 vixisse
637 2473 709 2521 refixo
742 2472 843 2520 thuiden.
876 2472 995 2537 Archytas
1006 2471 1299 2543 jampiogrntoqueaui·

149 2541 222 2583 scuto
232 2542 330 2583 testatus
338 2542 384 2591 est,
396 2536 505 2600 quamvis
515 2544 567 2584 tum
578 2552 627 2585 non
638 2537 709 2602 plane
741 2550 780 2583 mo
803 2535 829 2584 in
849 2535 954 2585 virorum
976 2535 1176 2583 nobilissimorum
1200 2548 1299 2581 censum

148 2606 228 2647 morte
241 2600 360 2648 extinctus
373 2608 418 2657 est,
430 2599 488 2665 quia
502 2616 550 2648 non
565 2601 642 2666 ipsam
657 2602 709 2650 ani·
741 2600 915 2665 relertqnoque
925 2616 1039 2675 magnum
1050 2615 1121 2647 suum
1132 2607 1300 2663 preceptorem

149 2675 225 2718 mam,
246 2664 287 2711 sed
309 2679 391 2712 nervos
417 2673 490 2728 atque
515 2675 594 2714 cutem
616 2673 710 2714 tanturn
742 2664 912 2729 Pythagoram,
930 2681 973 2728 qur
992 2664 1135 2729 propositam
1152 2662 1182 2710 de
1201 2671 1300 2712 metem-

149 2726 227 2773 Morti
243 2735 399 2784 concesserat,
414 2727 441 2775 h.
454 2745 477 2776 e.
490 2729 595 2794 corporis
610 2729 710 2778 exuvies
741 2728 854 2793 psycbosi
870 2730 921 2778 sive
937 2729 1071 2778 animarum
1087 2726 1228 2789 migratione
1243 2727 1300 2775 doc-

148 2797 244 2838 tautum
261 2791 411 2856 deposuerat,
427 2792 583 2857 Pythagoras,
601 2794 708 2858 inquam,
741 2793 837 2848 trinam,
854 2809 911 2842 cum
928 2809 977 2841 non
991 2794 1069 2841 solum
1084 2807 1110 2839 se
1125 2789 1224 2854 Troiani
1242 2791 1301 2839 belli

149 2853 192 2965 qpi
203 2855 242 2904 rel
253 2855 337 2920 teipso
345 2855 429 2917 judice
440 2872 543 2920 magnus
554 2857 710 2922 philosophus
742 2858 887 2920 temporibus
914 2857 1066 2912 Panthoiden,
1089 2854 1193 2902 Panthei
1215 2854 1299 2912 lilium,

178 2917 206 2974 it,
217 2918 302 2966 itemm
318 2918 348 2966 sd
360 2921 451 2968 Orcum
461 2921 579 2970 demissus
593 2929 637 2970 est.
671 2922 709 2970 De
743 2921 907 2985 Euphorbum,
913 2921 987 2969 t'uisse
999 2921 1146 2972 affirmasset,
1159 2917 1201 2966 ssd
1209 2918 1234 2966 id
1241 2935 1301 2982 quo·

148 2981 265 3030 monendi
283 2983 424 3032 necessitate
445 2985 563 3048 Archytas
579 2985 711 3049 acquiescit
742 2999 791 3047 qua
803 2987 889 3048 clypeo,
899 2999 972 3048 quem
988 3000 1014 3031 se
1025 2983 1181 3046 Euphorbum
1197 2991 1302 3045 gestasse

148 3044 359 3111 insolatio,quod
373 3047 575 3113 aliiquoqueviri
589 3050 711 3097 nobilest
742 3048 830 3104 aiebat,
848 3050 874 3096 in
896 3047 986 3121 templo
1005 3047 1110 3095 Juuonis
1131 3044 1197 3092 haud
1234 3047 1301 3094 rocul

149 3109 296 3158 nobiliorum
315 3119 370 3159 ante
391 3125 416 3158 se
434 3121 579 3160 mortuorum
601 3113 711 3178 exemplo
743 3112 865 3176 Mycenis,
884 3111 986 3160 ubisrlle
1004 3109 1066 3158 inter
1083 3109 1134 3156 alia
1151 3108 1303 3171 ἀναθημιιτιι

181 3174 278 3222 tierunt.
320 3173 359 3222 Sic
387 3175 497 3224 Achilles
523 3177 587 3258 apud
612 3177 711 3224 Homer.
743 3177 829 3223 affixus
840 3183 911 3233 esset,
921 3177 990 3238 refixo
1001 3175 1040 3236 (h.
1048 3190 1071 3223 e.
1081 3171 1201 3233 detracto)
1212 3182 1237 3221 et
1248 3189 1302 3222 vere

166 3237 225 3285 lind.
236 3238 302 3296 xviii,
317 3239 372 3296 117,
383 3239 442 3288 Οὐδὲ
453 3242 501 3304 γὰρ
519 3239 571 3290 ουδὲ
581 3240 626 3302 βίη
637 3239 711 3304 Ἡρα·
744 3239 867 3304 Euphorbi
873 3237 1018 3295 nominanti
1025 3235 1301 3302 predixeratinscripto,

150 3301 229 3360 κλῆος
246 3301 307 3366 φύγε
321 3303 510 3368 Κῆρα,”οσπερ
526 3305 645 3368 φιλτατος
659 3305 711 3354 ἔσκε
744 3305 929 3368 comprobasset,
940 3317 985 3351 suo
999 3302 1076 3367 ipsius
1085 3301 1195 3366 exemplo
1211 3301 1302 3350 stabili·

149 3367 191 3414 Διῖ
203 3366 326 3430 Κρονίωνι
334 3368 436 3416 drussi:
455 3367 487 3416 cl.
496 3367 598 3416 eundem
610 3368 652 3416 lib.
662 3369 711 3425 ssi,
744 3367 808 3416 visse
829 3368 930 3416 dicitur:
949 3367 998 3415 vid.
1019 3365 1093 3415 Ovid.
1111 3367 1173 3413 Met.
1194 3380 1233 3420 xv,
1255 3367 1302 3414 160

152 3429 221 3490 1075
244 3429 391 3486 Lucretii,
411 3433 615 3492 1038et1055;
643 3433 712 3496 Virg.
744 3447 812 3495 sqq.:
830 3433 862 3479 cl.
873 3432 979 3496 Interpp.
991 3430 1023 3479 ed
1034 3430 1127 3479 AElinn.
1137 3431 1170 3479 V.
1180 3429 1215 3477 H.
1226 3446 1250 3486 v,
1260 3431 1301 3488 26,

153 3495 218 3542 AEn.
230 3494 392 3558 1,469sqq.;
409 3505 434 3544 et
446 3495 505 3543 Hor.
516 3494 558 3543 iul.
570 3496 596 3552 ii,
611 3496 711 3556 16,29;
744 3495 816 3543 etad
836 3494 1063 3560 Diog.Laert.viii,
1081 3497 1106 3543 ὁ.
1138 3493 1227 3542 trenam
1245 3493 1304 3544 Oreo

151 3557 186 3616 iv,
204 3557 281 3613 7,1³.
316 3558 404 3620 Pelopis
417 3563 519 3623 guricon,
538 3559 657 3608 Tantalus
673 3575 713 3608 res
747 3559 882 3616 Demittunt,
902 3560 928 3608 h.
947 3576 970 3608 e.
988 3560 1075 3608 iterum
1096 3565 1226 3614 mortuum,
1246 3573 1302 3607 nam

152 3619 249 3686 Lydis,
269 3620 321 3685 qui,
340 3637 396 3670 cum
421 3632 483 3672 esset
507 3623 712 3688 opulentissimus,
745 3624 829 3679 semel,
848 3631 947 3672 necatus
969 3638 1063 3687 nempe,
1082 3637 1138 3672 cum
1160 3623 1198 3670 Eu
1215 3621 1304 3671 horbus

152 3684 162 3731 i
234 3684 291 3734 deos
306 3685 337 3734 sd
352 3687 463 3735 convivis
473 3702 580 3744 vocasse,
592 3696 617 3736 et
631 3688 661 3735 ab
671 3687 713 3736 iis·
745 3694 853 3743 esseta
872 3688 996 3744 Menelao,
1019 3685 1051 3734 ad
1073 3687 1165 3736 Orcum
1203 3685 1305 3736 emissus

185 3764 210 3796 m
236 3748 339 3798 vicissim
367 3765 448 3799 eorum
475 3752 565 3800 mensis
592 3750 714 3800 adhibitus
745 3759 805 3807 erat,
817 3751 859 3800 ubi
871 3751 963 3800 tamdiu
976 3751 1030 3815 ejus
1044 3751 1125 3799 anima
1136 3749 1215 3805 latuit,
1226 3766 1304 3815 usque

154 3809 230 3861 tuisse
239 3811 338 3861 dicitnr:
357 3813 391 3862 cl.
403 3815 486 3880 Enrip.
500 3817 581 3864 Orest.
590 3817 606 3864 9
616 3832 622 3872 ;
639 3815 713 3864 Pind.
744 3814 803 3862 dum
814 3816 840 3864 iu
850 3831 939 3864 norum
948 3830 1035 3880 corpus
1045 3815 1067 3863 ei
1079 3815 1180 3877 migrare
1189 3813 1280 3862 liceret.

155 3875 255 3941 Olymp.
269 3876 286 3932 i,
299 3879 347 3937 86,
365 3878 439 3928 Orid.
456 3879 517 3928 Met.
533 3879 566 3936 vi,
582 3881 628 3927 173
644 3895 699 3943 sqq.
705 3897 713 3939 ;
779 3881 883 3928 11-16.
904 3881 1028 3934 Quamuis:
1044 3879 1065 3926 si
1081 3878 1230 3943 Pythagoras
1243 3877 1304 3927 nihil

154 3939 213 3990 hinc
228 3943 320 3990 moion
336 3945 439 3991 deorum.
473 3943 593 3999 Tithonus,
612 3944 712 3992 Laome·
745 3943 1079 4007 ultranerrosntquecutem
1090 3941 1166 3990 Morti
1179 3955 1304 3990 concesse-

153 4003 244 4061 dontis,
256 4004 318 4068 regis
332 4006 441 4069 Trojani,
454 4007 492 4055 vel
503 4007 624 4056 interval
639 4007 712 4064 tilius,
746 4015 791 4063 rat,
803 4007 883 4055 auimo
897 4006 991 4054 scilicet
1003 4004 1137 4068 superstite,
1148 4019 1204 4052 eum
1218 4019 1303 4052 mouu-

152 4067 186 4116 ob
204 4067 322 4130 insignem
340 4070 444 4136 corporis
461 4069 664 4136 pulchritudinem
683 4072 714 4120 ab
745 4069 804 4117 dum
814 4069 1037 4142 metempsychosim
1047 4069 1134 4116 iterum
1142 4069 1207 4118 Orco
1216 4066 1304 4116 demis·

154 4131 251 4180 Aurora
265 4130 291 4179 in
307 4149 378 4181 ouras
392 4133 489 4198 quidem
501 4145 606 4191 remotis,
617 4135 643 4184 h.
654 4152 676 4184 e.
688 4135 713 4183 in
746 4149 800 4180 sum
810 4148 871 4189 esse,
882 4149 968 4180 mirum
982 4147 1040 4180 sane
1053 4146 1102 4179 non
1115 4139 1167 4190 est;
1183 4140 1306 4197 exspectes

153 4193 247 4244 coelurn
268 4202 352 4260 raptus
373 4199 421 4259 (bu
440 4197 561 4262 ἀστέρων,
578 4207 606 4248 ut
628 4199 687 4248 Euri
707 4232 714 4246 .
746 4196 820 4261 igitur
842 4211 884 4261 pro
906 4196 1024 4262 particula
1046 4198 1156 4258 quumvis,
1179 4195 1220 4244 coi
1242 4196 1305 4246 inest

153 4259 243 4308 Troad.
269 4260 318 4307 855
345 4260 459 4325 loquitur,
484 4263 618 4328 τέθριππος
637 4264 682 4313 ἔλα
745 4260 908 4325 impedimenti
927 4259 1033 4334 alicujus
1055 4259 1129 4318 notio,
1148 4259 1230 4316 sliam,
1249 4277 1304 4324 quse

151 4323 251 4388 spissae
266 4322 327 4387 ὄχος
341 4324 515 4399 ἀναρπάσας),
529 4327 571 4376 sed
587 4328 660 4392 longa
677 4343 713 4378 se-
747 4339 855 4382 csussm,
869 4341 913 4375 cur
928 4323 1017 4400 aliquid
1035 4324 1086 4372 lieri
1100 4322 1211 4390 potuerit,
1224 4324 1304 4390 desig-

153 4395 252 4436 nentute
267 4387 313 4450 (cl.
324 4387 369 4438 inl.
380 4390 406 4446 ir,
419 4391 457 4447 16,
469 4391 526 4454 30),
541 4407 614 4455 quam
626 4393 657 4440 ab
669 4391 714 4439 im·
748 4397 797 4438 net.
822 4389 936 4455 Suspicor
944 4389 1026 4452 igitur,
1034 4388 1162 4438 Horatium
1172 4405 1215 4454 pro
1224 4407 1303 4452 quum-

154 4451 309 4508 mortslitate,
319 4453 350 4500 sb
359 4454 419 4502 Jove
430 4454 453 4503 ei
462 4469 585 4512 concessa,
595 4455 715 4520 deprecari
747 4457 781 4502 vis
801 4452 932 4528 scripsisse,
952 4456 1058 4516 quostiam
1078 4456 1113 4510 is‚·
1139 4453 1305 4518 unusquisque

154 4515 250 4564 Aurora
265 4515 410 4579 neglexerat,
424 4529 563 4568 consumtus
577 4535 629 4569 esse
646 4520 715 4584 tingi·
748 4519 813 4568 enim
833 4519 905 4576 videt,
928 4533 1001 4584 quam
1020 4518 1092 4567 facile
1112 4519 1218 4581 quonium
1239 4522 1259 4567 is
1278 4519 1303 4571 in
