3150 5200
276 257 340 320 302
681 254 1005 322 SATIRARUM

294 409 338 472 30
359 409 481 474 Contra
496 408 577 472 alius
593 407 722 484 nullam,
739 410 803 472 nisi
817 409 924 473 olente
939 411 972 472 in
987 409 1110 475 fornice
1126 421 1276 476 stantem.

359 511 503 584 Quidam
517 520 613 573 notus
628 509 725 573 homo
740 532 840 594 quum
855 510 960 574 exiret
975 510 1110 589 fornice,
1126 511 1240 577 Macte

360 613 493 677 Virtute
508 621 590 688 esto,
607 610 712 694 inquit
728 612 890 676 sententia
904 611 961 675 dia
975 613 1128 692 Catonis,

359 714 447 778 Nam
463 711 556 775 simul
571 734 609 776 ac
624 735 722 776 venas
738 713 862 776 inflavit
877 724 962 778 tetra
975 713 1089 794 libido,

359 816 436 880 Huc
446 816 584 900 juvenes
599 835 728 897 aequum
744 826 795 879 est
810 815 1021 894 descendere,
1037 839 1103 882 non
1118 816 1241 884 alienas

294 919 337 981 35
360 917 544 982 Permolere
560 939 691 982 uxores.
738 916 851 981 Nolim
865 915 1040 995 laudarier,
1057 919 1174 1002 inquit,

359 1019 413 1083 Sic
428 1042 490 1098 me,
507 1021 639 1083 mirator
654 1020 751 1083 cunni
767 1019 971 1102 Cupiennius
985 1019 1063 1084 albi.

358 1119 486 1184 Audire
500 1129 551 1185 est
566 1143 675 1205 operae
688 1121 840 1204 pretium,
857 1121 1037 1204 procedere
1052 1131 1141 1187 recte

359 1221 426 1294 Qui
442 1220 578 1286 moecbis
593 1243 658 1285 non
673 1222 782 1300 vultis,
798 1232 835 1285 ut
848 1222 935 1285 omni
949 1234 1043 1306 parte
1058 1223 1219 1301 laborent,

360 1320 473 1405 thue
488 1322 551 1386 illis
566 1323 668 1387 multo
683 1333 839 1407 corrupta
854 1323 968 1388 dolore
982 1325 1145 1411 voluptas,

236 1454 249 1473 ι
294 1425 337 1487 40
359 1422 472 1507 Atque
486 1423 557 1489 baec
573 1445 646 1487 rara
662 1425 758 1489 cadat
774 1424 858 1488 dura
872 1425 957 1489 inter
972 1449 1059 1512 saepe
1074 1427 1207 1514 pericla.

359 1525 425 1589 llic
441 1547 476 1589 se
490 1525 691 1609 precipitem
705 1535 793 1589 tecto
807 1525 918 1603 dedit3
941 1527 995 1593 ille
1010 1529 1147 1614 flagellis

358 1624 415 1690 Ad
429 1636 565 1691 mortem
580 1649 702 1706 caesus3
726 1625 855 1710 fugiens
871 1625 926 1691 bic
942 1628 1067 1694 decidit
1080 1653 1189 1695 acrem

358 1728 555 1792 Praedonum
569 1729 602 1792 in
617 1729 763 1807 turbam,
787 1727 881 1792 dedit
894 1728 948 1793 hic
962 1753 1023 1814 pro
1038 1753 1176 1816 corpore
1191 1751 1354 1807 nummos;

359 1828 458 1895 Hunc
472 1832 717 1914 perminxerunt
731 1829 879 1907 calones3
902 1832 982 1914 quin
997 1834 1094 1897 etiam
1109 1831 1191 1896 illud

293 1931 337 1995 45
358 1929 502 2008 Accidit,
518 1941 554 1995 ut
569 1933 697 1996 cuidam
709 1934 813 1996 ‘testes
829 1931 1031 2017 caudamque
1048 1934 1186 1998 salacem

358 2034 551 2099 Demeteret
565 2033 695 2099 ferrum.
741 2032 824 2097 ‹Jure
839 2054 967 2098 omnes:
992 2035 1103 2100 Galba
1117 2037 1271 2119 negabat.

358 2135 479 2200 Tutior
493 2145 527 2201 at
541 2147 664 2221 quanto
678 2157 769 2200 merx
784 2144 835 2200 est
850 2135 883 2198 in
898 2134 1003 2201 classe
1018 2136 1182 2202 secunda!

272 2295 330 2342 tam,
347 2287 387 2335 cui
405 2287 489 2336 adsuta
505 2287 550 2336 luit
567 2287 657 2346 instita,
670 2287 696 2336 b.
707 2303 729 2336 e.
746 2285 828 2340 fascia,
862 2285 958 2335 Livium
976 2286 1048 2351 preci
1081 2287 1200 2352 asapius
1213 2287 1293 2344 obvia,
1308 2303 1366 2353 qna,
1381 2288 1424 2354 qui

272 2349 369 2408 limbus,
381 2367 433 2408 nos,
441 2354 492 2398 eine
504 2351 649 2409 Folbel,er'ns
661 2351 746 2399 Korne.
770 2350 830 2397 Sub·
862 2365 911 2398 rem
929 2349 1035 2414 aliquam
1085 2367 1115 2398 ae
1131 2360 1264 2414 gesserunt,
1280 2368 1337 2400 cum
1351 2353 1424 2403 laude

271 2423 332 2470 suta,
344 2414 408 2478 quod
424 2414 564 2479 adjunctum
579 2417 661 2479 estrat
671 2424 739 2470 verte,
751 2411 781 2461 ad
794 2415 830 2461 ia·
864 2414 1023 2478 appellantur,
1034 2423 1122 2462 eteam
1133 2429 1202 2480 porro
1218 2415 1278 2464 bene
1294 2432 1374 2480 gerere
1382 2417 1423 2482 jn-

271 2480 327 2526 rtita
349 2487 386 2528 est
405 2477 571 2528 referendum:
597 2479 630 2528 cl.
648 2475 680 2526 ad
699 2479 751 2526 Sat.
769 2476 786 2534 i,
809 2479 832 2531 l,
865 2479 966 2526 beatur:
985 2494 1037 2534 nos,
1055 2477 1141 2526 Brona.
1271 2485 1281 2506 ’

273 2542 314 2588 41.
896 2542 937 2589 32.
954 2542 1073 2591 Sententia
1089 2545 1129 2591 die
1144 2542 1247 2596 Catonis.
1258 2559 1301 2610 pro
1312 2544 1383 2604 Cato,
1397 2553 1423 2593 ut

304 2606 346 2654 80.
363 2606 417 2655 Ntet
433 2608 507 2655 olente
520 2604 647 2671 infamiae
660 2615 765 2663 stantem,
784 2606 832 2655 nisi
863 2606 926 2671 apud
938 2607 1068 2663 Lucilium,
1083 2607 1343 2658 Valerirenteatr'adia.
1372 2610 1422 2657 Ex·

271 2670 440 2734 prostibulum.
483 2670 580 2717 Fomiet
598 2679 717 2728 stantem
743 2686 776 2719 ste
793 2670 832 2721 ius
863 2669 944 2736 empla
966 2669 996 2720 de
1020 2671 1092 2720 hoel
1125 2669 1198 2719 uendi
1219 2686 1304 2733 genere
1326 2673 1425 2738 collegit

271 2732 334 2807 apud
345 2734 447 2800 optimos
456 2748 564 2808 quosque
576 2742 657 2798 poetas
672 2733 761 2783 vocalis
776 2688 829 2784 bre·
864 2733 997 2783 Lambinus
1006 2752 1060 2801 sup.
1070 2735 1102 2783 ad
1138 2734 1164 2783 d.
1176 2734 1212 2790 iii,
1223 2738 1248 2790 5,
1262 2736 1300 2782 la.

272 2812 308 2845 ns
330 2798 356 2849 in
378 2798 443 2847 vocis
464 2798 567 2863 alicujus
592 2798 649 2853 line,
673 2798 829 2862 sequentibus
894 2799 936 2847 at.
952 2798 1054 2855 Heraia
1067 2797 1186 2847 fornices:
1203 2800 1424 2857 mmmmm

270 2860 363 2912 duabus
374 2864 411 2913 vel
423 2863 500 2913 tribas
509 2861 594 2911 litteris
605 2862 793 2911 consonantibus
803 2862 830 2911 in
860 2860 926 2911 enim
948 2862 1057 2919 fornices,
1078 2873 1106 2911 ut
1128 2863 1252 2911 observant
1272 2861 1423 2927 interpretes,

287 2926 376 2975 rorirna
388 2944 456 2984 voce,
467 2927 531 2976 baud
549 2924 702 2991 producitur,
720 2928 754 2975 ric
766 2928 830 2991 apud
861 2935 986 2975 camerate
997 2927 1066 2975 celle
1076 2926 1102 2974 in
1113 2925 1203 2975 edium
1213 2926 1264 2975 loco
1274 2925 1384 2992 depresso
1395 2936 1422 2976 et

298 3000 387 3041 ostrum
399 2992 425 3041 in
436 2992 481 3040 hac
496 2991 550 3057 ipsa
560 2993 611 3040 Sat.
623 2990 667 3039 inl.
679 3007 704 3041 v.
715 2992 756 3047 71,
767 2993 829 3039 velo·
862 2988 981 3039 inferiore.

271 3062 363 3119 rumpat
373 3059 446 3114 stola,
458 3058 509 3105 Sat.
520 3056 537 3113 i,
550 3056 574 3112 3,
585 3056 625 3111 44,
627 3054 828 3120 smtldirtestra·
892 3054 934 3103 86.
950 3055 989 3102 Sic
1005 3071 1048 3110 me,
1066 3070 1101 3102 sc.
1121 3053 1248 3103 facientem
1267 3052 1332 3118 quod
1347 3054 1424 3103 ausit

269 3120 361 3179 bonem;
380 3120 456 3177 Sati,
469 3120 655 3181 anapremta
669 3122 755 3175 reriboe,
771 3127 829 3169 cett.
861 3117 932 3166 Cato.
967 3119 1046 3165 Canai
1063 3120 1119 3174 albi,
1137 3118 1258 3183 impudice
1275 3118 1421 3181 etadinge·

269 3190 295 3231 ct
310 3182 344 3233 ric
361 3200 423 3249 soepe
440 3183 504 3250 apud
518 3182 656 3245 Virgilium,
670 3182 793 3239 Ovidium,
805 3190 830 3233 et
862 3181 927 3229 nium
939 3180 1007 3230 illius
1015 3182 1093 3231 etatis
1104 3196 1155 3246 pro,
1168 3189 1282 3229 matrone
1294 3180 1350 3229 alba
1359 3182 1420 3231 stola

269 3246 371 3311 optimos
387 3262 495 3311 quosque
509 3254 600 3311 poetas.
633 3245 727 3294 Pendet
737 3246 831 3297 scilicet
860 3244 969 3304 indutas3
986 3260 1042 3293 nam
1058 3248 1193 3301 meretrices,
1211 3253 1239 3293 nt
1257 3244 1421 3295 animadvertit

270 3306 732 3423 tetlttbttttttttt¹ltttt
749 3318 830 3438 ‘itt
862 3308 1419 3422 supp-pomtpppaffim„

268 3434 829 3564 {ttttttttttttitttttttlt:
861 3451 939 3548 tlt?
950 3435 1421 3565 illliqffillatlffltffi¹affi

269 3578 362 3613 servare
372 3564 438 3613 velit.
455 3565 567 3618 Stantem,
578 3571 731 3628 prostantem,
743 3566 829 3616 stando
861 3579 948 3612 uxores
966 3564 1062 3630 explere
1078 3562 1187 3637 copiunt,
1205 3564 1266 3612 bene
1287 3564 1422 3629 procedere,

269 3636 434 3692 expectantem
461 3636 486 3677 et
511 3626 650 3677 invitantem
679 3626 828 3681 libidinosos.
861 3626 979 3691 quomodo
1003 3627 1421 3693 at)ommpartesemslsbabsant,

269 3692 352 3739 Plaut.
364 3692 426 3741 cist.
438 3691 502 3758 apud
519 3692 586 3740 Non.
602 3708 625 3740 c.
640 3694 665 3748 5,
678 3706 702 3739 n.
714 3692 739 3747 Β,
751 3696 828 3744 odram
861 3700 968 3755 etquom
1000 3690 1135 3756 orolopms
1146 3692 1222 3740 molto
1237 3691 1319 3741 dolore
1328 3701 1421 3757 pertur-

267 3772 295 3803 eo
305 3758 330 3803 in
341 3758 379 3804 olo
390 3758 452 3805 tola:
469 3758 596 3819 prrrtibnio
607 3771 661 3805 tane
668 3766 710 3803 eat.
860 3755 925 3811 bata,
936 3765 961 3804 et
970 3772 1000 3805 ea
1010 3756 1063 3821 ipsa
1072 3755 1318 3813 rambertum
1358 3756 1421 3820 peri·

301 3820 343 3869 31.
366 3820 467 3874 Quidam
486 3830 552 3869 notar
574 3822 645 3877 bomo,
665 3828 722 3869 cett.
745 3820 829 3870 Sebol.
860 3820 918 3868 cula
937 3819 986 3867 illis
1008 3821 1108 3883 (eadat)
1131 3818 1264 3883 confingat.
1332 3819 1422 3868 aradus

270 3885 329 3934 llcr.
340 3893 365 3935 et
376 3886 462 3950 Cruq.,
471 3885 547 3933 Notat
558 3885 628 3943 loma,
640 3884 743 3933 honestat
754 3894 775 3932 et
786 3902 827 3933 rto·
856 3882 910 3946 jem
920 3883 946 3931 in
958 3899 983 3932 re
994 3883 1041 3933 levi
1052 3884 1127 3931 laceto
1142 3883 1249 3931 imitatus
1263 3890 1300 3932 est
1318 3882 1421 3949 gravita-

267 3950 330 4000 bita.
364 3950 450 3998 Catone
469 3958 610 4005 trameante,
627 3950 720 4011 qnidam
738 3952 784 3997 erit
800 3951 828 3996 de
860 3956 908 3995 tem
920 3947 1004 4002 Ennii,
1016 3946 1087 4011 cujus
1097 3962 1181 3997 versus
1194 3958 1263 3996 vetus
1275 3946 1421 3995 Scholiastes

259 4014 448 4079 Jbrniee,puem,
461 4012 627 4077 romjitgeret,
639 4014 744 4060 laudavit
756 4022 826 4060 etre-
860 4011 948 4076 profert
968 4011 1028 4059 llos:
1058 4012 1148 4059 Audire
1167 4020 1200 4059 ert
1218 4028 1289 4072 opere
1309 4015 1420 4072 maium,

268 4082 375 4137 troeooit,¹
391 4088 476 4139 postea,
488 4094 540 4125 cum
547 4078 699 4141 frequentias
712 4092 763 4123 eam
776 4093 826 4125 ere·
840 4106 843 4111 -
858 4079 978 4136 procedere
995 4084 1055 4122 recte
1076 4076 1124 4128 Qut
1140 4091 1188 4121 rem
1206 4075 1333 4122 Romanam
1351 4076 1420 4122 Iati-

268 4153 347 4191 untem
366 4144 481 4190 arcadem
501 4142 612 4203 lupanari
628 4143 729 4195 vidi-rtet,
746 4142 829 4188 dirime
859 4156 942 4201 umque
951 4154 1070 4204 augescere
1078 4140 1158 4185 vultis.

260 4206 360 4271 J'ertur:
374 4208 515 4259 Adolescens,
524 4220 564 4268 ego
573 4214 595 4252 ts
604 4206 707 4259 laudaui,
718 4214 828 4267 tanquam
893 4204 933 4249 4³.
950 4204 998 4250 Pro
1008 4219 1109 4263 corpore,
1124 4217 1155 4249 ne
1169 4200 1200 4248 ad
1211 4209 1307 4249 mortem
1320 4200 1423 4263 flagellis

268 4270 313 4320 bue
325 4273 442 4319 interdum
453 4270 548 4325 venires,
561 4285 605 4315 non
618 4278 726 4330 tanquam
737 4269 774 4315 bic
785 4270 827 4315 ba·
860 4266 997 4321 cederetur.
1008 4266 1046 4314 vel
1057 4280 1154 4330 poenam
1170 4264 1315 4328 experiretur
1324 4280 1379 4327 qum
1394 4264 1422 4311 in

267 4336 360 4385 bitures.
400 4336 486 4391 blacta,
513 4330 647 4397 (explicant
669 4347 719 4395 pro,
748 4330 825 4395 magis
858 4332 925 4378 att
942 4337 1154 4378 commemoratur:
1181 4328 1225 4375 ins.
1239 4329 1290 4376 Sat.
1303 4327 1330 4383 ii,
1345 4328 1370 4383 7,
1387 4327 1422 4375 6Ί

268 4399 351 4463 aucte)
374 4402 461 4449 virtute
480 4408 534 4453 erto,
554 4403 611 4443 uota
630 4394 739 4451 formula,
762 4396 824 4461 apud
858 4395 887 4442 de
903 4392 1018 4449 adultam,
1036 4395 1168 4455 dominoque
1178 4392 1276 4456 furenti
1295 4393 1425 4441 committis

1559 1834 1563 2032 l
