3150 5200
254 304 260 325 '
297 328 361 393 rae
676 332 1071 399 srlsronaaum
1143 426 1146 430 p

329 482 350 543 5
383 481 537 549 Herculis
553 486 595 550 ad
610 498 736 571 postem
751 489 838 566 fixis,
853 488 933 552 latet
948 488 1081 553 abditus
1096 510 1186 573 agro,

382 585 438 649 Ne
452 586 608 671 populum
623 599 769 654 extrema
784 592 880 654 toties
895 600 1010 655 exoret
1024 611 1132 653 arena.

384 686 448 751 Est
462 688 552 766 mihi,
567 702 740 775 purgatam
755 694 871 757 crebro
884 693 942 775 qui
955 704 1110 775 personet
1125 714 1254 757 aurem:

384 788 480 855 Solve
496 802 716 858 senescentem
733 803 857 858 mature
874 815 972 857 sanus
986 815 1118 877 equum,
1133 816 1175 857 ne

383 889 505 957 Peccet
519 896 560 958 ad
576 905 756 959 extremum
771 895 941 971 ridendus,
955 905 989 958 et
1004 893 1059 958 ilia
1073 894 1184 959 ducat.

319 992 360 1056 10
382 992 481 1058 Nunc
495 996 604 1079 itaque
618 1006 652 1061 et
666 1019 779 1061 versus
794 1006 829 1059 et
843 1006 953 1060 cetera
965 995 1092 1060 ludicra
1106 1017 1211 1079 pono:

383 1094 474 1168 Quid
486 1119 597 1161 verum
609 1110 707 1182 atque
719 1098 839 1162 decens
852 1119 931 1162 curo
942 1108 976 1161 et
984 1119 1077 1182 rogo,
1086 1106 1120 1161 et
1132 1097 1234 1160 omnis
1246 1095 1279 1159 in
1287 1094 1351 1161 hoc
1361 1118 1449 1160 sum:

382 1196 498 1262 Condo
512 1209 546 1263 et
560 1222 730 1287 compono,
745 1223 821 1283 quae
836 1221 911 1264 mox
927 1200 1118 1283 depromere
1132 1200 1264 1284 possim.

381 1296 434 1363 Ac
448 1322 489 1365 ne
504 1300 588 1365 forte
604 1323 710 1386 roges,
726 1324 792 1386 quo
806 1324 857 1365 me
873 1301 968 1379 duce,
984 1324 1050 1385 quo
1063 1302 1132 1365 lare
1147 1312 1251 1365 tuter:

381 1399 513 1466 Nullius
531 1404 681 1468 addictus
693 1405 806 1488 jurare
820 1405 853 1466 in
869 1406 968 1468 verba
982 1404 1140 1488 magistri,

319 1500 359 1563 15
382 1502 459 1576 Quo
474 1526 525 1568 me
540 1527 677 1588 cumque
692 1506 778 1589 rapit
793 1515 981 1589 tempestas,
997 1506 1127 1571 deferor
1141 1506 1273 1591 hospes.

381 1604 481 1670 Nunc
495 1605 588 1690 agilis
604 1606 659 1684 fio,
675 1618 708 1671 et
722 1629 846 1672 mersor
861 1608 1009 1672 civilibus
1024 1610 1133 1685 undis,

380 1705 522 1771 Virtutis
537 1731 622 1772 verae
636 1719 746 1774 custos
761 1709 952 1793 rigidusque
968 1708 1114 1773 satelles:

319 1876 377 1988 rppli
395 1876 518 1935 Herculis,
538 1878 563 1926 in
580 1878 649 1943 cujus
665 1878 775 1943 presidio
784 1888 855 1929 erant
886 1877 918 1928 ad
933 1878 1017 1927 satiras
1034 1878 1146 1943 equidem
1161 1894 1217 1927 cum
1231 1877 1399 1943 interpretibus
1408 1892 1447 1926 re·

350 1948 445 1998 ratores,
457 1941 536 1991 fixisse
550 1940 644 2001 dicitur,
656 1942 692 1992 uti
702 1942 791 1993 milites
800 1955 855 2010 post
886 1943 945 1992 ferre
954 1944 1037 1991 nolim.

294 1884 318 1925 te

293 1940 318 2003 gl

326 2014 414 2086 raptam
438 2005 552 2080 militiam¹
576 2022 641 2055 arma
664 2022 716 2064 sua,
739 2015 853 2121 tanppanr
886 2074 892 2091 ,
920 2010 960 2056 11.
976 2009 1149 2065 Omittamus,
1166 2016 1216 2056 toto
1231 2005 1313 2055 animo
1324 2004 1447 2070 (τᾶςιαὶ

294 2068 854 2194 1119111113,ο1111ω11011ιιι111111111611111ι111011
886 2071 1053 2184 όλ1116ωιάο
1071 2147 1093 2185 et
1111 2152 1223 2197 compono,
1243 2133 1346 2209 recondo
1365 2133 1445 2182 animo

293 2197 401 2246 nuticari
412 2198 515 2255 licuerit,
527 2214 583 2249 eum
592 2200 644 2265 jam
660 2198 718 2249 rude
729 2200 853 2259 dsuetum,
885 2208 1005 2266 precepta
1015 2198 1181 2265 philosophiae,
1192 2206 1217 2248 et
1233 2198 1357 2248 recondita
1368 2201 1445 2262 (eom-

293 2260 343 2311 sire
358 2262 511 2337 gladiatorem
527 2262 656 2313 rudiarium
672 2264 753 2320 luisse,
771 2274 855 2339 sponte
884 2266 958 2329 pono)
970 2264 995 2312 in
1004 2263 1110 2312 ordinem
1121 2264 1210 2327 redigo.

293 2340 325 2437 11
337 2326 856 2459 ,ἕζοπῗῖἒὲξὲἒῗ,1ἓίῗὲξι131“ιὲη1”ῗ
883 2328 1445 2458 ι,ἕέ,;ιῖ1’113ἷ,ἶὲἷ11ἶ’ὲ,13,ἱῖξῖὲ1ἶῖ

293 2452 327 2500 Hi
339 2451 410 2527 igitur
428 2470 477 2504 non
491 2463 584 2504 tantum
602 2457 660 2506 victi
676 2456 730 2507 vita
747 2458 851 2515 veniam,
884 2457 1023 2507 auctoritate
1034 2464 1160 2530 metuear.
1189 2456 1296 2529 barjona
1315 2464 1353 2503 est
1368 2465 1444 2509 secta,

292 2515 426 2579 sedetiam,
438 2518 494 2567 dum
510 2519 534 2567 in
552 2535 648 2570 arenam
665 2521 852 2580 descendebant,
885 2522 1030 2587 utfomttioe
1058 2521 1111 2569 Cic.
1129 2520 1159 2569 de
1175 2521 1259 2568 Dnnn.
1274 2536 1300 2574 ιι,
1315 2520 1445 2584 l,fonitie

293 2578 398 2630 favorem
417 2583 500 2648 populi
522 2582 568 2632 sibi
587 2585 713 2650 expetiisse
733 2586 852 2637 videntur.
886 2587 1101 2649 Peripateticorum,
1121 2592 1147 2633 et
1164 2586 1261 2643 domun
1285 2600 1340 2648 sup.
1360 2584 1410 2634 od.
1427 2584 1444 2641 i,

293 2643 359 2693 Hinc
380 2645 417 2693 Ne
431 2649 551 2709 populum,
566 2657 624 2697 cettt
645 2651 753 2698 Estnom
770 2669 851 2709 enne,
884 2651 926 2705 29,
939 2652 978 2708 lt,
990 2653 1068 2699 doram
1076 2651 1202 2698 Socratico.

292 2717 398 2758 extrem
408 2719 474 2774 parte
482 2713 520 2760 vel
531 2728 573 2760 ora
588 2712 635 2762 loci
653 2713 694 2763 ubi
710 2715 853 2778 gladiatores
920 2716 959 2762 lt.
988 2715 1087 2762 Nullius
1104 2715 1212 2761 addictam
1223 2715 1312 2773 jurare
1333 2714 1358 2760 ie
1372 2714 1444 2758 mete

292 2773 446 2886 pplgnsbant:
471 2792 541 2824 omno
561 2793 604 2841 pro
625 2777 678 2826 loco
696 2793 768 2827 arena
787 2789 851 2829 tecto
881 2773 1445 2890 minii-i”illm‘itiiddiss‘iffuldffl‘iffi

471 2875 477 2888 .
1244 2857 1262 2887 u

292 2853 307 2884 l
327 2852 536 2960 ie-lllpilddmibi,
548 2911 604 2954 cett.
622 2905 707 2954 Nerus
718 2913 743 2955 et
753 2921 850 2956 sensusr
881 2853 1444 2978 1111ιιῐέι1ι1ι1111ι1ῗ1ω111ιριὶιοωρ1111ιο-

292 2974 320 3014 ut
336 2981 380 3032 ego
398 2967 492 3026 faciam,
508 2969 573 3034 quod
592 2969 647 3018 lecit
658 2970 785 3026 Veianius,
803 2987 851 3020 non
883 2973 977 3020 toritate
996 2987 1035 3020 me
1053 2969 1131 3034 decipi
1150 2976 1175 3018 et
1197 2969 1222 3016 in
1241 2983 1341 3040 errorem
1355 2967 1445 3041 “induci

291 3029 359 3080 deest
371 3031 430 3082 mihi
442 3033 551 3089 monitor,
564 3033 849 3093 scilieetanimusmeus,
881 3036 966 3100 patiar,
986 3035 1029 3084 sed
1049 3049 1079 3084 ea
1099 3041 1202 3089 tantum,
1225 3049 1281 3098 quse
1303 3031 1363 3078 mrbr
1386 3047 1443 3080 vera

292 3109 372 3145 aurem
383 3113 460 3147 meam
472 3099 554 3146 crebro
570 3097 607 3146 his
621 3098 723 3165 implens
733 3099 849 3148 vocibus:
882 3116 935 3149 esse
955 3099 1074 3156 videntur,
1095 3098 1241 3162 amplectar:
1267 3097 1382 3144 Addietm
1395 3099 1442 3156 je-

291 3159 346 3208 Tibi
374 3159 506 3211 senescenti
534 3161 642 3228 exemplo
668 3162 699 3211 sit
723 3179 850 3213 senescens
882 3181 944 3220 rnre,
958 3163 1046 3212 Graeca
1056 3165 1118 3226 (qua
1128 3160 1216 3225 sepius
1228 3160 1343 3210 Horatius
1358 3161 1442 3225 praeei-

291 3239 377 3288 equus,
389 3225 440 3288 qui,
453 3225 499 3274 nisi
517 3234 608 3274 mature
627 3243 681 3276 eum
697 3243 768 3277 curru
779 3237 804 3277 et
814 3229 850 3277 la·
882 3243 929 3294 pue
940 3228 965 3278 in
976 3227 1122 3276 carminibus
1138 3223 1231 3292 Lyricis
1246 3239 1306 3272 usus
1321 3227 1372 3284 est)
1382 3237 1442 3271 con-

291 3286 388 3336 boribus
405 3289 510 3346 solveris,
522 3290 622 3356 turpiter
636 3308 662 3340 se
679 3290 754 3350 dabit,
766 3304 813 3342 ets
830 3293 850 3342 i·
883 3294 990 3348 structio,
1004 3308 1054 3357 pro,
1067 3289 1177 3340 addictus
1188 3297 1215 3338 ut
1224 3289 1312 3354 jurent.

290 3351 350 3399 ritus
368 3353 476 3402 trahendi
493 3353 634 3406 difficultate
650 3357 775 3406 laborabit.
919 3360 958 3406 15.
987 3359 1038 3410 Quo
1058 3372 1092 3404 me
1113 3371 1207 3417 mamque
1227 3356 1292 3415 repit
1313 3361 1442 3414 tempestus,

291 3417 357 3472 milri,
369 3417 542 3480 φιιί,1στινὸς.
570 3421 710 3484 Purgcmm,
723 3437 758 3470 sc.
769 3421 846 3478 sorde,
879 3429 936 3470 cett
967 3421 1097 3484 Eleganter
1108 3418 1222 3466 Horatius
1232 3416 1443 3480 imagineanavi-

289 3487 314 3527 et
334 3480 432 3544 proinde
452 3483 536 3533 melius
553 3492 577 3534 et
596 3485 683 3534 clarius
702 3486 847 3544 audientem,
880 3485 975 3550 gatione
990 3485 1104 3533 translata
1115 3482 1225 3548 exprimit
1235 3481 1297 3529 boc:
1315 3481 1346 3529 ed
1357 3496 1442 3544 quem-

288 3542 421 3615 ¹elegantius
438 3563 488 3612 pro,
508 3563 593 3598 meam.
626 3551 713 3598 Aurem
729 3567 850 3612 personare
881 3565 927 3598 cun
945 3565 977 3598 ue
996 3548 1165 3614 philosophum
1186 3563 1224 3595 me
1246 3544 1310 3611 rapit
1326 3544 1442 3610 impetus,

286 3621 337 3679 Jtm
354 3617 390 3658 est
406 3627 487 3686 aurern
503 3613 576 3670 sonis,
592 3614 692 3688 Yocibus
712 3615 846 3690 clarisonis,
878 3567 945 3678 apud
955 3629 1013 3688 eum
1031 3629 1084 3661 sum
1098 3613 1192 3678 hospes,
1208 3609 1329 3675 etbospas
1339 3623 1442 3684 ιιιιιεος

289 3672 409 3788 ilitilteerriri
418 3677 735 3806 rdlgenaaldllotvuuplersdtidie
746 3680 847 3791 illeiidrl
879 3671 1442 3806 lidnaddlddlhdzviltdilioffdnirdildzligod

287 3798 456 3852 Senesoemem:
476 3806 608 3856 Lambinus
624 3817 747 3873 comparat
765 3807 847 3856 Ennii.
881 3807 966 3856 Voluit
976 3807 1049 3870 igitur
1059 3806 1172 3854 Horatius
1187 3818 1204 3868 p
1221 3803 1356 3868 ilosophum
1370 3816 1441 3866 agere

289 3863 386 3928 anm.
406 3867 470 3936 apud
488 3870 542 3919 Cic.
558 3871 588 3920 de
604 3872 699 3921 Senect.
711 3889 734 3921 c.
747 3875 771 3929 5,
783 3873 849 3920 Siout
882 3887 953 3936 quem
964 3870 1049 3920 dicunt
1059 3868 1211 3919 eclecticum.

282 3927 358 3992 fortis
374 3949 452 3996 epuns,
470 3937 544 3996 spotia
560 3939 600 3998 qui
612 3936 679 4002 sorte
689 3953 793 3998 mpremo
806 3936 847 3983 Vi·
915 3935 1019 3984 16-19.
1032 3935 1103 3982 Nunc
1110 3933 1342 3997 ugilisfiossensus:
1355 3929 1439 3984 Nune,

286 3995 320 4041 eit
337 3996 454 4060 Olympio,
468 4017 531 4046 nune
545 4003 606 4048 senio
617 4000 731 4068 confectu’
742 4003 847 4064 putescit.
879 4000 965 4049 Stoicae
977 3998 1113 4065 disciplina
1124 4005 1243 4062 praecepta
1254 4009 1367 4059 sequens,
1379 4009 1439 4067 gna-

287 4055 370 4117 Smsas,
397 4062 543 4126 prudentior.
594 4065 643 4112 llio
667 4067 746 4120 duent,
772 4064 847 4114 anhe·
878 4079 933 4112 vam
944 4079 1039 4130 operam
1050 4062 1082 4110 do
1093 4063 1179 4124 (agilis
1183 4061 1236 4124 fio)
1247 4060 1320 4107 rebus
1331 4057 1441 4121 gerendis

287 4118 321 4169 let
338 4132 363 4172 et
379 4125 472 4175 lumbos
489 4127 566 4176 trabat
583 4129 661 4179 macie
676 4137 701 4178 et
711 4129 778 4177 senio
788 4143 847 4178 con·
878 4128 997 4183 civilibus,
1019 4135 1044 4176 et
1066 4141 1147 4175 earum
1175 4125 1239 4172 mole
1261 4123 1357 4177 obruor,
1379 4122 1440 4170 dunr

218 4212 223 4221 ·
287 4183 374 4236 secare.
879 4208 959 4241 veram
975 4191 1085 4240 virtutem
1103 4203 1186 4238 severa
1203 4203 1260 4236 cura
1278 4185 1398 4235 custodire
1414 4195 1441 4234 et

305 4253 360 4321 ¹10.
379 4253 449 4303 Nune
463 4257 643 4320 itaque,nunci
670 4257 783 4313 tur,dum
796 4273 846 4304 nro·
879 4254 1003 4305 defendere
1020 4254 1120 4312 studeo;
1145 4269 1211 4302 nunc
1230 4251 1312 4300 furtim
1330 4249 1363 4298 ad
1381 4251 1440 4299 Ari-

287 4317 366 4373 mton‘,
378 4319 458 4367 animo
469 4336 531 4375 meo.
544 4336 624 4387 pareo.
645 4273 729 4370 liena
739 4331 760 4370 et
772 4333 847 4371 cetera
878 4321 960 4387 stippi,
971 4321 1093 4394 voluptate
1104 4332 1223 4366 summum
1234 4318 1324 4364 bonum
1340 4323 1441 4390 mengn-

287 4378 455 4445 ludieropoao,
468 4384 599 4435 scribendis
609 4386 717 4436 versibus
727 4395 751 4436 et
763 4385 849 4436 ceteris
879 4386 919 4443 tis,
937 4384 1089 4450 disciplinam
1108 4390 1171 4432 retro
1190 4381 1259 4437 femr.
1277 4389 1301 4429 et
1315 4395 1353 4428 res
1368 4379 1441 4436 mrln,

286 4439 389 4503 lusibus,
408 4449 495 4512 quibus
507 4450 647 4515 juveniliter
661 4450 759 4509 indulsi,
772 4451 848 4500 absti·
881 4465 929 4498 non
937 4465 975 4499 me
982 4451 1053 4498 rebus
1063 4445 1177 4503 sub'icio,
1188 4445 1214 4493 h.
1225 4460 1248 4519 e.
1258 4454 1283 4492 et
1292 4442 1363 4500 lucio,
1373 4444 1441 4524 cuod

287 4519 341 4557 ³00·
375 4511 457 4561 Versus
472 4513 502 4562 ad
513 4515 620 4565 camnine
630 4516 707 4581 lyrica
719 4523 744 4564 et
754 4517 848 4565 ludicro
880 4514 955 4570 lubet,
978 4530 1026 4563 non
1049 4529 1083 4578 qu
1137 4510 1215 4560 lacere
1233 4509 1328 4572 jubeor.
1368 4509 1443 4556 buno
