3150 5200
579 321 809 388 CARMEN
833 325 863 386 5.

589 691 797 756 CARMEN
821 693 864 755 V.

425 921 470 970 IN
502 919 726 970 CANIDIAM
758 919 1025 969 vaNaatcrttt.

322 1080 389 1158 Ar,
406 1105 426 1146 o
441 1081 589 1146 Deorum
604 1081 765 1165 quidquid
779 1082 814 1145 in
829 1080 913 1145 coelo
927 1082 1013 1165 regit

453 1183 577 1247 Terras
591 1194 626 1246 et
640 1182 817 1246 humanum
831 1185 952 1265 genus!

326 1285 417 1358 Quid
433 1285 494 1350 iste
510 1284 574 1350 fert
589 1284 768 1348 tumultus?
792 1296 850 1348 aut
863 1284 944 1366 quid
958 1284 1101 1347 omnium

453 1387 575 1450 Vultus
591 1388 625 1450 in
640 1408 740 1450 unum
754 1408 806 1450 me
822 1390 952 1476 truces?

283 1489 304 1551 5
327 1488 391 1553 Per
405 1489 527 1554 liberos
543 1500 586 1566 te,
604 1490 632 1551 si
646 1498 760 1552 vocata
775 1488 935 1571 partubus

455 1591 582 1656 Lucina
597 1591 681 1656 veris
697 1588 814 1665 adfuit,

147 1752 260 1798 rostrata,
277 1741 304 1790 h.
323 1757 346 1790 a.
366 1747 440 1789 rostra
462 1738 557 1787 navium
575 1739 640 1804 gravi
659 1739 712 1789 aris
744 1739 799 1803 gica
814 1737 922 1806 apparat,
940 1748 965 1789 et
983 1739 1058 1796 varia,
1077 1756 1131 1805 que
1149 1740 1179 1788 iis
1199 1739 1307 1790 adhiberi

149 1805 254 1871 pondero
266 1805 368 1856 munita.
402 1805 514 1852 Latrones
529 1815 597 1867 osque
609 1807 712 1854 seruilem
744 1805 863 1860 solebant,
880 1803 979 1854 accendi
993 1804 1069 1869 jubet.
1098 1806 1195 1867 Sagana
1207 1803 1306 1853 domum

147 1889 252 1919 nurum.
285 1867 394 1934 Pompeii
411 1883 495 1933 nempe
512 1868 637 1925 exercitus,
653 1885 710 1918 con·
744 1867 838 1925 lustrat,
849 1878 873 1916 et
885 1870 948 1918 Veia
958 1870 1065 1917 scrobem
1075 1867 1166 1924 effodit,
1179 1883 1227 1932 quo
1238 1883 1306 1933 puer,

148 1943 187 1982 tra
204 1951 277 1999 quem
294 1932 462 1983 debellandum
481 1931 628 1982 Octavianus
647 1934 710 1983 U.C
745 1931 774 1979 ad
792 1941 898 1980 mentum
917 1947 995 1996 usque
1013 1934 1045 1980 ita
1062 1931 1176 1991 infossus,
1188 1941 1216 1980 ut
1232 1947 1306 1998 appo-

150 2015 271 2048 nocxvrrr
288 1999 408 2064 proiectus
427 2005 471 2054 eat,
483 1995 612 2044 maximam
623 2006 713 2060 partem
746 1996 805 2044 sitas
815 1995 889 2063 dapes
900 1997 979 2046 videro
995 1995 1101 2061 quidem,
1114 2013 1158 2045 nec
1175 2007 1256 2046 manen
1266 2013 1308 2046 eas

148 2071 201 2111 tum
214 2079 244 2111 ax
257 2063 339 2129 piratis
353 2073 378 2109 et
393 2063 465 2109 servis
483 2059 590 2123 undique
606 2061 714 2109 collectis
747 2061 862 2124 attingere
872 2070 959 2125 posset,
973 2061 999 2108 in
1013 2059 1094 2125 philtri
1108 2060 1225 2110 miscendi
1236 2077 1306 2109 usum

150 2128 293 2176 constabat:
311 2124 360 2174 vid.
378 2125 428 2173 Dio
445 2123 521 2181 xlviii,
539 2126 587 2183 203
605 2124 712 2180 Flor.iv,
747 2123 811 2172 lame
829 2133 920 2190 pereat.
954 2126 1008 2172 Neo
1024 2123 1093 2173 deest
1110 2125 1168 2173 huic
1187 2140 1306 2173 sacrorum

151 2194 184 2239 ὃς
201 2191 234 2240 cl.
245 2191 290 2240 int.
301 2192 334 2246 ir,
345 2192 370 2247 9,
384 2191 423 2237 10.
747 2188 893 2262 magicomm
906 2188 1105 2237 administrationi
1123 2189 1199 2246 Folia,
1216 2189 1309 2240 famosa

747 2261 834 2315 pariter
848 2262 899 2300 tum
916 2252 1029 2317 temporis
1043 2252 1156 2301 venefica.
1185 2255 1246 2301 Mox
1259 2254 1307 2302 Ca·

336 2317 489 2368 CARMEN
506 2317 539 2365 V.
749 2315 814 2364 nidia
830 2316 946 2364 horrendo
956 2316 1060 2365 camnine
1075 2331 1152 2364 rerum
1163 2317 1307 2380 magicarum

192 2384 233 2434 Ad
247 2380 714 2451 pmbrosaillacarrnina,quibusvetu·
749 2380 856 2437 numina,
880 2382 984 2429 Noctem
1005 2390 1029 2429 et
1054 2381 1170 2436 Hecaten,
1193 2381 1308 2446 appellat,

152 2449 232 2497 larum
251 2463 343 2496 amores
358 2445 493 2512 petulanter
505 2444 620 2493 Horatius
637 2444 714 2493 insec-
748 2459 847 2508 aesque,
869 2455 896 2493 ut
923 2446 1014 2493 Varum
1036 2443 1080 2492 sibi
1104 2445 1233 2501 adducant,
1255 2460 1309 2510 pre·

151 2522 216 2561 tatus
234 2522 280 2570 est,
327 2511 398 2558 rtinet
417 2508 524 2574 inprimis
537 2508 591 2563 hoe,
607 2509 671 2572 quod
689 2509 714 2556 in
748 2517 825 2556 catur.
859 2511 915 2567 Quo
925 2524 973 2556 non
986 2509 1097 2557 veniente
1113 2509 1250 2572 indignatur
1266 2509 1311 2557 illa

150 2577 212 2627 anili
228 2527 340 2627 Canidiae
357 2573 457 2624 libidine
474 2571 621 2622 diffamanda
635 2588 715 2622 versa·
747 2571 777 2621 de
788 2587 850 2622 rano
865 2572 1035 2623 incantationis
1048 2587 1098 2621 sue
1109 2584 1205 2631 eventu,
1217 2582 1241 2623 et
1258 2574 1309 2623 effi·

150 2652 199 2690 tur.
227 2640 353 2695 Emultis,
367 2652 427 2702 quos
441 2637 570 2686 insolenter
580 2638 636 2686 olim
652 2647 714 2687 trao-
747 2639 866 2687 caciorem
886 2639 958 2687 istam
977 2654 1007 2686 oa
1027 2638 1094 2704 pueri
1111 2639 1193 2703 jecore
1211 2647 1237 2687 et
1258 2654 1307 2688 me·

151 2715 214 2755 tasso
234 2705 329 2754 videtur
348 2702 461 2759 Canidia,
480 2702 632 2757 amatoribus,
653 2718 716 2752 unus
748 2700 817 2749 dulla
837 2702 1021 2778 comparandam
1048 2702 1169 2775 potionem
1197 2702 1309 2751 minatur.

151 2779 257 2825 tanturn,
269 2779 297 2818 ut
308 2776 379 2834 poeta
390 2776 476 2823 narrat,
488 2766 511 2814 ei
521 2766 617 2815 relictus
629 2766 713 2824 luerat,
750 2766 815 2815 Puer
829 2767 932 2823 iotcnm,
944 2767 1012 2815 nulla
1021 2783 1059 2815 sur
1076 2766 1227 2816 miseratione
1236 2782 1308 2815 vene·

151 2833 269 2883 ridiculus
291 2833 385 2881 scilicet
409 2830 508 2894 quidam
532 2844 605 2878 senex
630 2830 713 2889 Varus,
748 2830 806 2877 ficas
824 2832 891 2896 tangi
911 2832 1025 2887 sentiam,
1046 2830 1109 2878 diras
1128 2831 1238 2879 veneticis
1256 2832 1309 2879 istis

152 2906 178 2947 et
193 2898 232 2947 lric
247 2898 299 2963 ipse
311 2896 359 2945 alia
370 2895 441 2943 simul
453 2903 529 2941 scorta
542 2902 646 2942 mouns.
674 2896 715 2943 Ab
747 2892 901 2960 imprecatur,
919 2910 980 2959 quas
996 2896 1049 2959 ipsa
1067 2903 1138 2958 poeta
1154 2894 1264 2943 Canidia
1283 2896 1309 2942 in

152 2962 192 3009 bis
209 2962 282 3027 igitur
297 2976 353 3008 cum
363 2959 418 3023 ejus
428 2958 534 3005 animum
551 2974 597 3006 non
612 2967 715 3008 avertere
747 2957 793 3007 hoc
803 2959 908 3008 camnine
919 2960 1089 3023 imprecatoriae
1098 2966 1157 3007 erat.

153 3034 234 3091 posset
252 3026 341 3080 forme,
357 3038 429 3087 quam
448 3031 506 3070 atas
523 3021 660 3079 abstulerat,
681 3022 714 3071 le·
784 3025 870 3072 l-lo.
891 3024 954 3071 Puer
971 3023 1044 3079 mala,
1062 3038 1117 3085 quie
1134 3022 1182 3069 sibi
1199 3021 1309 3069 immina·

154 3090 259 3146 noninio,
276 3088 307 3137 ad
324 3096 398 3137 artem
416 3085 542 3149 magicam,
579 3102 611 3134 ua
628 3086 651 3134 ei
667 3088 715 3135 vim
748 3097 799 3144 ant,
811 3102 979 3152 expavescens,
997 3087 1023 3133 in
1039 3086 1091 3134 base
1102 3087 1176 3133 verba
1191 3085 1308 3149 erumpit:

155 3154 251 3210 taceret,
263 3150 389 3215 confugere
400 3149 502 3199 debebat
519 3103 619 3199 libidine
635 3150 716 3199 iurene
748 3154 789 3205 Ar,
802 3156 918 3199 odacrum
930 3152 1041 3214 quidquid
1054 3154 1080 3197 ia
1090 3150 1144 3197 coelo
1155 3152 1216 3211 regit
1228 3148 1310 3197 Tmo

157 3218 269 3266 Canidia.
301 3216 374 3273 Hine,
391 3214 441 3262 sive
460 3213 507 3261 ista
523 3228 538 3260 a
554 3214 717 3279 superstitiosa
748 3225 769 3262 et
784 3216 908 3264 hamanum
923 3216 1010 3279 genus!
1026 3214 1051 3262 b.
1064 3228 1086 3261 e.
1098 3221 1131 3269 at,
1142 3228 1185 3278 per
1195 3212 1253 3260 deos
1264 3213 1309 3260 im·

170 3281 226 3330 lebe
240 3294 295 3329 vere
310 3296 351 3345 pro
365 3278 472 3327 venefica
488 3276 578 3333 habita,
592 3279 650 3335 sive,
663 3294 717 3343 qua
749 3279 869 3334 mortales,
886 3279 945 3344 quid
960 3278 1005 3328 sibi
1021 3278 1073 3326 vult
1090 3276 1129 3325 bio
1148 3276 1311 3325 tumultuosus

154 3298 203 3393 iios
221 3345 316 3393 numne
332 3343 472 3396 differretur,
484 3341 558 3404 digna
574 3350 649 3407 poetae
666 3344 717 3391 visa
749 3346 893 3407 apparatusl
921 3346 1034 3407 quidquid
1058 3346 1160 3397 deornm,
1184 3349 1241 3389 nota
1260 3340 1310 3390 ele-

155 3408 239 3465 tuerit,
258 3408 368 3465 nefanda,
380 3423 436 3481 quar
453 3405 543 3453 furiosa
560 3421 621 3453 anus
639 3406 669 3455 ad
687 3406 716 3455 li·
750 3408 839 3470 gantis,
857 3422 907 3472 pro,
927 3424 1009 3457 ornnes
1025 3406 1075 3455 diis
1105 3404 1158 3453 Liv.
1175 3405 1210 3459 iii,
1228 3406 1269 3460 25,
1288 3416 1312 3454 et

154 3471 261 3521 bidinosi
281 3472 345 3521 sanis
362 3486 469 3519 animum
484 3470 529 3517 sibi
549 3470 592 3517 uni
610 3470 717 3519 devinci·
749 3474 862 3534 quidquid
879 3475 972 3519 deorum
988 3481 1021 3519 cst
1029 3489 1038 3529 ς
1061 3469 1124 3519 mem
1140 3469 1168 3524 ii,
1183 3472 1223 3525 ³5,
1241 3472 1310 3532 puid-

155 3537 247 3586 endum
268 3534 444 3601 perpetraverit,
465 3544 605 3581 enarrantur
626 3534 651 3581 in
673 3536 717 3583 boo
750 3538 808 3597 quid
824 3546 927 3596 patrima,
948 3551 998 3600 pro,
1015 3550 1098 3583 omnes
1118 3542 1205 3599 patres.
1236 3534 1311 3582 Plura

155 3600 262 3649 carmine
279 3600 376 3649 scelera.
393 3597 397 3610 ¹
413 3599 442 3646 In
462 3598 550 3661 quibus
567 3613 623 3647 cum
643 3614 718 3646 unum
750 3599 800 3647 vid.
812 3599 878 3665 apud
888 3600 1011 3647 Drakenb.
1022 3598 1052 3645 ad
1066 3598 1119 3647 Liv.
1131 3600 1161 3645 T.
1172 3598 1205 3654 iv,
1219 3614 1242 3662 p.
1252 3598 1310 3647 675.

155 3664 230 3733 presi
264 3681 277 3712 e
295 3664 418 3712 atrocitate
436 3670 557 3725 superaret
572 3670 650 3710 cetera
667 3678 717 3711 om·
752 3663 890 3721 Tumultru5
909 3662 1007 3711 videbat
1017 3662 1081 3711 enim
1093 3664 1118 3710 in
1130 3664 1202 3710 rebus
1213 3661 1313 3725 magicis

156 3729 206 3783 nia,
243 3728 368 3777 orrendum
391 3740 476 3789 nempe
497 3724 559 3774 illud
580 3726 716 3781 consilium,
751 3742 781 3791 ap
800 3727 895 3775 arandis
918 3727 965 3775 buc
989 3736 1015 3774 et
1038 3725 1098 3774 illuo
1119 3725 1251 3773 discurrere
1270 3741 1310 3775 ve·

158 3808 207 3856 qno
226 3792 273 3840 ista
292 3808 321 3841 er
339 3790 406 3856 pueri
425 3788 532 3851 ingenui,
551 3790 613 3837 same
630 3791 716 3846 enecti,
751 3744 848 3839 micas.
885 3792 935 3837 Aut
954 3792 1019 3853 quid,
1038 3805 1072 3838 sc.
1089 3788 1136 3838 sibi
1155 3791 1248 3836 volunt.
1281 3790 1310 3836 ln

157 3856 267 3905 medulla
277 3856 390 3920 etjecore
402 3852 592 3902 efficacissimum
604 3853 717 3919 philtrum
749 3872 831 3911 unum,
843 3870 879 3903 sc.
893 3854 1016 3911 conversi3
1034 3854 1136 3918 abrupte
1151 3854 1226 3900 oratio
1242 3867 1256 3899 e
1300 3880 1310 3890 ·

156 3921 274 3968 conticere
290 3918 433 3977 instituerit;
451 3916 523 3980 hujus
535 3918 606 3965 totius
618 3918 650 3965 roi
666 3934 717 3965 soe·
750 3920 788 3981 gie
800 3918 831 3966 ad
843 3918 909 3982 pueri
924 3918 1123 3981 perturbationem
1134 3930 1163 3963 ex
1180 3915 1254 3962 riman
1272 3930 1312 3962 am

157 3998 214 4031 nam
231 3983 257 4031 in
274 3982 319 4031 boc
335 3981 439 4030 carmine
457 3990 616 4045 representat,
627 3990 652 4029 et
670 3984 718 4031 Ca·
751 3981 867 4029 adornata
889 3991 934 4029 est.
976 3982 1021 4028 Per
1044 3932 1222 4028 liburnicae
1244 3978 1311 4042 pueri

157 4047 250 4095 nidiam
277 4061 346 4095 sacra
370 4046 463 4107 magica
486 4060 540 4092 cum
566 4046 641 4093 tribus
666 4044 720 4093 aliis
753 4044 860 4093 animum
883 4044 980 4099 doloris,
1001 4059 1073 4106 quem
1094 4050 1204 4108 parentes
1224 4041 1270 4104 (cl.
1287 4058 1312 4090 v.

157 4110 314 4166 administris,
326 4112 430 4173 Sagana,
444 4108 513 4163 Veia,
525 4117 550 4157 st
561 4109 636 4164 Folia,
649 4110 718 4157 ador·
754 4110 814 4165 101)
838 4108 868 4156 ds
892 4108 945 4171 ejus
972 4107 1069 4155 interitu
1097 4105 1228 4169 suscepturi
1253 4104 1311 4161 sint,

158 4182 256 4222 nantem
275 4173 383 4228 inducit;
400 4172 468 4221 adest
482 4188 549 4246 puer.
560 4182 585 4221 et
602 4188 656 4220 cum
669 4188 719 4220 ma·
752 4172 817 4219 subit
835 4172 963 4235 cogitati03
986 4170 1069 4234 itaque
1085 4172 1218 4217 obtestatur
1236 4168 1312 4217 Cani·

157 4238 263 4285 lnmsibi
276 4254 290 4285 a
302 4236 404 4286 Canidia
417 4251 493 4301 parari
509 4252 540 4284 er
557 4236 616 4284 truci
629 4236 683 4301 ejus
695 4236 719 4283 in
752 4235 815 4283 diam
836 4252 878 4311 per
895 4244 1028 4283 maternum
1046 4235 1108 4299 ejus,
1127 4234 1148 4282 si
1165 4247 1219 4281 vere
1238 4241 1313 4281 mater

156 4318 183 4349 se
197 4300 276 4349 defixo
288 4301 358 4349 vultu
375 4300 659 4355 animadversionum
676 4300 721 4348 sibi
752 4300 792 4357 sit,
808 4315 923 4354 animum,
936 4306 964 4346 ut
979 4307 1104 4364 parentum
1123 4312 1198 4345 cansa
1211 4298 1249 4343 sui
1267 4296 1312 4343 mi·

157 4363 592 4477 tlttdfflttltfaatl
605 4366 720 4477 ital
752 4373 838 4476 {iil
861 4359 1311 4475 ittuftatt0t⁰‘··⁹t.r⁸l³l’

158 4500 276 4557 praetexta
293 4490 316 4541 ei
333 4490 438 4556 derepta,
456 4491 570 4547 denudat,
587 4444 654 4540 aira
672 4461 722 4541 ma1
756 4464 802 4540 nisi
824 4492 883 4541 torte
903 4507 944 4540 eos
964 4491 1018 4539 aliis
1039 4440 1217 4554 matribtisuiiar
1236 4459 1314 4537 irralas
