3150 5200
307 316 372 380 568
544 310 829 380 EPISTOLA
857 310 932 377 An
965 310 1216 377 PISONES.

308 466 374 530 455
395 466 563 531 Vesanum
578 466 724 550 tetigisse
739 466 855 529 timent
868 463 1063 548 fugiuntque
1078 474 1218 548 poetam,

397 568 465 641 Qui
481 568 629 651 sapiunt3
653 567 778 651 agitant
792 566 898 650 pueri,
913 566 1101 648 incautique
1117 576 1312 650 sequuntur.

398 658 475 746 Hie,
492 669 570 732 dum
586 667 731 732 sublimis
746 690 859 731 versus
875 676 1023 731 ructatur
1038 677 1072 730 et
1086 677 1185 744 errat,

398 770 446 847 Si,
462 771 573 847 veluti,
588 769 719 833 merulis
734 770 890 844 intentus,
906 768 1040 844 decidit,
1056 790 1189 852 auceps,

398 872 436 935 ln
452 882 586 955 puteum
600 869 776 946 foveamve,
792 869 880 945 licet,
897 868 1097 945 succurrite,
1113 869 1246 954 longum

314 974 379 1040 460
401 972 538 1048 Clamet,
555 971 592 1035 Io
607 974 710 1036 civest
734 993 800 1034 non
815 971 857 1034 sit
871 971 928 1053 qui
943 969 1056 1033 tollere
1071 982 1174 1035 curet.

397 1074 433 1138 Si
449 1075 521 1157 quis
537 1084 630 1138 curet
645 1095 739 1157 opem
755 1071 852 1149 ferre,
867 1083 902 1136 et
916 1071 1086 1137 demittere
1100 1072 1223 1150 funem,

398 1175 468 1249 Qut
482 1176 557 1252 acis,
573 1197 614 1238 an
629 1175 775 1258 prudens
790 1173 856 1237 huc
871 1195 906 1237 se
922 1173 1089 1256 dejecerit,
1104 1185 1203 1257 atque

398 1277 528 1341 Servari
544 1275 646 1340 nolitt
668 1276 785 1352 dicam,
803 1273 970 1357 Siculique
985 1285 1092 1358 poetoe

308 1388 313 1396 '
398 1379 552 1443 Narrabo
563 1378 745 1442 interitum:
770 1376 865 1440 Deua
879 1374 1067 1439 immortalis
1080 1375 1195 1441 heberi

311 1479 377 1543 465
400 1479 491 1543 Dum
506 1480 597 1562 cupit
613 1477 843 1561 Empedoclea,
859 1476 1026 1540 ardentem
1041 1476 1180 1561 frigidus
1194 1477 1337 1543 AEtnam

399 1579 537 1644 Insiluit.
585 1578 635 1641 Sit
645 1580 713 1661 jue,
729 1578 888 1661 liceatque
903 1580 1010 1662 perire
1024 1580 1148 1663 poetis:

398 1682 539 1746 Invitum
554 1680 610 1765 qui
626 1691 743 1756 servat,
759 1680 847 1743 idem
861 1677 939 1744 facit
952 1680 1123 1744 occidenti.

400 1782 473 1847 Nec
489 1782 587 1847 semel
600 1781 665 1847 hoc
677 1780 772 1875 fecit3
796 1802 867 1857 nec,
884 1782 911 1843 ai
926 1792 1086 1845 retractus
1101 1783 1174 1858 erit,
1185 1783 1254 1867 jam

400 1882 474 1949 Fiet
489 1882 598 1963 horno,
615 1895 648 1947 et
662 1894 763 1968 ponet
777 1881 910 1947 famosae
925 1885 1036 1948 mortis
1052 1906 1201 1949 amorem.

312 2102 365 2150 qao.
398 2086 473 2143 Moto,
492 2083 643 2134 abominalis.
677 2084 771 2133 Morbus
784 2086 871 2149 regias,
938 2086 996 2134 460.
1024 2085 1078 2133 Noa
1099 2090 1130 2135 rit
1150 2089 1190 2150 qui
1209 2088 1290 2134 tottm
1309 2096 1390 2135 cum:
1414 2094 1458 2134 tum

313 2165 339 2199 ar
356 2159 436 2206 uatus,
450 2165 540 2214 aumgo
552 2150 581 2213 (a
596 2149 674 2198 colore
692 2148 768 2211 auri),
780 2150 873 2213 ἴετιρος
905 2147 1024 2198 neminem
1043 2148 1127 2199 ederae
1149 2150 1229 2210 velim,
1247 2149 1291 2215 qui
1313 2166 1373 2199 eum
1388 2160 1457 2199 erna-

315 2168 361 2277 (alr
383 2229 427 2263 ave
454 2212 513 2262 lutei
535 2213 574 2262 vel
600 2213 653 2261 flavi
680 2212 789 2274 coloris),
819 2228 871 2269 noa,
904 2211 1009 2261 handum
1022 2222 1097 2263 curet.

315 2278 448 2327 Gelbeuclrt.
483 2278 559 2327 Varro
567 2277 631 2342 apud
640 2275 748 2325 Plinium
759 2275 819 2333 xxii,
828 2278 870 2333 24,
936 2278 1075 2325 463-466.
1095 2278 1214 2341 Siculique
1239 2288 1320 2340 pone.
1355 2278 1456 2339 Enpedo-

313 2357 333 2390 ι.
350 2346 391 2398 53,
409 2345 500 2405 regiam
515 2344 698 2405 cognominatam
715 2342 817 2389 morbum
830 2358 870 2389 or·
903 2340 956 2397 cler,
975 2339 1131 2406 philosophus
1150 2351 1175 2391 et
1194 2341 1310 2408 physicus
1327 2342 1457 2406 Agrigenti·

312 2416 408 2466 quotam
431 2407 515 2461 tradit,
543 2408 650 2467 quoniam
671 2406 743 2453 make
764 2414 871 2453 curetur.
903 2418 959 2461 nus,
977 2405 1098 2467 egregium
1115 2421 1212 2455 carmen
1227 2405 1259 2455 de
1272 2408 1348 2455 rebus
1362 2404 1458 2471 physica

314 2468 413 2517 Scilicet
429 2470 527 2516 mulsam
539 2467 635 2533 (vinum
651 2468 722 2517 melle
733 2466 870 2531 conditum)
903 2466 1005 2533 occiput,
1025 2468 1080 2518 Cic.
1101 2469 1131 2517 de
1150 2471 1218 2519 Orat.
1235 2469 1254 2527 i,
1270 2472 1315 2526 50,
1334 2470 1400 2519 unde
1411 2470 1456 2534 jam

315 2532 417 2596 pertinet
434 2530 465 2578 ad
481 2530 589 2588 delicias,
602 2546 661 2595 quaa
680 2547 747 2595 regen
762 2531 871 2599 inprimis
903 2529 992 2580 dicitur
1012 2542 1077 2594 poeta
1098 2534 1201 2582 Skirtos.
1243 2534 1284 2583 De
1304 2535 1393 2584 cetaria
1411 2534 1457 2598 eju

313 2603 338 2644 et
347 2594 463 2645 beatiores
473 2603 588 2661 appetunt
598 2604 623 2646 et
637 2595 707 2645 facile
718 2596 763 2645 aibi
775 2612 871 2671 compa·
904 2594 999 2661 scriptia
1014 2595 1063 2644 rid.
1082 2598 1178 2647 Febric.
1195 2596 1261 2646 Bibl.
1280 2598 1366 2648 Graec.
1382 2595 1415 2654 ii,³
1425 2600 1458 2646 12.

314 2673 366 2708 rare
382 2667 490 2724 possum.
523 2659 610 2708 Celeus
624 2675 719 2724 quoque
735 2659 778 2708 lib.
793 2661 828 2717 iir,
847 2677 872 2710 c.
905 2659 1000 2709 Fabula
1018 2661 1048 2710 de
1065 2662 1119 2727 ejus
1139 2661 1235 2711 interitu
1253 2662 1457 2713 circumferebatur
1530 2654 1531 2677 ³

312 2724 354 2780 24,
378 2739 398 2771 a.
419 2723 437 2771 t.
460 2737 546 2770 nomen
568 2726 628 2786 regit
651 2725 723 2771 morti
745 2724 831 2789 repetit
858 2740 874 2772 a
905 2723 974 2772 hac:
1009 2741 1064 2774 cum
1089 2725 1229 2775 immortalia
1250 2727 1336 2776 haberi
1360 2735 1457 2792 cuperet.

313 2785 432 2844 remediis,
444 2801 546 2850 quorum
557 2802 617 2836 usus
633 2801 717 2850 regum
730 2787 839 2854 inprimis
850 2798 874 2837 et
905 2802 968 2845 eum,
991 2789 1067 2847 aiunt,
1090 2789 1153 2838 clam
1181 2790 1206 2838 in
1230 2799 1338 2840 montem
1366 2794 1457 2841 AEtnan

314 2849 426 2898 ditiorum
437 2849 523 2915 opibus
534 2858 606 2915 patet.
904 2849 1003 2901 enixum
1018 2868 1047 2903 eo
1063 2853 1163 2902 consilio
1179 2853 1214 2903 ibi
1231 2854 1258 2902 in
1273 2855 1399 2905 ardentem
1413 2871 1459 2904 cra·
1530 2894 1531 2921 r

346 2916 404 2964 454.
428 2915 555 2962 Fonoticar
575 2931 649 2970 error,
673 2913 775 2974 insania,
798 2915 871 2972 furor,
904 2915 1169 2983 teramaepracipitem
1177 2915 1280 2976 dedisse,
1288 2927 1326 2977 ut,
1338 2921 1360 2969 ai
1370 2928 1459 2985 repente

313 2992 362 3090 ffi
384 2978 471 3054 aliquia
491 2986 612 3043 correptus
634 2977 682 3027 hnc
704 2977 763 3027 illuc
785 2979 870 3052 aititur.
903 2979 1048 3038 evanuisset,
1072 2997 1101 3031 ex
1120 2981 1215 3031 homine
1236 2983 1296 3032 deus
1317 2983 1396 3033 factm
1412 2999 1459 3032 ease

343 3045 347 3054 “
364 3059 394 3090 uo
410 3041 496 3091 dicitur
507 3044 629 3098 iracundo,
642 3049 684 3091 aut
702 3043 769 3106 quia,
783 3044 873 3092 violata
904 3042 1052 3105 crederetur;
1068 3061 1117 3095 rem
1133 3055 1214 3096 autem
1228 3046 1310 3096 ferreis
1325 3049 1380 3113 ejua
1390 3047 1458 3112 crepi-

314 3104 416 3156 l'urorem
426 3105 541 3163 immittit,
552 3113 594 3154 aut
604 3105 669 3170 quia,
682 3122 737 3155 cum
752 3105 825 3155 simul
841 3107 874 3155 ait
904 3104 941 3154 dia
957 3123 987 3156 ex
1004 3118 1092 3160 cratere
1109 3126 1165 3159 cum
1179 3125 1259 3159 maaca
1274 3111 1375 3161 ardente
1384 3111 1458 3177 ejectis

315 3168 384 3218 Luna
402 3169 427 3220 in
448 3169 520 3225 coelo‚
541 3178 590 3218 tam
608 3185 716 3219 crescent
736 3186 808 3236 quarn
830 3170 873 3219 de·
922 3171 1049 3221 arefactam
1070 3189 1132 3223 asae.
1166 3172 1298 3224 Ostendere
1320 3175 1396 3240 igitur
1412 3175 1459 3224 vult

313 3248 430 3292 crescens,
443 3248 554 3297 magnam
572 3233 619 3281 vim
635 3233 659 3283 in
678 3233 777 3284 lurioaoa
792 3235 872 3291 habet,
931 3234 1020 3284 oratius
1042 3238 1087 3286 hac
1110 3238 1253 3295 narratione,
1270 3255 1389 3303 magnum
1405 3240 1456 3289 adeo

313 3295 376 3346 unde
400 3296 435 3345 illi
459 3295 573 3346 dicuntur
597 3299 705 3354 lunatici,
723 3299 874 3360 σεληνιακοὶ,
905 3297 975 3346 illurn
986 3311 1081 3364 poetam
1092 3301 1262 3413 Endiedoelem
1276 3319 1306 3351 eo
1320 3305 1422 3353 consilio
1435 3305 1458 3352 ia
1530 3314 1531 3329 ³

316 3361 507 3424 σεληνόβλητοι.
905 3371 1019 3412 craterem
1030 3368 1113 3415 AEtnoe
1143 3365 1458 3433 esiluiaae,naaquoquan

345 3425 401 3473 456.
419 3426 518 3489 Agitant
534 3428 614 3486 pueri,
632 3441 667 3474 ac.
687 3441 801 3475 vesanum
816 3441 873 3492 poe·
906 3424 961 3475 inde
983 3438 1063 3492 poaaet
1083 3429 1186 3478 extrahi.
1219 3431 1333 3480 Ceumm
1360 3433 1458 3482 divertat

312 3495 379 3534 tam:
395 3491 493 3545 incauti,
501 3503 589 3562 'parurn
602 3489 647 3538 sibi
660 3499 770 3539 caventes
782 3491 812 3564 arb
829 3490 873 3538 im·
905 3487 936 3538 de
947 3491 1100 3557 Empedoclis
1109 3501 1183 3542 morte
1194 3494 1351 3552 narrationes,
1362 3497 1458 3561 hacipm

311 3552 870 3666 cartaerflariartacem
903 3552 1458 3673 dcccutemrmutr

313 3678 399 3752 capita.
432 3679 559 3753 Ructatur,
574 3652 670 3755 egrigie¹
682 3681 714 3729 ad
732 3695 789 3739 rem,
802 3680 871 3731 aiunt
904 3634 919 3684 p
935 3683 993 3732 465.
1010 3657 1122 3750 Frigidus
1138 3637 1457 3752 snoeoeg'opponitiuniiaaa

311 3743 409 3807 quidem
431 3751 570 3809 interpretes
582 3761 590 3805 5
616 3746 726 3810 equrdem
750 3743 795 3793 hoc
821 3761 870 3794 non
902 3746 988 3795 AEtnae.

310 3807 386 3871 magis
409 3809 507 3882 lionaate
526 3807 617 3882 dictum
636 3824 689 3858 enac
727 3817 777 3868 uto,
796 3825 869 3874 quarn
934 3811 991 3860 466.
1007 3812 1043 3860 Sit
1047 3815 1100 3875 jor,
1110 3815 1228 3878 luantque,
1236 3823 1294 3864 cett.
1304 3812 1454 3882 deturpantis

312 3871 375 3936 apud
393 3873 447 3949 (Jrc.
466 3887 491 3918 ιιι
511 3872 567 3922 Cat.
585 3889 612 3929 ιι,
627 3875 651 3930 ὀ,
668 3890 698 3948 cc
765 3883 870 3922 erectore
903 3873 972 3922 venia
992 3883 1018 3924 et
1038 3885 1142 3942 poteatas
1168 3894 1210 3944 pro
1231 3877 1311 3929 lubitu
1337 3879 1455 3946 pereundi.

308 3935 656 4050 ffldl⁸i1riiilidl¹l
661 3953 708 4050 dl
724 3938 870 4049 illirici?
901 3938 1079 4051 ditm*
1096 3950 1123 3990 '¹‘
1140 3945 1290 4008 ‘'¹¹²''‘²³⁴
1303 3948 1456 4009 ΜΝ*

309 4069 334 4110 et
363 4063 569 4128 circumvagatur5
599 4063 661 4113 hanc
687 4036 869 4129 eiplicationani
934 4036 1080 4116 &isidem
1094 4070 1161 4134 facit
1178 4074 1297 4128 euidenti,
1318 4071 1384 4124 idern
1401 4072 1454 4121 tacit

311 4129 433 4191 postulant
455 4129 588 4192 mouentia.
628 4129 743 4202 longam,
766 4143 815 4177 non
839 4129 870 4178 ad
901 4130 967 4193 quod
981 4128 1101 4190 occidens,
1121 4133 1185 4183 idern
1203 4151 1232 4185 ac
1252 4135 1273 4184 ai
1291 4152 1347 4185 eum
1366 4137 1454 4186 occidat

310 4197 412 4304 titt*
433 4191 869 4307 tltltttet'ttttttt?
901 4195 943 4305 il
955 4194 1015 4308 “e‘'a'l
1027 4199 1297 4312 ir‘2“³'‘³‘i‘²”⁰⁹“li
1316 4202 1452 4278 mil

309 4289 392 4383 longai
399 4271 680 4386 instetlimdacdrtrioccr.
688 4293 694 4314 ’
702 4322 809 4385 Longum
818 4293 869 4370 cto-⁹
892 4295 976 4387 fodere
998 4279 1172 4389 'omnidipiarorii
1177 4264 1283 4376 caing:
1296 4276 1453 4395 'taeipiiariirii

308 4399 376 4462 more
389 4383 490 4442 dictum,
508 4392 536 4434 ut
558 4383 623 4452 apud
643 4385 750 4445 Grecos,
773 4387 870 4452 μικρὸν
901 4386 984 4460 eadem
1002 4403 1031 4436 ac
1045 4389 1130 4462 turpia,
1143 4399 1170 4440 ut
1182 4393 1288 4466 explicat
1303 4393 1337 4441 ibi
1355 4393 1450 4443 creat.

307 4445 402 4498 amo.
903 4449 978 4500 Redit
1010 4453 1124 4502 Horatrua
1157 4456 1188 4504 ad
1219 4472 1329 4507 insanum
1360 4467 1448 4522 poetam
