3150 5200
543 377 731 438 HORATII
753 379 919 439 Musam.
1229 374 1302 432 xxiii

141 535 240 595 untes,
266 533 422 604 sysaram
447 523 522 598 (uos,
545 525 736 606 Stropbena.
760 524 902 602 sicam)
926 524 1055 584 efficiunt
1076 522 1130 582 sibi
1153 521 1185 579 in
1208 520 1301 577 vicem

140 620 238 698 quoad
257 621 428 698 rhythmum
448 619 562 679 similia.
604 621 716 692 Quodsi
734 631 800 698 past
820 621 923 679 seriem
941 620 1073 678 binarum
1086 635 1222 674 versuum
1241 615 1300 691 pri-

140 737 223 774 mum
237 736 329 792 genus
342 713 430 784 redit,
442 725 568 792 systema
582 727 626 774 est
640 719 771 794 simassi
777 737 786 784 ;
805 734 843 774 ex
856 734 913 791 quo
925 712 997 790 quid
1010 714 1049 771 sit
1062 716 1217 787 apicrpocav,
1228 709 1299 784 μονό-

5 849 23 888 ¹,
140 833 258 887 στροφον,
271 815 462 887 τετράστροφον
475 810 561 868 facile
574 820 664 888 patet.

348 1125 562 1185 VERSUUM
584 1124 874 1184 SINGULORUM
897 1122 1090 1182 GENERA.

569 1345 595 1382 a.
621 1325 726 1382 Versus
743 1323 867 1380 iambici.

139 1487 166 1542 1.
188 1484 301 1545 Versus
315 1485 454 1544 iambicus
468 1485 591 1544 dimeter
604 1485 779 1544 acatalectus
793 1507 815 1544 s.
829 1485 1038 1563 quatern'srius.

376 1852 397 1910 Ι
397 1852 491 1910 carsit
504 1853 661 1911 oesiuosias.
703 1854 797 1932 Epod.
811 1855 840 1923 3,
858 1855 903 1913 18.

380 1947 431 2006 Vel
453 1946 552 2004 hoedus
570 1956 688 2023 ‘ereptus
707 1948 779 2025 lupo.
824 1949 917 2027 Epod.
931 1949 960 2017 2,
976 1949 1022 2006 60.

375 2041 488 2100 imbres
501 2041 635 2120 nivesque
648 2051 803 2118 comparat.
846 2043 940 2121 Epad.
953 2043 983 2109 2,
996 2043 1044 2100 30.

375 2136 458 2194 Fora·
471 2156 624 2214 sequamur
635 2144 756 2214 pectore.
798 2137 891 2215 Epod.
908 2137 934 2206 l,
951 2135 997 2196 14.

379 2227 492 2310 Videire
500 2227 700 2309 propelrasles
715 2231 834 2289 domum.
876 2231 970 2309 Epad.
984 2231 1012 2299 2,
1027 2229 1075 2288 62.

373 2325 427 2384 Ast
441 2323 507 2405 ego]
520 2327 643 2384 vicissim
658 2328 757 2384 risero.
800 2326 894 2405 Epad.
912 2325 958 2394 15,
973 2325 1020 2382 20.

216 2421 381 2482 essehoc
395 2421 669 2481 versunum20et
684 2420 731 2477 21.

216 2517 272 2577 Est
282 2517 314 2575 in
327 2527 420 2576 metro
433 2537 472 2574 xv
486 2526 516 2574 et
529 2516 588 2574 xvi.

134 2710 164 2766 2.
185 2708 298 2769 Versus
314 2707 454 2767 iambicus
468 2706 599 2765 trimeter
613 2706 778 2765 catalectus.
945 2705 954 2725 “

373 2988 445 3047 Mea
459 2987 569 3045 renidet
584 2987 613 3044 ia
627 2988 706 3045 darno
719 2988 850 3045 lacunar.
890 2988 922 3054 ii,
939 2986 984 3054 18,
999 2986 1026 3043 2.

372 3084 440 3144 Jam
455 3092 481 3141 ie
489 3092 598 3160 premet
615 3080 846 3161 aoijbuloeque
859 3102 964 3139 manes.
1004 3083 1025 3150 i,
1041 3079 1069 3148 4,
1086 3080 1131 3137 16.

373 3174 550 3257 Regamiqae
563 3177 675 3258 paeiris
689 3198 739 3236 aec
753 3177 867 3235 satelles
879 3176 948 3234 arci.
989 3176 1021 3244 ii,
1037 3173 1084 3243 18,
1098 3173 1147 3231 34.

140 3318 144 3325 -
214 3276 271 3335 Est
285 3274 316 3332 in
329 3284 422 3333 metro
436 3274 477 3331 xii
490 3284 521 3332 et
534 3276 613 3335 xviii.

130 3468 160 3526 3.
183 3465 296 3526 Versus
309 3464 448 3523 iambicus
461 3465 593 3529 trimeter
608 3464 781 3524 acatalectus
795 3482 817 3519 s.
832 3461 969 3520 senarius.

749 3582 762 3591 ·
791 3574 806 3593 ν
818 3573 835 3595 ²
873 3578 882 3611 1

214 3934 283 3992 Suis
296 3942 323 3992 et
336 3934 401 4011 ipsa
416 3934 509 3991 Roma
524 3934 636 3991 viribus
650 3933 718 3991 ruit.
760 3933 855 4010 Epad.
872 3932 919 4002 16,
933 3932 962 3990 2.

212 4028 282 4087 Heu
296 4050 340 4087 me
352 4050 404 4107 per
414 4028 521 4097 arbem,
537 4048 602 4086 nam
619 4028 708 4104 pudet
723 4029 798 4085 sana
811 4027 889 4083 mali.
930 4026 1025 4103 Epcd.
1042 4025 1087 4094 ll,
1103 4025 1130 4092 7.

215 4124 283 4182 Tibi
297 4122 438 4199 saepicule
446 4130 548 4199 pecias
562 4130 587 4180 et
599 4142 683 4199 puras
697 4141 807 4181 aranas.
850 4120 943 4197 Epod.
960 4118 1006 4186 17,
1020 4116 1068 4177 49.

211 4214 367 4297 ΒενίρεΙτε
380 4218 478 4275 lanam
493 4217 607 4275 vocibus
616 4216 724 4292 possim
738 4214 815 4272 meis.
857 4212 951 4290 Epod.
968 4212 1014 4281 17,
1029 4210 1076 4279 78.

477 4513 482 4544 ¹
503 4511 526 4559 N
529 4519 568 4559 ota
582 4511 591 4574 ΙΙ
607 4510 686 4559 locum
699 4525 798 4559 caesurae
810 4509 929 4574 designat.
