3150 5200
306 326 371 390 ma
536 309 538 316 ‘
686 327 1079 394 siusronnnuu

327 479 371 543 35
394 478 517 542 Nescio
532 479 622 561 quod
638 480 782 563 cupiens,
800 481 924 546 hortari
939 483 1040 564 coepit
1052 482 1191 545 eundem

392 580 513 644 Verbis
529 603 602 663 quae
618 582 730 645 timido
745 605 876 666 quoque
891 594 1025 665 possent
1040 582 1162 646 addere
1177 594 1335 646 mentem:

393 687 414 714 “
425 680 452 757 Ι,
469 684 564 758 bone,
579 705 644 766 quo
660 685 761 746 virtus
778 695 834 748 tua
854 694 887 747 te
903 695 1016 759 vocat;
1040 685 1051 746 i
1066 684 1151 767 pede
1166 683 1285 760 fausto,

392 783 541 846 Grandia
556 782 680 846 laturus
697 785 883 849 meritorum
897 783 1046 869 praemia!
1094 784 1183 858 Quid
1201 785 1306 850 stasl''

393 885 474 948 Post
489 883 559 950 haec
575 884 628 948 ille
644 897 747 963 catus,
763 886 969 970 quantumvis
983 886 1137 962 rusticus,
1154 893 1176 921 “
1186 886 1263 961 Ibit,

327 985 370 1048 40
392 985 457 1051 lbit
472 1007 522 1064 eo,
539 989 678 1070 quovis,
695 989 750 1071 qui
767 1010 881 1051 zonam
895 987 1069 1070 perdidit,”
1083 988 1198 1070 inquit.

391 1087 506 1152 Romae
521 1087 636 1152 nutriri
652 1089 729 1152 milri
745 1090 892 1172 contigit,
909 1099 1007 1172 atque
1023 1089 1144 1165 doceri,

392 1188 498 1253 Iratus
515 1190 625 1252 Graiis
640 1203 797 1272 quantum
812 1190 977 1254 nocuisset
992 1187 1149 1252 Achilles.

391 1288 554 1374 Adjecere
571 1293 665 1354 bonae
681 1291 778 1374 paulo
790 1291 864 1375 plus
879 1292 958 1354 artis
971 1289 1124 1367 Athenae,

391 1391 523 1457 Scilicet
538 1403 574 1456 ut
589 1415 718 1477 possem
734 1415 834 1457 curvo
849 1393 1040 1477 dignoscere
1056 1402 1190 1468 rectum,

326 1493 369 1555 45
391 1491 503 1578 Atque
518 1496 602 1558 inter
618 1495 713 1558 silvas
730 1492 890 1559 Academi
902 1516 1048 1576 quaerere
1063 1515 1183 1558 verum.

391 1594 487 1658 Dura
502 1597 560 1660 sed
576 1619 723 1660 emovere
738 1596 810 1660 loco
826 1619 876 1660 me
892 1607 1039 1680 tempora
1053 1607 1157 1680 grato,

392 1695 567 1779 Civilisque
583 1698 698 1761 rudem
714 1698 789 1762 belli
805 1697 879 1762 tulit
894 1708 993 1762 aestus
1009 1699 1041 1760 in
1057 1719 1155 1772 anna,

391 1799 531 1862 Caesaris
547 1799 690 1884 Augusti
706 1823 770 1864 non
785 1821 982 1884 responsura
996 1798 1136 1863 lacertis.

337 1931 379 1978 32.
397 1931 469 1980 Derris
479 1935 584 1990 honestis,
597 1933 739 1990 honorificis,
758 1933 862 1998 splendi·
895 1931 989 1988 simam,
1007 1931 1046 1980 cui
1063 1931 1137 1979 animi
1151 1930 1242 1979 cultum
1258 1929 1282 1977 in
1298 1924 1457 1997 philosophias

304 1993 355 2052 dis;
373 1993 444 2043 adea
461 1997 521 2045 reler
536 2012 635 2047 coronas
650 1998 761 2054 murales,
774 1998 863 2046 ohsidi-
896 1996 975 2044 studio
991 1996 1099 2050 debebat,
1119 1994 1259 2042 mollissimo
1276 1995 1460 2062 gratissimoque

303 2058 394 2114 males.
405 2059 515 2117 vallares,
527 2061 623 2116 civicas.
635 2069 690 2110 cett.
897 2061 972 2108 animi
991 2075 1063 2109 sensu
1082 2059 1221 2125 simpliciter
1238 2066 1263 2106 et
1279 2074 1321 2123 per
1338 2061 1460 2121 haris-qm

337 2123 376 2169 33.
393 2124 476 2186 Super,
489 2125 593 2190 insuper,
603 2135 724 2190 praeterea·
898 2126 976 2171 horum
988 2133 1068 2172 vocat.
1101 2126 1178 2172 Artis:
1195 2122 1301 2185 intellige
1313 2123 1459 2189 philosophi.

337 2187 377 2233 ³4.
396 2188 493 2248 Prutor,
504 2189 553 2237 dux
571 2190 698 2244 exereitus,
715 2188 778 2237 unde
795 2188 864 2236 ducis
896 2203 944 2246 am,
954 2189 1025 2252 cujus
1035 2203 1073 2236 ars
1083 2188 1133 2237 sive
1144 2188 1244 2236 seientia
1254 2186 1280 2234 in
1289 2187 1460 2251 distinguendo

304 2251 484 2300 tabernaculum
503 2253 626 2302 dicebatur
644 2258 788 2316 pretorium:
814 2252 862 2301 rid.
897 2253 1048 2301 veroasalso
1065 2261 1179 2308 versatur,
1191 2250 1256 2314 quod
1275 2251 1371 2299 duobus
1387 2255 1460 2302 versi-

304 2313 412 2363 Perizon.
426 2317 491 2365 Dies.
503 2316 534 2366 de
546 2317 669 2372 Pretorio,
682 2335 706 2383 p.
718 2319 742 2365 8.
896 2317 941 2365 bus
961 2317 1116 2381 sequentibus
1135 2315 1282 2382 exprimitur,
1310 2315 1403 2365 Scilicet
1432 2330 1458 2366 ut
1556 2366 1557 2399 p

336 2380 376 2426 36.
396 2379 484 2428 Timido
494 2399 587 2444 qnoque,
598 2384 636 2430 vel
648 2381 739 2431 timido.
894 2397 976 2442 postem
989 2398 1059 2429 curuo
1068 2384 1198 2445 dignoscere
1212 2390 1317 2436 rectum
1335 2395 1383 2428 non
1394 2382 1459 2430 eninr

335 2443 377 2490 39.
407 2445 487 2502 Catus,
509 2455 594 2494 acutus
616 2455 641 2494 et
660 2453 776 2494 emunctae
801 2442 864 2491 naris
896 2446 1011 2494 Horatius
1031 2460 1074 2509 per
1095 2462 1191 2493 curvum
1212 2451 1236 2491 et
1255 2454 1343 2490 metim
1363 2460 1459 2507 geome-

304 2506 383 2553 homo.
895 2509 973 2566 triam,
987 2509 1057 2558 cu'us
1066 2509 1184 2557 elementa
1195 2508 1247 2556 sine
1258 2506 1332 2554 dubio
1340 2508 1393 2571 jam
1407 2510 1458 2558 Ro-
1556 2546 1557 2559 ι

336 2571 380 2619 4οι
402 2571 449 2625 Qui
465 2587 541 2621 sonam
562 2576 671 2633 perdidit,
690 2584 715 2624 nt
732 2589 777 2638 ego
797 2571 863 2629 olim,
896 2588 942 2621 ma
958 2573 1016 2621 imbi
1047 2582 1141 2629 ratres
1172 2571 1296 2626 sisteret
1313 2573 1459 2623 translates

302 2649 356 2682 cum
375 2650 457 2683 zonam
475 2637 636 2700 perdidissem,
649 2639 680 2687 ad
698 2654 760 2688 nova
777 2637 863 2685 viatica
925 2639 1032 2694 ometsia,
1043 2636 1133 2702 quoda
1163 2636 1257 2685 virtutis
1267 2646 1386 2702 precepta
1397 2648 1460 2688 recte

300 2698 437 2762 colligenda
453 2698 531 2759 ibum3
554 2711 579 2750 at
598 2718 671 2756 nunc,
687 2719 742 2751 curn
763 2702 863 2750 habeam
913 2711 931 2760 t,
946 2713 1034 2750 rectum
1051 2702 1163 2766 (ὀρθὸν),
1181 2700 1272 2765 quoda
1287 2700 1382 2749 virtutis
1399 2720 1459 2767 prse-

302 2762 366 2812 unde
377 2761 462 2819 vivam,
476 2764 567 2813 labores
580 2774 604 2814 et
617 2766 723 2830 pericula
733 2767 763 2815 de
773 2767 864 2828 integro
896 2767 972 2831 ceptis
998 2766 1095 2821 recedit,
1122 2783 1218 2815 eurmtm
1244 2765 1333 2813 dixisse
1360 2765 1461 2815 videtur.

302 2826 382 2876 subire
401 2827 464 2875 nolo.
498 2830 552 2877 lloc
569 2830 652 2878 militis
669 2830 766 2878 Luculli
783 2845 863 2878 esem·
898 2832 947 2889 Qui
959 2832 1068 2879 drtutem
1083 2840 1224 2895 sequuntur,
1237 2839 1307 2885 recta,
1323 2830 1367 2891 qni
1384 2830 1459 2879 rirtn·

303 2890 370 2955 plum
386 2890 472 2939 imitari
490 2893 566 2942 voluit
583 2893 705 2941 Horatius.
740 2894 863 2951 Quemad·
897 2904 944 2944 tem
955 2894 1075 2951 deserunt,
1086 2912 1158 2943 curra
1168 2893 1208 2942 via
1218 2892 1342 2942 incedunt.

302 2955 397 3003 modum
409 2956 471 3004 enim
481 2968 549 3005 catus
560 2956 601 3006 ille
611 2958 709 3007 Luculli
722 2958 798 3015 miles,
808 2973 864 3005 curn
929 2962 969 3007 ts.
999 2959 1064 3006 luter
1083 2962 1153 3007 siloas
1173 2960 1290 3006 Academi.
1334 2959 1459 3007 amicata

302 3019 332 3068 de
352 3020 442 3084 integro
464 3032 623 3085 comparasset
642 3022 687 3069 sibi
709 3022 772 3071 unde
789 3021 864 3069 vitam
894 3024 958 3072 enim
968 3022 1046 3085 (dicta
1057 3023 1090 3071 ita
1100 3024 1131 3071 ab
1143 3022 1213 3071 heroe
1224 3022 1326 3085 quodam
1338 3025 1457 3081 Aenum,

302 3092 451 3142 sustentaret,
470 3100 518 3132 non
536 3086 638 3150 amplius
657 3086 747 3135 militie
767 3086 864 3151 plenum
896 3095 923 3135 ut
935 3087 1006 3135 tradit
1018 3088 1097 3135 Laert.
1113 3086 1148 3142 iii,
1167 3088 1206 3148 7),
1225 3086 1275 3133 sive
1296 3086 1457 3161 Gymnasium,
1557 3131 1558 3168 g

302 3148 440 3220 periculosa
459 3149 517 3198 alem
534 3166 549 3197 ο
566 3166 594 3197 us
611 3159 726 3208 tractare3
740 3151 773 3197 ita
787 3152 864 3198 Hora-
897 3152 921 3199 in
933 3167 982 3216 quo
993 3151 1187 3223 scholasflhabuit
1197 3150 1277 3205 Plato,
1289 3150 1333 3198 lust
1345 3166 1371 3199 tn
1382 3166 1457 3201 amoe·

301 3219 357 3267 trus,
375 3228 428 3261 cum
444 3166 572 3262 cummdia
595 3214 650 3263 vite
666 3214 862 3288 necessariis-de·
896 3215 1197 3264 nonemoreurbrvicino.
1279 3277 1285 3287 ι

301 3286 505 3389 pongqadposset,
542 3294 590 3389 qen
621 3280 724 3389 aqiplius
758 3280 864 3327 versibus
928 3281 968 3328 46.
987 3281 1055 3327 Dura
1051 3281 1124 3391 [poetria
1125 3287 1182 3327 cett.
1214 3278 1261 3327 Sed
1279 3277 1382 3389 qrtlpusta
1397 3288 1457 3389 terp

300 3354 312 3385 a
668 3378 673 3391 ⁸
1390 3378 1397 3397 Ι

311 3355 361 3476 ΙἻΙ
380 3356 536 3470 iiddom!
548 3353 663 3455 Histrisiiii
676 3407 811 3472 disciplinae
827 3422 862 3454 ra·
896 3343 1458 3479 pppitpqedqlimbqqataqpinqqupqoeqbr

299 3474 397 3527 tionem,
420 3484 469 3533 qua
490 3470 605 3533 educatus
627 3480 652 3521 et
677 3471 801 3520 institutus
825 3471 861 3519 vir
892 3481 956 3520 runt.
996 3472 1027 3519 In
1050 3472 1121 3520 verbo
1142 3487 1241 3544 emouere
1256 3470 1404 3544 'exprimitur
1424 3471 1460 3519 sis

299 3529 384 3580 doctus
394 3542 419 3583 et
430 3542 500 3597 poeta
516 3536 625 3590 evaserit,
641 3537 741 3584 breviter
757 3543 860 3583 enamat.
910 3552 942 3584 ua
953 3537 1031 3600 quise
1042 3536 1095 3585 loco
1105 3534 1187 3599 aliquo
1198 3550 1222 3581 m
1231 3534 1305 3583 altum
1316 3534 1457 3599 depellitur:

301 3595 483 3671 comparandus
503 3608 538 3647 est
561 3599 600 3647 hic
622 3599 689 3647 locus
707 3616 763 3648 cum
783 3599 861 3647 Satira
892 3552 947 3648 iii.
961 3600 994 3656 vi,
1006 3602 1219 3661 aerumpnam
1233 3602 1271 3646 ira
1290 3599 1458 3648 Canitisslie·

299 3669 366 3709 sexta
375 3662 428 3709 libri
436 3662 560 3727 pnmi,ubi
569 3664 691 3719 Horatius,
699 3663 754 3712 inde
763 3678 777 3711 a
787 3681 811 3711 v.
820 3664 861 3719 71,
893 3674 961 3719 tores,
971 3667 1012 3727 qui
1022 3668 1051 3712 dt
1065 3667 1138 3711 aredio
1146 3665 1231 3725 pithen
1242 3674 1376 3720 sumerent,
1387 3666 1460 3736 arisit.

300 3738 417 3773 summam
434 3742 525 3782 curam,
545 3742 618 3792 quam
635 3736 701 3793 pater
718 3728 743 3775 in
759 3743 785 3777 se
803 3727 861 3775 edu·
895 3729 1017 3793 Frequens
1034 3728 1109 3776 hu'us
1121 3726 1185 3776 verbi
1196 3742 1256 3775 usus
1267 3726 1331 3791 apud
1343 3726 1459 3801 155ssqu

298 3789 376 3838 cando
387 3797 459 3855 atque
469 3792 598 3841 erudiendo
609 3792 721 3857 posuerit,
733 3792 772 3857 pio
783 3799 861 3902 grapa·
893 3792 1004 3857 exempla
1026 3793 1064 3841 col
1073 3792 1122 3855 egit
1142 3791 1265 3840 Drakenb.
1286 3791 1318 3838 ad
1341 3790 1388 3841 hb.
1406 3792 1458 3849 xlu,

297 3857 862 3985 hilthiilaiildilililliluilllil‘j
895 3858 1033 3969 ⁴9iri-sis.
1051 3921 1458 3993 ctatsnsrtamua(em-

298 3982 342 4030 Sed
359 4000 457 4044 puerum
475 3998 506 4032 est
524 4001 594 4033 ausus
607 3986 799 4049 (pater)llomam
809 4002 862 4045 por-
895 3986 1014 4046 lirratus)
1026 3984 1113 4057 civium
1126 3983 1192 4031 furor
1206 3994 1231 4032 et
1246 3991 1351 4057 impetus
1362 3986 1459 4057 (raderi

299 4056 349 4095 tare
366 4050 491 4097 druendum
512 4052 588 4105 Artes,
612 4066 668 4112 quius
690 4051 767 4097 doceat
790 4051 865 4111 quiuis
896 4050 1025 4108 belii)me,
1038 4057 1096 4122 attia
1113 4046 1206 4097 bellicae
1221 4047 1300 4121 adhuc
1313 4056 1459 4112 imperitum,

296 4114 863 4225 ttttlttffl‘tif-W‘''littltttttti
894 4114 984 4223 {illl
997 4114 1459 4238 mittendarum

297 4211 406 4297 Achiuis,
421 4194 677 4305 {qouqulgaqipapqqen
691 4241 792 4289 lectione
810 4242 862 4288 Ho·
895 4194 972 4303 godin
971 4196 1097 4305 (lamus)
1109 4192 1185 4288 tinnio
1198 4248 1223 4289 et
1232 4239 1333 4287 viribus.
1365 4240 1459 4311 AEuas:

298 4304 356 4353 mari
369 4304 443 4352 imbui
455 4322 462 4363 ;
479 4320 533 4352 narn
548 4320 589 4369 per
600 4304 705 4353 Achillis
715 4305 773 4353 iram
785 4306 857 4367 (Μῆ-
892 4305 964 4353 maris
976 4306 1093 4353 tumultus
1109 4312 1134 4354 et
1146 4305 1221 4353 lersor
1231 4303 1320 4377 saepius
1334 4301 1366 4350 sd
1384 4306 1460 4351 snrrni

295 4367 516 4429 νιν-Πηληῖαδέω
532 4368 666 4433 Ἀχιλῆος)
685 4368 769 4417 Iliadis
787 4384 858 4432 argu·
892 4368 1006 4418 servorem
1025 4378 1049 4417 et
1067 4368 1206 4426 tumultum,
1225 4376 1250 4416 et
1265 4367 1364 4433 pmrnde
1375 4367 1407 4415 ad
1419 4368 1459 4440 in3

295 4440 402 4481 mentum
416 4432 563 4496 designatur.
597 4432 664 4481 Bona
681 4434 788 4481 Athene.-
807 4449 857 4497 per-
891 4448 965 4482 rorem
986 4449 1085 4498 quoque
1108 4448 1156 4498 quo
1179 4432 1241 4481 bella
1264 4432 1347 4481 civilia
1368 4446 1457 4480 moveri

295 4496 348 4561 cipe
366 4496 412 4544 vim
429 4512 476 4560 qua
493 4496 607 4546 Horatius
623 4498 705 4546 urbem
721 4497 857 4547 celebratis-
890 4497 1011 4554 dicuntur,
1031 4496 1178 4547 transfertur.
1210 4496 1239 4544 ln
1257 4511 1361 4552 amma
1378 4496 1455 4543 Bruto
