3150 5200
271 355 336 420 290
560 349 791 415 CARMEN
819 346 1130 417 SAECULARE.

487 505 606 570 Certus
623 503 770 567 undenos
786 501 895 564 decies
910 521 970 583 per
986 519 1088 561 annos

489 607 590 671 Orbis
606 615 643 669 ut
658 613 771 668 cantus
786 601 972 683 referatque
986 599 1094 674 ludos,

487 707 555 773 Ter
571 708 624 773 die
640 706 738 781 claro,
755 704 918 785 totiesque
933 712 1027 785 grata

745 806 854 869 Nocte
869 802 1068 886 frequentes.

424 912 466 974 25
487 911 635 993 Vosque,
651 929 782 972 veraces
798 904 965 979 cecinisse,
983 901 1109 976 Parcae,

488 1011 588 1085 Quod
605 1007 703 1073 semel
718 1007 917 1080 dictumest,
933 1001 1125 1083 stabilisque
1139 1021 1248 1064 rerum

490 1110 664 1186 Terminus
680 1117 799 1184 servat,
813 1107 900 1169 bona
910 1106 979 1188 jam
993 1102 1136 1187 peractis

746 1207 769 1271 J
771 1204 883 1290 ungite
899 1205 977 1268 fata.

491 1311 620 1377 Fertilis
635 1311 765 1394 frugum
780 1307 974 1392 pecorisque
988 1304 1103 1369 Tellus

426 1413 470 1476 30
492 1413 611 1498 Spicea
625 1412 725 1476 donet
740 1409 893 1473 Cererem
907 1428 1045 1471 corona:

486 1513 645 1578 Nutriant
660 1509 746 1576 letus
762 1519 797 1574 et
811 1530 916 1592 aquae,
933 1507 1081 1571 salubres

748 1611 797 1674 Et
810 1607 903 1672 doris
919 1629 1017 1671 aurae.

490 1711 634 1776 Condito
648 1713 733 1775 mitis
749 1709 963 1796 placidusque
979 1708 1045 1772 telo

489 1811 661 1896 Supplices
677 1813 754 1876 audi
769 1831 901 1895 pueros,
918 1807 1059 1893 Apollo:

424 1917 467 1978 35
489 1913 641 1978 Siderum
655 1915 769 1996 regina
782 1911 937 1988 bicornis,
953 1911 1042 1986 audi,

746 2015 853 2089 Luna‚'
869 2011 1004 2097 puellas.

491 2118 599 2184 Roma
614 2119 641 2182 si
656 2127 799 2182 vestrum
813 2124 865 2178 est
879 2135 975 2198 opus,
992 2112 1125 2196 lliaeque

490 2221 587 2286 Litus
603 2219 781 2284 Etruscum
796 2227 931 2280 tenuere
946 2225 1071 2292 turmae,

490 2321 591 2386 Jussa
606 2342 682 2405 pars
698 2328 823 2382 mutare
839 2316 943 2380 Lares
958 2325 992 2379 et
1006 2317 1121 2379 urbem

423 2424 465 2486 to
744 2418 876 2502 Sospite
891 2439 1012 2496 cursu3

491 2521 553 2586 Cui
568 2545 628 2607 per
642 2522 811 2586 ardentem
826 2519 895 2582 sine
911 2519 1026 2583 fraude
1041 2518 1177 2604 Trojam

275 2709 374 2755 undenos
400 2707 480 2761 decies,
506 2713 564 2754 cett.
591 2720 695 2753 sensus:
725 2712 752 2752 ut
778 2709 833 2769 post
863 2702 938 2751 semel
954 2702 1110 2752 constitutum
1126 2708 1180 2759 est;
1195 2700 1231 2749 sic
1250 2701 1338 2758 omnis,
1356 2712 1424 2768 puto,

275 2778 372 2819 centum
383 2768 496 2819 etdecern
505 2784 580 2816 annos
589 2768 687 2818 redeam
695 2766 832 2816 ludisecu·
864 2782 914 2829 qua
930 2767 956 2815 in
976 2766 1022 2815 boe
1041 2765 1094 2814 loco
1112 2763 1262 2830 expediendo
1280 2781 1307 2815 se
1324 2766 1426 2831 impedi-

276 2834 347 2889 leres,
360 2849 401 2899 per
411 2842 459 2882 tres
468 2832 519 2881 dies
530 2842 553 2881 et
564 2842 646 2881 noctes
658 2846 745 2895 magna
755 2831 832 2878 homi·
864 2839 950 2879 verunt
965 2830 1114 2895 interpretes,
1126 2837 1217 2877 remote
1231 2838 1268 2877 est
1281 2829 1428 2890 difficultss;

276 2912 333 2946 num
345 2896 477 2963 frequentis
487 2896 633 2946 celebrandi.
667 2897 749 2944 Certos
760 2897 830 2949 orbis,
863 2894 1054 2943 scilicetdicrusr
1066 2893 1118 2958 jam
1134 2908 1183 2941 non
1200 2900 1246 2949 est,
1263 2908 1303 2943 ore
1320 2910 1427 2959 pronum

276 2960 306 3011 de
317 2969 430 3027 ternpore,
441 2961 505 3025 quod
515 2961 578 3009 intra
585 2969 677 3010 certum
691 2960 729 3009 vel
739 2958 833 3007 dierum
865 2956 956 3007 cistam
967 2972 982 3005 a
993 2957 1087 3012 Parcis,
1100 2954 1153 3013 sed,
1165 2957 1427 3069 constitutumqprnfi·

275 3025 314 3075 vel
341 3024 459 3075 mensium
480 3024 519 3074 vel
541 3040 656 3074 meorum
680 3022 784 3089 spatium
810 3030 835 3071 et
866 3021 952 3079 uitam,
970 3020 1137 3087 prestitutum,
1156 3036 1193 3069 sc.
1207 3037 1223 3070 e
1238 3021 1298 3071 fsto.
1351 3025 1427 3071 ertilis

275 3104 401 3140 numerum
417 3089 624 3139 circumvolvitur:
645 3088 713 3152 Virg.
732 3089 794 3135 AEn.
810 3103 833 3143 v,
860 3087 974 3149 snagan,
992 3093 1049 3134 cett.
1068 3084 1166 3159 Tellqri·
1177 3099 1275 3159 quoque
1293 3084 1428 3135 secudum

275 3154 316 3211 46,
340 3158 439 3203 Annuus
463 3156 547 3201 mortis
572 3154 698 3216 completor
722 3153 836 3199 masibor
867 3164 948 3197 sersus
969 3149 1100 3213 Sibyllinos
1118 3148 1215 3197 dranus
1235 3164 1262 3197 ru
1278 3148 1428 3199 celebrandis

274 3220 348 3266 orbis:
373 3218 425 3281 jam
449 3215 481 3265 de
501 3226 584 3265 exacto
606 3226 631 3264 et
651 3214 834 3268 circumvoluta,
867 3212 1425 3277 ladisssrcnlsribusbonorprnstsridebebst5

274 3280 340 3344 quod
350 3282 375 3328 in
386 3278 454 3328 libris
468 3278 592 3343 Sibyllinis
606 3279 766 3343 prestitutum
780 3276 834 3335 fuit,
867 3275 924 3325 hinc
942 3276 1030 3326 elioms
1049 3277 1164 3325 Tellurem
1182 3285 1211 3324 ut
1226 3276 1297 3326 deam
1312 3276 1425 3389 qpptllst.

275 3352 395 3409 tempore;
421 3344 523 3389 eadm
543 3344 615 3389 decies
636 3358 774 3415 pransuros,
794 3341 835 3390 hic
867 3340 939 3404 cujus
965 3340 1113 3404 benignitate
1138 3340 1248 3389 homines
1274 3356 1320 3404 pec
1353 3355 1427 3405 esque

275 3420 326 3515 pse
348 3422 380 3453 cx
405 3418 523 3452 annorum
546 3419 659 3452 numerus
681 3420 705 3452 m
727 3403 836 3453 versibus
868 3404 978 3463 alantur3
1000 3404 1063 3453 inest
1084 3411 1165 3452 sutem
1187 3404 1226 3451 bis
1247 3404 1357 3468 precibus
1380 3406 1426 3454 lere

293 3467 399 3533 ibyllinis
416 3466 591 3531 prescribitur:
609 3478 691 3515 annun
704 3468 837 3533 referatque
867 3466 933 3517 boc:
962 3466 1083 3532 gnudmnt
1110 3467 1217 3515 Romam
1244 3476 1294 3515 tam
1320 3469 1427 3517 munds

275 3530 425 3586 lodos,lndis
441 3520 597 3579 secularibus
614 3531 645 3579 de
659 3532 750 3593 integro
765 3531 835 3579 insti·
867 3545 976 3595 agrorum
1000 3531 1130 3587 fertilitate,
1153 3546 1225 3595 quam
1251 3531 1351 3596 pecudis
1372 3547 1427 3596 pro·

275 3594 334 3643 tutis
348 3594 463 3659 hymnum
483 3594 508 3641 in
527 3594 666 3659 Apollinem
685 3602 708 3643 et
726 3594 833 3643 Disnsm
865 3603 938 3643 ventu
961 3594 1103 3659 largissimo.
1136 3595 1218 3657 Spem
1235 3598 1304 3644 donst
1321 3596 1425 3644 &nm

274 3672 400 3722 pueromm
422 3657 605 3722 puellarumque
622 3658 721 3707 chorum
743 3657 833 3707 decan·
865 3674 962 3707 corona:
979 3658 1116 3707 notissimus
1127 3657 1152 3705 in
1163 3658 1226 3706 hanc
1237 3659 1379 3708 metentium
1389 3668 1428 3709 est

275 3729 324 3771 lare
332 3722 427 3785 jubeat.
462 3722 505 3769 Ter
519 3726 557 3770 dis
568 3724 630 3770 claro
646 3724 760 3785 tolletque,
776 3731 834 3771 cett.
866 3723 936 3770 locus
946 3722 1037 3770 Tibutl.
1049 3722 1066 3780 i,
1080 3725 1102 3778 l,
1117 3724 1157 3777 15,
1170 3722 1192 3769 F
1192 3724 1244 3771 lano
1254 3724 1330 3779 Ceres,
1342 3726 1386 3771 riti
1395 3728 1428 3771 tit

274 3783 833 3850 tresenirndiesettotidemneetespsn‘rerex
865 3789 979 3834 amirado
997 3803 1054 3833 nm
1068 3802 1151 3834 esrom
1170 3786 1259 3847 Spicea
1278 3804 1328 3850 que
1347 3788 1427 3849 templi

275 3847 387 3897 librorum
400 3848 572 3913 Sibyllinorum
580 3848 715 3925 prescripto
725 3848 834 3898 ludorum
863 3853 962 3911 pendeat
972 3862 1026 3898 anm
1025 3849 1105 3925 fores.
1121 3850 1201 3908 Fetus,
1208 3865 1319 3915 agrorum
1331 3851 1368 3899 fra
1418 3870 1425 3898 ι

274 3913 426 3962 secularium
442 3913 596 3963 celebrationi
609 3913 685 3962 dicari
700 3913 834 3972 debebant3
867 3913 921 3962 Cic.
933 3915 1002 3962 Orat.
1015 3914 1041 3969 ir,
1056 3915 1098 3968 30,
1116 3930 1160 3976 qao
1174 3916 1276 3962 meliores
1291 3930 1349 3977 ager
1376 3924 1428 3963 stus

266 3977 411 4041 frequentes,
430 3976 564 4041 frequenter
579 3976 743 4028 celebrandos.
778 3980 831 4025 Vos·
862 3980 932 4039 poerit
947 3987 970 4026 et
985 3980 1122 4041 pandisset
1138 3980 1212 4025 edere.
1244 3978 1361 4035 Solabm,
1376 3984 1426 4026 lam

273 4058 324 4103 qus,
337 4058 425 4090 veraces
435 4042 548 4097 emisism
562 4042 649 4098 Parca,
662 4048 720 4092 cett.
730 4056 831 4091 seusus:
865 4040 896 4088 ed
907 4059 970 4104 aque
978 4056 1051 4105 quam
1062 4040 1094 4089 ed
1104 4058 1169 4089 ourae
1179 4041 1258 4089 referri
1269 4049 1355 4107 potest.

274 4112 298 4152 et
308 4120 359 4161 vos,
371 4120 386 4153 ο
398 4106 490 4161 Parce,
501 4121 555 4169 que
565 4106 645 4155 veraci
653 4121 692 4155 ore
703 4104 834 4170 praedicitis
898 4105 1005 4155 stt-48.
1023 4106 1120 4153 emulso
1130 4107 1193 4153 mitis
1202 4107 1353 4168 placidusque
1366 4106 1426 4153 telo:

273 4167 298 4215 id
315 4168 381 4233 quod
396 4168 469 4219 semel
485 4168 642 4218 cantaturum
656 4178 702 4227 est,
713 4178 738 4219 et
754 4176 834 4218 certas
866 4168 959 4232 sagittis
970 4168 1082 4225 conditis,
1091 4169 1142 4218 sive
1152 4183 1210 4216 arcu
1220 4168 1326 4225 remim,
1335 4167 1427 4218 incedit

274 4247 352 4281 rerum
374 4240 473 4282 eventus
493 4233 616 4280 confirmat
639 4233 680 4295 (h.
703 4249 725 4282 e.
745 4232 833 4280 immu·
866 4230 956 4296 Apollo
974 4234 1041 4281 mitis
1057 4238 1082 4283 et
1099 4232 1218 4297 placidus,
1233 4231 1328 4297 sagittis
1345 4242 1427 4281 nutem

274 4296 346 4345 tebile
358 4295 418 4359 est),
430 4295 504 4359 agite,
515 4296 571 4345 lete
588 4297 690 4361 peractis
707 4295 835 4345 succedere
866 4296 1099 4361 promtissimam
1110 4296 1214 4345 adducto
1225 4297 1427 4354 ettentaninsx

270 4358 355 4422 jubete
367 4366 487 4425 tempora:
507 4376 594 4408 rernm
611 4363 724 4417 certabis,
737 4361 834 4415 Graece,
866 4368 891 4408 et
906 4359 996 4410 iratus:
1012 4361 1047 4409 cl.
1062 4376 1091 4409 su
1111 4396 1117 4407 .
1135 4360 1166 4408 sd
1184 4360 1211 4416 ii,
1230 4362 1269 4416 10,
1287 4362 1330 4408 20.
1361 4362 1428 4409 suar

273 4440 328 4486 que
345 4422 396 4471 dee
414 4422 472 4472 estis
486 4438 582 4472 veraces
601 4422 625 4470 in
641 4423 758 4481 canendo,
774 4423 800 4471 h.
811 4438 833 4471 e.
864 4427 1036 4485 pueros—andi
1043 4376 1141 4485 mellus,
1151 4439 1277 4499 puerorum
1285 4424 1349 4472 enim
1356 4424 1427 4489 puel-

273 4486 424 4551 prediceudo
435 4502 464 4535 eo
475 4490 533 4550 qaod
544 4488 610 4534 umet
618 4490 705 4535 dictum
717 4498 758 4543 est,
770 4487 836 4551 quod
868 4486 993 4553 lorumque
1003 4489 1102 4537 oliorum
1113 4488 1219 4536 vicissim
1229 4488 1256 4535 in
1265 4487 1311 4535 hoc
1320 4488 1429 4537 carmine
