3150 5200
301 329 362 390 ltu
730 330 1025 395 CARMINUM

722 686 928 753 CARMEN
961 686 1023 752 VI.

659 917 733 964 AD
777 915 1095 963 ROMANOS.

511 1091 670 1157 Demere
684 1094 843 1177 majorum
857 1091 1035 1156 immeritus
1050 1090 1132 1168 lues,

512 1195 671 1272 Romane,
687 1195 792 1259 donec
808 1193 927 1278 templa
943 1192 1107 1270 refecerit,

556 1297 729 1380 AEdesque
742 1297 890 1362 labentes
907 1296 1066 1373 Deorum,
1083 1307 1115 1361 ct

596 1397 701 1463 Foeds
715 1401 809 1483 nigro
825 1398 995 1463 simulacra
1010 1397 1108 1464 sumo.

460 1501 481 1562 5
513 1498 577 1563 Dis
593 1510 626 1564 tc
640 1501 795 1566 minorem
811 1501 900 1584 quod
914 1502 1013 1585 geris,
1028 1501 1189 1586 imperas:

511 1602 603 1667 Hinc
613 1625 707 1666 omno
721 1603 928 1687 principium,
945 1602 1010 1668 huc
1025 1602 1111 1668 refer
1125 1605 1258 1668 exitum.

557 1704 604 1769 Di
619 1704 719 1769 multa
734 1705 874 1788 neglecti
889 1705 1053 1770 dederunt

597 1806 770 1891 Hesperiae
783 1805 868 1870 melu
881 1807 1050 1872 luctuosae.

465 2011 618 2061 CARMEN
635 2012 684 2061 VI.
888 2010 945 2060 deos
966 2020 990 2060 et
1009 2009 1110 2075 patriam
1131 2016 1271 2074 perpetrata.
1311 2008 1454 2065 lmmeritus,

330 2074 370 2123 Ad
391 2073 535 2134 licentiores,
559 2075 648 2140 quibus
668 2083 721 2124 tum
742 2073 855 2140 temporis
888 2075 914 2122 b.
931 2091 954 2124 c.
975 2075 1099 2130 innocens,
1118 2074 1230 2138 integer;
1255 2088 1309 2120 num
1335 2074 1454 2136 Diespiter

296 2139 431 2204 precipites
442 2139 468 2189 iu
478 2139 608 2206 perniciem
619 2141 658 2205 egi
669 2148 793 2204 coeperant
803 2139 855 2188 Ro·
888 2141 1013 2203 neglectus,
1026 2147 1054 2187 ut
1065 2154 1119 2203 sup.
1129 2139 1211 2186 Carm.
1220 2137 1255 2191 iii,
1265 2139 1291 2192 2,
1306 2139 1338 2186 ³0
1355 2136 1453 2194 dicitur,

295 2203 856 2332 stuunnltsttstrtulsu
888 2205 1143 2344 scisitatus*
1160 2201 1453 2331 intumuistis:

295 2340 333 2380 tur
344 2333 542 2397 perniciosissime
552 2349 646 2383 morum
654 2333 789 2398 corruptela
798 2331 856 2382 dum
890 2335 941 2381 Set.
951 2333 977 2390 it,
988 2334 1013 2389 2,
1027 2333 1164 2388 iot-105,
1179 2331 1258 2384 Quare
1272 2331 1366 2392 Templa
1377 2343 1453 2380 ruunt

295 2398 421 2461 populares
431 2413 488 2446 suos
502 2413 601 2448 avocare
614 2399 695 2448 studet
709 2398 855 2458 inboccsr·
888 2399 986 2460 antiqua
1004 2398 1099 2445 Deum?
1119 2413 1171 2452 cur,
1187 2397 1294 2458 improbe,
1315 2413 1375 2444 ease
1398 2395 1451 2444 Non

296 2461 562 2527 minepoeta,primum
573 2462 639 2519 deos,
667 2479 754 2511 uomm
763 2462 856 2510 cultum
889 2463 980 2526 aliquid
989 2464 1072 2523 patrie
1083 2463 1254 2510 tantounets'ris
1263 2461 1360 2508 werse?
1383 2461 1453 2510 AEdss

295 2523 375 2572 adbuc
393 2526 549 2590 neglexerint,
566 2541 615 2575 non
631 2480 709 2575 solum
726 2528 854 2585 vanarum,
888 2527 999 2582 Deorum,
1006 2525 1113 2589 intellige
1121 2525 1228 2580 delubra,
1236 2541 1289 2589 que
1299 2523 1388 2590 passim
1395 2540 1451 2576 cum

295 2589 531 2703 telem?
539 2590 779 2705 iizidilli‘lm
793 2608 858 2706 tta
888 2589 1452 2705 ttttttbtttt?lintrffl‘ttnu

295 2718 368 2775 mala,
378 2718 426 2767 nisi
435 2690 529 2769 ritum
538 2735 619 2769 eoram
631 2720 726 2794 templis
774 2721 854 2795 pristi-
887 2721 1001 2785 quonism
1010 2736 1090 2769 earum
1099 2718 1278 2768 reficiendarum
1289 2718 1357 2767 nulla
1368 2692 1452 2768 adhuc'

295 2798 354 2831 num
370 2782 465 2847 pietatis
480 2784 617 2834 exercitium
634 2784 753 2841 redierint,
765 2786 795 2833 irs
811 2786 856 2834 im·
888 2785 972 2834 habita
992 2786 1071 2833 iuerat
1092 2784 1160 2833 ratio.
1195 2784 1266 2832 Festa
1287 2788 1354 2847 nigra
1368 2782 1452 2848 sum,

294 2847 410 2896 missuros
425 2864 479 2898 esse
496 2848 615 2912 ostendit,
632 2849 728 2907 deinde,
743 2858 771 2898 ut
787 2850 855 2913 flagi·
889 2849 953 2899 loede
975 2850 1102 2913 inquinata
1120 2857 1144 2898 et
1162 2848 1298 2898 decolorata
1318 2848 1394 2903 sumo,
1414 2862 1452 2897 sc.

294 2911 391 2969 tiomm,
414 2913 503 2978 quibus
524 2913 598 2965 libere
620 2930 685 2963 nunc
706 2913 854 2979 polluantur,
888 2930 959 2979 quern
971 2914 1067 2963 flamma
1078 2912 1145 2970 turis,
1160 2912 1225 2978 quod
1242 2912 1266 2961 iu
1284 2912 1380 2978 templis
1392 2912 1452 2961 ado-

294 2977 464 3043 turpitudinem
481 2978 512 3028 iis
530 2987 586 3029 ante
604 2981 687 3029 oculos
705 2987 788 3045 ponet,
806 2986 854 3027 tam
887 2979 988 3034 lebatur,
1000 2994 1096 3027 sursum
1107 2979 1217 3027 mittebat
1223 2994 1231 3037 ;
1247 2979 1308 3026 ritus
1316 2976 1390 3041 igitur
1399 2976 1451 3034 ille,

294 3040 441 3101 inhonestas,
475 3045 547 3093 uibus
567 3046 654 3110 puellm
671 3059 685 3092 u
702 3052 783 3092 tenera
799 3042 855 3093 inde
904 3060 935 3092 uo
962 3044 1060 3092 deorum
1083 3042 1212 3092 simulacra
1233 3050 1294 3091 stato
1322 3042 1453 3106 quotannis

295 3116 364 3157 aetate
377 3108 460 3157 adlib'
480 3109 654 3173 inemjuvenes
671 3107 783 3174 pellicere
793 3108 855 3157 sole·
887 3060 926 3157 ite
941 3108 1015 3156 levari
1042 3108 1158 3163 solebant,
1181 3108 1328 3157 intermissus
1352 3106 1452 3166 lucrat;

294 3181 344 3229 ant,
362 3181 433 3229 artos,
453 3190 526 3239 quam
545 3174 652 3230 infamia,
669 3188 724 3237 quse
742 3172 855 3221 licentius
887 3172 917 3221 de
938 3188 986 3236 quo
1007 3172 1165 3238 Spanbemius
1184 3171 1214 3221 ad
1236 3170 1334 3221 Gallim.
1358 3172 1453 3235 Hymn.

294 3238 476 3313 nuncanuptis
487 3238 651 3291 admittantur,
660 3236 775 3286 describit
785 3237 854 3286 adul·
887 3238 913 3286 iu
935 3238 1036 3286 Lavacr.
1057 3236 1122 3285 Pell.
1143 3236 1234 3285 erudite
1252 3250 1317 3285 mom
1336 3252 1380 3285 suo
1400 3235 1452 3284 dis·

294 3302 368 3361 teria;
384 3303 497 3366 demque,
506 3311 532 3349 ut
543 3318 598 3350 cum
610 3301 699 3365 pudore
710 3301 854 3367 intelligant,
889 3310 970 3368 putet·

292 3373 410 3427 quantum
420 3381 436 3414 a
444 3366 563 3430 majorum
570 3382 667 3413 suorum
678 3366 760 3415 indole
769 3375 796 3416 et
806 3368 851 3415 vir·
916 3368 990 3415 amu.
1008 3366 1052 3413 Die
1063 3376 1085 3414 te
1101 3366 1210 3413 minorem
1220 3366 1280 3427 quot
1292 3367 1365 3429 geris,
1378 3367 1449 3427 inspe-

293 3429 385 3477 tutibus
394 3428 596 3493 degeneraverint,
603 3430 714 3487 breviter,
723 3431 808 3497 quales
817 3431 854 3479 illi
884 3446 940 3490 ναι,-
954 3446 1009 3479 nam
1019 3438 1071 3479 tum
1079 3430 1185 3483 demum.
1194 3445 1249 3477 cum
1261 3428 1360 3478 deorum
1368 3437 1453 3503 poten·

294 3494 345 3541 nati
356 3502 381 3542 et
391 3494 487 3541 educati
497 3494 593 3551 luerint,
602 3505 780 3544 commemorat.
800 3496 854 3543 Au·
886 3494 925 3543 tiss
943 3504 965 3543 te
985 3495 1116 3551 submittis,
1132 3494 1158 3541 h.
1168 3510 1191 3541 e.
1202 3493 1260 3542 deos
1273 3493 1315 3568 pie
1330 3494 1399 3550 colis,
1412 3496 1452 3541 fir·

293 3558 358 3620 gusti
372 3557 472 3622 quidem
489 3558 515 3606 in
531 3566 582 3606 toto
598 3560 643 3608 ltoc
663 3562 768 3609 carmine
786 3560 856 3609 nulls
888 3576 964 3618 mum,
976 3559 1041 3623 quod
1052 3566 1128 3617 tenes,
1140 3558 1185 3607 erit
1197 3558 1336 3623 imperium:
1355 3567 1451 3607 sentem

293 3622 357 3671 tacu
373 3630 411 3670 est
427 3622 532 3682 mentio;
548 3622 591 3672 scd
601 3639 658 3671 cum
671 3624 742 3681 illud,
758 3641 787 3674 eo
802 3624 811 3672 i
829 3640 856 3673 so
888 3624 923 3671 tis
941 3623 1093 3686 gravissima!
1111 3623 1137 3671 in
1152 3638 1225 3687 quam
1238 3623 1292 3673 Cic.
1303 3623 1333 3671 de
1345 3624 1453 3688 Harusp.

292 3693 397 3751 tempore
413 3687 528 3752 scriptum
543 3703 596 3737 esse
611 3687 727 3746 videatur,
740 3705 788 3753 quo
826 3706 854 3739 u·
889 3689 965 3753 Resp.
982 3691 1008 3745 9,
1029 3688 1119 3736 Pietate
1137 3704 1164 3735 aa
1183 3690 1303 3751 religione,
1324 3698 1393 3751 atque
1410 3689 1452 3737 bae

292 3760 376 3863 ἴσως
391 3751 422 3799 ad
439 3751 537 3800 deorum
547 3753 648 3809 cultum,
661 3753 704 3817 qui
714 3762 766 3802 tum
783 3754 853 3817 frige·
887 3770 935 3801 una
954 3754 1078 3816 sapientia,
1098 3770 1144 3815 qua
1163 3752 1264 3800 Deorum
1285 3754 1452 3801 immortalium

325 3822 342 3871 t,
364 3814 390 3864 iu
409 3814 498 3864 civium
519 3816 606 3866 animis
625 3817 779 3867 refovendum
799 3822 855 3868 edes
887 3820 982 3867 numine
998 3820 1073 3865 omitia
1089 3820 1140 3881 regi
1154 3819 1326 3881 gubernarique
1335 3821 1452 3879 perspesi-

291 3896 377 3938 saeras,
393 3890 421 3928 ut
434 3880 517 3930 scribit
529 3884 629 3931 sueton.
646 3883 713 3947 Aug.
730 3899 752 3932 c.
763 3884 805 3939 ³0,
817 3901 854 3933 oe·
887 3898 1027 3939 mus,omnes
1035 3892 1115 3945 gentes
1123 3884 1268 3945 notioresque
1278 3883 1451 3944 septiminum

291 3954 379 3994 tustate
402 3947 437 3994 cal
514 3958 586 4004 ‚aut
611 3950 718 3996 incendio
740 3950 856 3997 absumtos
888 3955 913 3996 et
930 3946 1050 3997 Camillus
1069 3946 1132 4011 apud
1152 3946 1207 3993 Liv.
1224 3962 1247 4003 v,
1266 3948 1308 4002 51,
1323 3945 1452 3994 laetamini

291 4010 382 4075 refecit.
399 4018 425 4059 et
490 4010 688 4078 compescendam
707 4012 787 4061 libere
805 4014 855 4062 Vc·
889 4013 969 4059 laomen
981 4014 1085 4073 &inceps
1100 4028 1215 4058 annuum
1232 4012 1268 4059 vel
1284 4012 1394 4059 ueuadm
1408 4026 1452 4067 res,

292 4074 356 4123 neris
366 4074 487 4124 licentium
497 4076 574 4141 legem
584 4076 677 4125 Julian
687 4080 715 4125 tie
722 4079 856 4134 adulteriis,
888 4078 924 4124 uel
934 4079 1040 4125 aduersas
1046 4093 1055 4134 ‚·
1071 4078 1192 4123 invenietis
1203 4078 1279 4123 omnia
1290 4090 1393 4137 psutpese
1401 4090 1450 4123 eue-

290 4150 316 4188 et
333 4139 411 4203 legem
424 4138 521 4202 Papiam
536 4142 655 4205 Poppeam
671 4145 700 4190 sle
715 4145 854 4190 maritandis
886 4144 945 4189 nisse
955 4142 1098 4205 sequentibus
1109 4142 1169 4195 deos,
1178 4141 1274 4187 adversa
1284 4142 1452 4202 qsernentibus.

291 4207 418 4260 ordinibus,
436 4213 493 4252 cett.
512 4205 596 4265 dedit3
622 4206 760 4264 Horatium,
781 4215 808 4255 ut
829 4206 854 4255 in
887 4206 951 4254 Hinc
969 4222 1032 4253 omne
1049 4206 1200 4267 principium,
1218 4207 1262 4252 bue
1280 4204 1343 4269 refer
1357 4206 1454 4261 scitust,

291 4267 346 4316 eliis
364 4268 510 4317 carminibus
528 4270 634 4333 Augusti
653 4270 764 4319 virtutem
787 4273 854 4320 belli·
887 4269 912 4317 in
925 4270 1036 4319 omnibus
1052 4270 1123 4317 rebus
1140 4276 1189 4316 tam
1205 4267 1270 4317 susci
1287 4267 1365 4317 iendis
1379 4284 1454 4331 quum

289 4351 350 4389 cam,
361 4334 396 4381 ita
411 4333 437 4380 in
449 4333 494 4381 hoc
505 4332 615 4382 virtutem
626 4334 679 4398 ejus
690 4337 779 4383 ciuilem
789 4336 853 4385 cele·
887 4332 1037 4399 perficiendis
1063 4333 1161 4381 deorum
1187 4284 1298 4381 habenula
1324 4340 1362 4380 est
1384 4332 1454 4381 ratio.

291 4399 359 4447 brarc
370 4397 482 4453 voluisse,
494 4396 560 4445 baud
571 4398 728 4462 improbabile
738 4407 782 4447 est.
887 4400 960 4464 liefer
971 4415 1012 4465 per
1026 4412 1124 4462 zeugma
1135 4397 1241 4462 proximo
1259 4396 1350 4445 nomini
1366 4399 1454 4445 esitius

325 4463 398 4510 l-l.
416 4463 509 4511 Delicta
525 4465 646 4524 majmuen,
665 4463 697 4509 ab
713 4462 794 4528 impiis
811 4480 853 4529 pa·
887 4463 1093 4512 accommodatum
1108 4470 1153 4518 est,
1165 4461 1195 4509 ad
1205 4465 1348 4525 principium
1359 4462 1455 4527 supple,

290 4525 376 4582 tribus,
390 4526 416 4575 in
431 4527 503 4575 bellis
517 4525 630 4575 civilibus
643 4526 761 4592 inprimis,
771 4536 855 4577 contra
889 4536 976 4593 repete.
1010 4528 1131 4590 Negleeti:
1147 4526 1178 4574 ci.
1188 4542 1242 4591 sup.
1254 4528 1279 4581 2,
1292 4527 1332 4575 30.
