3150 5200
577 353 741 420 LIBER
764 354 791 433 l,
809 358 863 421 36.

517 690 723 757 CARMEN
748 692 920 761 XXXVl.

457 920 516 967 AD
539 920 726 969 PLOTIUM
749 920 975 971 nummu.

316 1111 371 1175 Er
386 1120 458 1177 ture
474 1122 508 1176 et
521 1111 644 1176 fidibus
655 1113 748 1196 juvat

357 1211 492 1277 Placere
506 1224 541 1277 et
556 1212 647 1277 ritrrli
663 1214 821 1299 sanguine
836 1215 950 1281 debito

315 1314 478 1379 Custodes
493 1314 648 1379 Numidae
664 1316 768 1393 Deos,

356 1415 424 1489 Qui
440 1438 536 1493 nunc,
553 1416 719 1501 Hesperie
733 1440 847 1502 sospes
862 1420 904 1483 ab
919 1418 1041 1497 ultima,

261 1517 281 1577 5
314 1516 407 1581 Caris
421 1517 522 1581 mults
538 1517 716 1595 sodalibus,

356 1616 449 1681 Nulli
463 1617 558 1702 plura
573 1630 680 1683 temen
696 1620 812 1685 dividit
826 1622 949 1699 oscula,

313 1719 423 1792 Quem
438 1719 527 1784 dulci
542 1720 676 1799 Lamiae,
693 1744 815 1787 memor

356 1820 452 1886 Aotoe
467 1844 533 1887 non
547 1822 610 1887 elio
626 1844 704 1907 rege
717 1826 867 1909 puertiae,

313 1920 517 2007 Mutotoeque
534 1924 628 1989 simul
643 1936 738 2010 togae.

251 2024 291 2087 10
356 2024 474 2089 Cressa
490 2049 531 2091 ne
546 2038 655 2091 careat
670 2027 808 2112 pulchra
824 2030 894 2094 dies
909 2040 1003 2093 nota:

312 2124 390 2191 Neu
405 2140 541 2214 promtae
556 2128 672 2194 modus
687 2130 864 2214 amphoroe,

354 2228 432 2293 Neu
446 2252 568 2294 morem
583 2232 616 2294 in
632 2230 754 2294 Salium
771 2233 813 2295 sit
828 2231 958 2315 requies
973 2232 1111 2317 pedum:

135 2409 272 2460 recudendo
293 2410 319 2459 in
343 2412 414 2461 nlism
433 2412 531 2461 formem
556 2414 640 2479 finges,
663 2430 699 2463 re·
732 2413 811 2463 detur.
848 2416 946 2472 Ultima,
957 2414 1122 2471 remoo'ssims,
1130 2414 1210 2463 utini.
1219 2415 1245 2472 ii,
1254 2418 1293 2475 18,

135 2484 232 2525 vertes.
279 2476 429 2541 Massagetas,
458 2476 560 2527 nobilem
595 2478 700 2543 scythim
732 2480 756 2535 3,
769 2480 954 2544 ultimaAfn‘eo.
987 2480 1081 2527 Dividit
1090 2481 1177 2527 meula.
1210 2481 1295 2529 Oscula

136 2546 242 2604 gentem,
255 2540 351 2589 Parthis
360 2542 540 2590 conterminam.
732 2545 845 2600 dividere,
863 2543 933 2591 modo
951 2542 1017 2600 huic,
1034 2542 1105 2591 modo
1122 2542 1165 2591 olii
1184 2544 1295 2593 osculum

732 2607 798 2664 dare,
816 2616 844 2656 ut
863 2608 946 2674 supi,
959 2611 998 2667 15,
1012 2610 1051 2666 15,
1063 2612 1167 2657 earmina
1182 2611 1294 2659 dividere.

272 2667 427 2719 CARMEN
445 2671 568 2720 XXXVI.
692 2683 701 2694 ·
734 2671 1175 2737 MernorActaenossolioregepsssrtiae:
1189 2673 1296 2722 susviter

170 2731 235 2780 Cum
244 2732 318 2781 redux
327 2733 406 2782 sactus
417 2743 478 2784 esset
488 2735 583 2783 Plotius
594 2734 702 2784 Numidn
733 2736 869 2792 recordans,
880 2751 906 2784 se
915 2752 964 2784 uns
979 2753 1036 2785 curn
1046 2751 1076 2785 eo
1085 2736 1132 2784 sub
1142 2735 1216 2784 unius
1229 2737 1295 2812 ejus·

137 2809 168 2843 ex
183 2795 303 2862 Hispania
319 2799 368 2861 (U.
385 2799 416 2848 C.
431 2800 561 2864 nccxsx),
583 2799 624 2848 ubi
644 2815 700 2847 cum
732 2800 836 2864 demque
860 2800 967 2862 magistri
987 2801 1026 2848 rel
1051 2799 1159 2848 custodis
1180 2801 1296 2866 auspiciis

137 2859 250 2923 Augusto
271 2861 296 2910 io
312 2862 377 2912 bello
394 2863 538 2912 Cantabrico
556 2871 604 2912 tres
625 2877 701 2911 sonos
733 2863 859 2929 pueritiam
881 2863 1033 2926 transegisse,
1050 2871 1076 2912 et
1094 2862 1168 2910 simul
1189 2879 1245 2912 oum
1266 2881 1295 2914 eo

137 2923 260 2985 abluerem
286 2935 357 2990 poets
378 2927 432 2992 ejus
454 2927 557 2983 eodum,
581 2927 701 2992 precius
733 2937 812 2991 togam
829 2926 921 2975 risilem
941 2927 1064 2984 induisse,
1081 2942 1097 2974 s
1115 2927 1203 2976 teneris
1222 2927 1296 2990 igitur

136 2996 216 3038 antem
232 2989 344 3038 intimum
357 2991 411 3039 e'us
425 2991 528 3040 amisum
544 3001 569 3040 et
584 2945 701 3055 equalem
734 2988 848 3038 Numidis
870 2998 895 3038 et
916 2989 1007 3038 Lamia
1030 2990 1137 3038 amicitis
1163 2991 1295 3041 cosluessi.

137 3051 255 3110 Lemisrn,
278 3053 342 3102 diem
364 3007 449 3104 datum
471 3069 552 3104 secum
572 3057 700 3108 celebrere,
734 3054 841 3109 Mutato,
871 3061 973 3102 raetextae
984 3069 1071 3118 nempe
1082 3069 1139 3102 cnm
1150 3069 1219 3118 pum.

135 3123 168 3171 et,
181 3127 285 3166 meetsta
301 3127 357 3168 ants
368 3120 448 3168 omnia
461 3135 491 3168 ex
502 3128 565 3175 roto,
577 3135 618 3184 pro
634 3117 698 3165 felici
764 3119 842 3165 10-1
862 3151 869 3164 .
893 3119 971 3166 Cressa
990 3134 1019 3165 sse
1034 3127 1113 3165 careat
1127 3119 1229 3178 pulchro
1247 3121 1295 3168 dies

137 3179 251 3230 Numidis
262 3181 340 3231 reditu
348 3192 468 3248 suscepto,
477 3183 563 3236 hostia,
574 3181 697 3246 potationi,
731 3191 795 3229 nota:
807 3181 868 3238 dies,
875 3197 947 3294 ‹puem
955 3180 1027 3230 hodie
1035 3181 1193 3239 celebramus,
1201 3181 1295 3230 letissi-

136 3244 268 3300 seltstioni,
289 3245 417 3302 amoribus,
434 3254 458 3296 et
480 3247 590 3295 omnibus
628 3245 699 3292 uibus
732 3260 785 3292 mus
803 3253 861 3293 nota
871 3261 884 3294 a
894 3247 927 3295 ba
939 3245 1091 3308 insignistur,
1102 3245 1127 3292 h.
1138 3259 1161 3292 e.
1172 3243 1199 3292 in
1209 3261 1294 3295 nume·

132 3308 586 3437 {seuerissimis
603 3308 700 3436 {silli
732 3308 1085 3422 utilititttiffl
1093 3307 1296 3423 liminii}

135 3443 209 3500 poete
226 3437 253 3484 in
269 3437 314 3484 hoe
331 3438 432 3486 carmine
450 3452 498 3501 prse
514 3435 599 3485 letitia
612 3437 643 3485 de
661 3452 697 3485 re·
731 3435 785 3484 albo
795 3391 902 3502 ῙιρίΙΙο,Ρ
902 3438 1046 3487 infeliciores
1061 3444 1142 3486 sutem
1159 3446 1216 3486 nots
1226 3410 1296 3501 sligrs

135 3509 208 3574 cepto
218 3500 296 3550 arnico
310 3501 438 3556 exsultans,
450 3500 583 3548 mollissimi
598 3501 624 3548 in
639 3500 698 3549 emi·
731 3499 770 3548 vel
780 3509 831 3550 stro
842 3502 924 3568 lapillo
940 3510 1033 3551 notatos
1047 3501 1130 3558 fuisse,
1143 3502 1201 3549 satis
1211 3510 1296 3551 notum

135 3563 195 3613 citra
205 3565 293 3614 amoris
304 3579 387 3613 sensus
398 3564 546 3628 expresserit,
556 3564 635 3628 quiris
648 3564 700 3640 ipss
732 3573 781 3611 est:
799 3565 832 3613 et.
849 3566 984 3616 Bentleius.
1018 3567 1106 3622 Crass,
1123 3566 1148 3614 ir.
1162 3581 1185 3614 e.
1198 3566 1263 3621 elbo,
1281 3581 1296 3614 s

135 3627 231 3676 sentiet.
281 3629 399 3693 Computa
431 3644 487 3676 eum
518 3628 563 3677 hoc
596 3643 701 3678 carmine
732 3635 806 3685 crete,
817 3644 873 3693 que
886 3647 916 3680 ex
927 3630 1009 3679 insule
1024 3631 1097 3679 Crete
1107 3630 1147 3678 rel
1163 3637 1296 3705 apportstn,

138 3692 230 3742 Catuli.
239 3692 274 3748 ix,
287 3701 312 3740 et
322 3692 435 3741 Juvenal.
447 3693 489 3741 xii.
732 3693 771 3740 vel
793 3708 836 3758 pro
856 3693 952 3743 Cretica
970 3702 1033 3743 terre
1052 3693 1135 3742 habita
1154 3691 1208 3742 inst.
1242 3694 1298 3741 Neo

172 3757 245 3805 1-9.
262 3757 368 3814 Fidum,
375 3756 435 3805 inter
444 3755 626 3805 sacrificandum
636 3755 700 3804 enim
730 3766 825 3818 promto
845 3761 924 3806 modus
943 3760 1067 3821 amphora,
1086 3772 1147 3807 nere
1164 3755 1250 3805 modus
1269 3757 1296 3806 in

137 3817 169 3867 ed
181 3819 264 3868 tibiam
274 3828 299 3868 et
309 3820 386 3884 lyram
398 3820 453 3869 esni
461 3819 566 3869 solebat:
584 3820 628 3868 int'.
637 3820 668 3877 ir,
677 3822 700 3876 l,
733 3820 870 3885 promendis
884 3838 914 3871 ex
929 3822 993 3872 sella
1002 3820 1095 3870 moeris
1110 3820 1231 3886 amphoris
1246 3835 1296 3868 ser·

137 3885 182 3941 21,
205 3882 259 3932 luo
278 3886 383 3946 plurimo
405 3887 501 3933 naritus
524 3885 601 3932 Duces
620 3886 701 3940 thuro,
732 3883 1159 3950 retur,h.e.lsrgiuslrodierinum
1173 3884 1296 3932 efferetur.

137 3947 251 4059 &reque
272 3957 295 3996 st
311 3947 453 4012 Berecyntio
473 3949 619 3996 Deieetotsrs
641 3951 702 3996 titia
734 3949 834 4006 Solito,
846 3950 975 4007 Saliorum,
986 3949 1074 3998 Mortis
1084 3946 1242 4003 sacerdotum,
1254 3947 1298 4010 qui

165 4015 374 4068 istisenrmirss'bus,
387 4029 431 4060 non
443 4013 589 4077 sinefistrsio.
625 4012 701 4060 Verso
732 4027 762 4060 es
779 4013 870 4061 Nonus
885 4013 995 4062 instituto
1011 4009 1144 4062 secundum
1155 4010 1212 4058 Lis.
1224 4010 1243 4067 i,
1254 4012 1296 4067 20,

134 4079 250 4139 ssngsdroe
257 4078 340 4134 debito,
349 4075 515 4140 hostis,qusm
522 4083 700 4141 poetaexvoto,
730 4086 774 4137 per
784 4078 864 4124 uriom
873 4080 909 4124 ὅτι
918 4086 1024 4125 eamntss
1038 4076 1142 4123 connino
1156 4089 1209 4121 eum
1219 4075 1296 4135 tripo-

135 4155 186 4204 qno
196 4139 244 4188 diis
256 4155 300 4206 pro
311 4139 381 4191 selice
394 4140 508 4188 Numidis
519 4139 702 4189 redituseobli·
734 4141 780 4187 diis
790 4141 926 4202 solemnique
935 4140 1124 4200 saltatimjussi
1133 4145 1197 4184 sunt.
1223 4136 1299 4184 Mults·

167 4211 242 4261 vernt,
262 4219 328 4253 nuno
347 4203 463 4253 debebat:
485 4203 529 4253 ini.
548 4201 626 4269 Epist.
643 4204 660 4260 i,
678 4205 703 4260 3,
739 4203 844 4250 Damalis
853 4206 919 4257 meri,
929 4201 1021 4313 puella,
1033 4217 1089 4266 quis
1100 4199 1261 4274 largiterrino
1272 4215 1299 4249 ss

135 4217 177 4323 ἓ,
205 4267 317 4316 Poscitur
338 4271 365 4316 iss
387 4277 487 4316 osstnsm
506 4270 608 4316 miiitum
627 4270 704 4315 sotios
735 4265 881 4330 ingurgitare
899 4265 1000 4322 sosbst,
1017 4274 1046 4313 ut
1063 4263 1128 4329 spud
1144 4262 1218 4312 Ovid.
1235 4265 1300 4336 Met.

126 4335 243 4394 juvenca.
288 4332 405 4390 Grrstodu,
429 4333 562 4381 tutelares:
586 4331 703 4387 Numisio,
737 4329 784 4386 siv,
807 4331 865 4386 452,
886 4333 911 4377 π’
938 4332 953 4343 “’
1018 4330 1134 4390 Elpenore
1157 4330 1226 4376 visst.-
1253 4327 1300 4376 inst

136 4409 271 4458 cognomen
289 4393 377 4444 nobilis
392 4395 471 4459 gentis
485 4395 572 4444 Plotio
588 4401 612 4443 st
625 4393 704 4443 AEmi·
737 4393 849 4442 Damalis
867 4394 932 4443 houd
965 4392 1021 4441 ubis
1038 4390 1150 4441 libertins
1164 4391 1201 4440 vei
1218 4391 1301 4456 puelle

134 4457 182 4517 lin,
190 4458 257 4523 quod
265 4458 514 4524 majornmsliquisob
523 4474 572 4508 rem
580 4458 703 4522 quandem
735 4457 890 4515 inhonestior,
901 4454 1301 4522 quinionestioribusvelingennis

135 4521 162 4571 in
174 4522 294 4574 Numidis
304 4521 419 4590 pressisse
429 4531 520 4586 gestem
534 4521 703 4588 sceepisssri·
736 4520 870 4586 virginibus
890 4520 956 4572 hond
974 4520 1089 4573 interesse
1108 4520 1196 4570 licebsu
1214 4518 1300 4586 pomti-
