3150 5200
565 392 730 458 LIBER
753 395 814 470 lv,
837 395 869 458 4.

359 543 495 608 Nutrita
509 544 625 609 faustis
639 548 701 610 sub
715 546 949 630 penetralibus,

400 645 530 724 Posset,
546 646 626 730 quid
641 646 786 732 Augusti
802 659 957 732 paternus

444 745 483 809 In
498 771 618 832 pueros
634 749 758 812 animus
773 749 939 813 Nerones.

357 844 472 911 Fortes
487 860 640 914 creantur
654 850 793 916 fortibus
809 862 842 915 et
857 853 968 915 bonis:

264 953 268 961 '
293 948 337 1010 30
359 948 423 1012 Est
436 949 470 1012 in
481 950 641 1033 juvencis,
657 954 756 1016 estin
771 953 876 1036 equis,
891 961 1022 1036 petrum

401 1048 535 1114 Virtus:
558 1072 664 1136 neque
679 1053 840 1118 imbellem
855 1052 980 1118 feroces

443 1152 668 1236 Progcnerant
682 1155 800 1238 aquilae
814 1154 1006 1220 columbam.

358 1252 518 1318 Doctrina
530 1255 590 1319 sed
603 1255 667 1319 vim
681 1267 850 1340 promovet
865 1255 1004 1331 insitam,

356 1352 519 1437 Rectique
533 1355 640 1420 cultus
654 1367 790 1442 pectora
805 1357 977 1420 roborant:

291 1455 333 1518 35
398 1455 574 1542 Utcunque
590 1457 741 1524 defecere
756 1481 873 1536 mores,

441 1557 637 1625 Indecorant
651 1562 735 1626 bene
750 1570 828 1624 nata
842 1560 957 1644 oulpae.

356 1658 448 1732 Quid
462 1660 595 1739 debean
611 1685 632 1725 ο
647 1660 764 1739 Roma,
780 1661 982 1738 Neronibus,

356 1759 468 1825 Testis
482 1762 671 1827 Metaurum
685 1763 817 1841 flumen,
833 1775 867 1828 et
882 1761 1074 1828 Hasdrubal

400 1862 570 1940 Devictus,
586 1875 620 1928 et
634 1865 771 1948 pulcher
786 1864 908 1950 fugatis

291 1963 335 2028 lo
441 1965 500 2030 Ille
515 1965 586 2030 dies
601 1966 700 2032 Latio
713 1968 867 2042 tenebris,

134 2143 190 2178 esse
207 2129 364 2194 signiticaret5
385 2146 458 2197 qnam
474 2132 571 2198 quidem
590 2135 696 2198 quinon
728 2143 816 2185 temere
835 2135 861 2182 in
877 2142 966 2184 textum
984 2133 1121 2208 importatos
1136 2132 1241 2192 damnat,
1260 2135 1291 2184 ab

134 2194 198 2242 ferre
214 2202 312 2259 possent
325 2195 400 2262 hujus
412 2196 512 2262 poetica
526 2198 639 2262 loquendi
658 2213 696 2247 re-
729 2199 737 2246 i
794 2199 893 2247 Horatio
901 2197 1000 2263 proiecti
1010 2206 1067 2247 emt.
1100 2197 1290 2247 Extitiareenim

133 2257 210 2305 rionis
219 2257 464 2334 abundantiameam
478 2259 557 2318 variis,
569 2277 630 2328 quas
638 2279 697 2375 pro·
730 2215 846 2338 eliduem,
855 2263 898 2327 qui
913 2261 1002 2336 ingenii
1018 2261 1055 2310 sui
1070 2261 1205 2335 ostentandi
1216 2275 1291 2334 cauea

134 2324 699 2452 ntfmrurt‘tlr‘rlltt‘tluzlura
729 2324 1291 2454 ttutztttttu,rlrrt.¹ttlttl

133 2449 231 2498 Tibull.
246 2451 264 2507 i,
280 2452 305 2508 ³,
324 2453 366 2508 46,
382 2456 490 2518 ultroque
497 2454 609 2528 serebant
625 2456 698 2502 Obvia
729 2455 827 2529 Apella,
845 2469 892 2502 non
910 2469 963 2518 ego,
981 2453 1069 2503 credat.
1108 2454 1161 2510 Sed,
1179 2453 1203 2500 b.
1222 2469 1244 2502 e.
1264 2462 1291 2502 ut

133 2517 223 2561 secaris
233 2517 303 2562 ubere
320 2517 386 2566 taut·
397 2533 454 2574 oves,
467 2519 509 2566 ubr
523 2519 609 2583 pariter
620 2521 696 2575 locria
729 2533 805 2567 missa
813 2518 884 2582 igitur
892 2518 988 2582 faciam,
996 2533 1051 2582 quse
1061 2517 1100 2566 bic
1107 2529 1290 2568 commemorare

134 2577 204 2653 quod
217 2593 268 2643 pro,
285 2579 370 2639 lactea,
385 2580 516 2647 explicent,
532 2581 657 2642 abundat3
673 2590 699 2632 et
730 2582 791 2632 nibil
812 2583 905 2640 attinet,
924 2583 971 2641 vel,
996 2598 1026 2631 ne
1048 2581 1120 2646 igitur
1139 2589 1206 2630 extra
1225 2582 1290 2632 oleas

133 2657 171 2690 arc
189 2642 252 2708 apud
263 2644 348 2711 Eurip.
360 2647 440 2695 Oreat.
451 2664 475 2695 v.
487 2649 559 2705 1544,
572 2647 697 2713 γάλακτος
728 2664 808 2721 vager,
831 2647 873 2696 sed
893 2648 923 2695 ad
942 2662 985 2722 pro
1031 2647 1091 2695 itum
1112 2644 1221 2699 redeam:
1243 2646 1289 2695 hac

134 2708 209 2771 παρὰ
233 2710 374 2771 μαστοῖσιν.
413 2710 476 2759 Now
502 2714 578 2768 dente,
606 2711 697 2775 signifi·
728 2728 793 2761 enim
804 2711 881 2761 seravi
890 2712 1186 2823 panicuaeedeleganter
1194 2710 1290 2774 ponitur

134 2780 220 2819 muter
229 2772 260 2821 de
269 2773 359 2836 jurene
369 2775 446 2829 leone,
488 2774 606 2840 iprimum
614 2775 698 2824 dentes
729 2775 879 2841 abiisquia
906 2776 1034 2839 igressione
1045 2775 1127 2839 aliqua
1141 2774 1288 2839 adpropoai-

134 2849 193 2882 suos
204 2836 321 2898 eangnrine
332 2838 427 2886 imbuit.
473 2840 609 2904 detispro,
622 2840 698 2888 Rha·
728 2848 943 2889 tumserevooant.
960 2839 1069 2887 Victrices
1078 2847 1181 2893 cote-va,
1192 2837 1288 2902 impune

134 2898 479 2959 ticiszvidereVs'ndetic2'5ab
489 2902 557 2952 initio
569 2904 699 2952 enimcum
730 2911 793 2953 certe
831 2904 916 2951 rimum
939 2903 1026 2958 Italia,
1049 2911 1074 2950 et
1094 2900 1180 2949 deinde
1199 2902 1288 2953 Gallim

132 2962 200 3011 solos
212 2964 313 3013 libertos
324 2966 487 3030 aggrederetur
499 2967 602 3024 Drusus,
617 2968 697 3031 qualis
729 2967 796 3025 fines,
809 2922 856 3017 dite
866 2975 890 3015 et
900 2966 957 3015 satis
968 2966 1010 3014 diu
1022 2964 1171 3039 depopulatas
1187 2964 1288 3039 fuerant.

132 3026 178 3075 ille
201 3026 251 3075 dur
277 3038 348 3085 esset,
372 3029 494 3079 Vindelici
515 3034 633 3087 uiderunt,
654 3031 697 3080 sed
729 3032 838 3087 Revictae,
851 3031 953 3081 invicem
968 3030 1006 3078 vel
1023 3044 1127 3078 vrcrsum
1140 3036 1226 3087 ηοω,
1242 3043 1288 3076 mer

132 3090 223 3140 deinde
243 3092 298 3157 ejus
318 3093 429 3142 vinutem
446 3110 541 3161 quoque
562 3106 696 3143 senserunt:
729 3112 770 3161 pro
786 3096 904 3161 simplice,
920 3098 994 3147 victe,
1006 3100 1032 3141 ut
1042 3108 1097 3158 sup.
1109 3092 1141 3147 iv,
1153 3094 1175 3147 l,
1187 3093 1212 3148 8,
1224 3108 1286 3139 revo-

133 3154 184 3203 vid.
196 3166 370 3219 argumentum.
728 3175 789 3217 core,
814 3176 864 3225 pro,
888 3172 981 3213 vocare,
1000 3164 1025 3206 at
1043 3156 1131 3222 sapius
1149 3155 1197 3203 alia
1216 3156 1288 3204 verba

169 3220 699 3275 18—28.QuibusMorundededuetua-Nec
729 3239 785 3271 cnm
800 3242 825 3273 re
841 3222 980 3290 composita,
997 3220 1103 3285 accipere
1119 3220 1198 3268 malis.
1230 3220 1286 3267 Sen-

133 3283 455 3349 eciresesestomnin‚b.e.
470 3286 607 3351 quicurad
620 3288 694 3335 Arna·
726 3303 789 3336 sere.-
806 3286 1073 3353 cf.up.adii,7,10.
1108 3284 1286 3349 Nurritofnue·

133 3362 222 3395 zonam
237 3349 371 3414 exemplum
383 3364 478 3399 secures
492 3366 585 3415 seraper
595 3351 620 3398 in
631 3351 696 3400 bello
726 3354 756 3399 tis
765 3354 806 3400 rat
816 3353 980 3414 penetralibus,
992 3350 1089 3399 exculta
1100 3350 1145 3397 sub
1161 3347 1245 3396 sanans
1261 3348 1287 3397 in

133 3411 387 3473 gemmrenanee
426 3414 694 3480 recmtariplacnit,nec
726 3416 831 3479 Augusti
843 3416 913 3464 domo
925 3413 1046 3479 auspiciis.
1082 3412 1286 3475 inputem-Ne-

133 3475 197 3523 scire
204 3476 285 3523 omnia
294 3477 357 3525 licet.
384 3430 475 3526 illust
485 3493 543 3526 sane
553 3487 577 3526 et
588 3477 699 3544 deprimit
728 3496 806 3528 maes:
816 3497 876 3542 puer
883 3479 971 3557 passim
980 3476 1106 3544 respondet
1117 3476 1187 3551 patrii
1198 3491 1287 3525 sermo-

132 3537 189 3587 bac
200 3539 314 3589 historica
325 3540 394 3605 qnasi
407 3540 540 3591 observatio
550 3550 626 3607 poete
638 3543 696 3593 sub·
729 3543 767 3591 nis
787 3544 850 3600 voci,
872 3560 947 3617 paug.
971 3543 1180 3607 sup.Carm.1v,
1202 3542 1226 3596 l,
1248 3543 1286 3598 16,

131 3600 234 3651 limioris
254 3603 361 3668 spiritum
383 3614 408 3654 et
425 3606 558 3671 impetum3
574 3606 617 3654 sed
630 3606 696 3656 haud
729 3606 846 3655 Maximus
857 3605 944 3655 dicitur
955 3623 1013 3667 puer
1022 3616 1113 3654 centron
1123 3607 1219 3652 artium.

132 3664 217 3724 dubie,
227 3682 331 3717 cursam
341 3668 500 3735 adspergemt.
509 3670 627 3733 graviores
637 3686 694 3720 cau·
759 3671 865 3720 29-36.
880 3671 959 3719 Fortes
965 3680 1074 3718 martur
1073 3668 1179 3733 sortibus
1187 3670 1287 3725 utonis,

132 3731 695 3849 nurtrlli⁵ltrttl⁶³trt⁸.tr
727 3731 1287 3859 “brut“littlltlltllrllllt

130 3856 208 3914 illias,
228 3874 278 3922 quo
297 3860 419 3910 Vindelici
440 3815 563 3910 securiblire
584 3862 609 3910 in
630 3864 695 3912 bello
726 3814 910 3911 gimaliaadbd
921 3858 1043 3935 propagari
1051 3830 1286 3932 eoletssedrectpm,

130 3929 264 3977 uterentur,
281 3923 388 3987 origine3
406 3924 455 3973 sive
472 3925 537 3989 quod
554 3926 693 3976 Vindelico·
743 3926 768 3973 ui
781 3925 894 3975 accedere
903 3940 999 3973 ommno
1010 3922 1120 3977 debebat,
1133 3934 1287 3995 generoerona

130 4000 194 4041 mm,
214 3986 258 4049 qni
278 3987 349 4052 vulgo
368 3992 526 4052 ucurigerr'a
574 3989 626 4038 llati
642 4006 694 4040 esee
726 3943 793 4038 dnus
820 3988 907 4037 indolis
932 3989 1025 4036 cultum
1053 3993 1158 4058 pateram
1183 3983 1287 4047 Augusti

128 4048 253 4105 videntur,
264 4050 350 4101 addere
360 4060 385 4101 et
396 4052 533 4102 circumscn
564 4055 695 4103 reomnino
726 4052 839 4102 curisilli
854 4052 950 4100 debent.
984 4051 1015 4098 In
1031 4054 1286 4110 sentenuam,patrum

129 4112 237 4161 debebat
247 4129 393 4178 cognomen
404 4116 453 4165 sire
465 4116 529 4181 quod
541 4117 572 4164 ab
583 4119 695 4182 Augusto
726 4115 831 4165 indolem
839 4112 970 4178 ingenerari
977 4112 1039 4170 filiis,
1046 4110 1130 4160 laudat
1137 4111 1177 4160 cl.
1185 4110 1286 4159 Mitseh.

129 4176 247 4241 bujuerei
254 4177 279 4226 in
293 4178 339 4227 boc
349 4179 455 4228 carmine
465 4181 609 4229 mentionem
617 4182 694 4231 lacere
727 4179 811 4244 Eurip.
833 4178 857 4226 in
876 4177 981 4225 Alcmss.
1001 4175 1066 4241 apud
1085 4175 1151 4223 Stob.
1173 4175 1242 4222 Grot.
1261 4190 1286 4239 p.

126 4240 215 4305 jnesus
231 4240 323 4302 laemt3
345 4245 395 4292 eive
412 4244 477 4309 quod
495 4260 526 4293 ex
545 4245 601 4300 alia,
621 4260 694 4310 quam
726 4238 1287 4303 363,bedlntllc-iedlldvdr'dvdpdvlodld

129 4320 197 4353 nnnc
220 4304 367 4369 ignoramus,
388 4322 464 4357 causa
482 4308 555 4373 bujns
573 4309 607 4357 rei
628 4325 693 4358 com·
727 4308 859 4373 γίγνεσθαι
875 4304 959 4362 τέκνα,
970 4310 1052 4355 κακῶν
1064 4302 1084 4353 δ’
1093 4302 1164 4377 lipom
1177 4300 1288 4413 rp'pdou

128 4369 326 4420 memorationem
349 4387 398 4419 non
419 4372 491 4421 facile
535 4373 696 4423 ratermittere
747 4374 759 4387 ⁴
780 4374 825 4422 τοῦ
847 4370 952 4435 πατρός.
994 4370 1068 4419 Plura
1089 4366 1138 4415 vrd.
1161 4382 1209 4431 apu
1246 4367 1287 4415 Cl.

129 4441 234 4497 poterat.
267 4435 307 4483 Ne
324 4436 413 4484 multa!
432 4437 472 4483 vix
489 4390 593 4485 dubitari
611 4445 695 4502 potest,
759 4436 831 4485 itscb.
844 4434 986 4498 etBoettig.
1020 4434 1060 4481 Est
1073 4434 1098 4480 in
1100 4434 1217 4493 juvencis,
1229 4436 1287 4503 cett.

129 4496 191 4560 quin
210 4496 236 4544 bi
246 4511 336 4555 versus,
348 4515 410 4563 quos
422 4498 463 4549 Cl.
474 4500 532 4549 Jani
543 4500 568 4547 in
580 4502 696 4565 peculiari
729 4499 843 4549 animalia
860 4514 955 4564 quoque
971 4497 1059 4547 indolis
1074 4512 1124 4545 sua
1143 4503 1286 4557 generosita-

130 4559 164 4607 ad
179 4560 205 4608 b.
222 4560 241 4609 l.
260 4562 414 4615 Excursuut
429 4566 521 4628 spurios
531 4573 555 4614 et
565 4581 580 4613 e
592 4565 697 4629 margine
729 4574 776 4614 tem
795 4571 935 4630 propagant.
969 4560 1076 4610 Martial.
1088 4559 1121 4617 vi,
1134 4560 1173 4615 38,
1186 4559 1211 4615 7,
1224 4560 1290 4607 Acris

705 4646 719 4675 P
