3150 5200
472 901 947 1008 PRAEFATIO

413 1213 471 1266 AD
490 1213 665 1268 SATIRAS
689 1213 742 1269 ET
764 1215 1002 1270 EPISTOLAS.

554 1523 828 1534 ——-—-

13 1771 14 1850 ff
130 1753 195 1820 Fur
220 1754 341 1832 adbuc,
364 1754 480 1834 fateor,
504 1777 605 1820 vanus
632 1755 821 1838 promissor,
841 1757 903 1837 vel,
929 1769 966 1825 ut
988 1759 1106 1826 Cicero
1126 1759 1282 1844 loquum,

129 1874 232 1938 leuas
254 1873 420 1959 infitiator.
474 1872 582 1940 Lento
604 1874 691 1938 enim
713 1875 820 1940 ammo
843 1877 977 1960 porrexi
1001 1899 1109 1956 aures,
1132 1902 1215 1963 quas
1240 1882 1283 1946 ad

130 2014 181 2058 me
203 1994 410 2072 mouendum,
431 2004 468 2057 ut
487 1993 596 2058 datam
619 1992 661 2056 de
683 1992 821 2058 edendis
841 1994 974 2059 Horatii
993 1993 1110 2061 Satiris
1128 2007 1163 2062 et
1183 1993 1284 2083 Epis-

129 2109 205 2176 tolis
227 2111 327 2176 fldem
355 2112 566 2190 exsolverem,
592 2133 657 2176 non
686 2111 791 2178 solum
813 2113 926 2178 Sosius
948 2113 1196 2192 honestissimus,
1223 2118 1282 2183 sed

129 2229 227 2292 etiam
249 2232 355 2308 amici,
375 2252 514 2315 quorum
535 2230 672 2294 multum
691 2229 785 2314 apud
807 2251 858 2295 me
877 2229 964 2294 valet
981 2213 1184 2308 auctoritas,
1196 2233 1285 2300 velli·

13 2335 14 2340 ¹
129 2358 252 2412 carent.
297 2347 459 2426 Tandem,
474 2369 547 2412 cum
566 2359 763 2432 reputarem,
776 2347 905 2432 mejam
919 2346 1047 2431 longius
1063 2369 1083 2410 a
1097 2352 1283 2416 carceribus

14 2525 15 2528 ,
129 2476 289 2530 remotum
303 2466 399 2532 celeri
416 2467 501 2550 pede
515 2465 558 2530 ad
574 2465 693 2532 calcem
709 2465 841 2542 deferri,
856 2487 898 2529 ne
912 2463 993 2528 lenti
1007 2463 1191 2532 infitiatoris
1204 2480 1284 2535 nota

129 2584 224 2651 sumre
237 2609 316 2651 roeae
336 2596 413 2672 post
435 2585 503 2651 iata
529 2584 722 2663 adhaereret,
738 2608 805 2650 non
818 2582 956 2669 mplius
971 2606 1077 2649 moras
1092 2587 1281 2665 nectendas,
1383 2603 1401 2637 κ’

14 2774 15 2789 ¹
130 2704 189 2770 sed
219 2727 287 2769 rem
316 2716 446 2771 strenue
475 2702 695 2789 peragendam
724 2727 797 2771 esse
827 2703 983 2769 intellexi.
1027 2702 1154 2789 Appuli
1183 2706 1282 2791 igitur

14 2820 15 2827 '
129 2823 271 2887 animum
300 2824 342 2888 ad
372 2823 504 2888 Horatii
542 2823 667 2887 Satires
703 2834 737 2889 et
777 2822 947 2908 Epistulas
982 2821 1076 2885 simili
1105 2822 1185 2901 iere,
1215 2848 1282 2909 quo

129 2940 282 3007 Carmina
301 2940 431 3007 Horatii
454 2943 573 3026 Lyrica
597 2941 758 3007 illrutrare
781 2942 904 3019 studui,
919 2942 1149 3007 commentario
1163 2943 1283 3007 instru-

14 3080 15 3091 ’
127 3060 241 3123 endas.
287 3058 377 3125 Ante
391 3061 504 3125 oculos
524 3071 634 3126 autem
653 3060 754 3125 habui
777 3060 923 3144 inprimis
938 3060 1060 3125 tirones
1075 3070 1109 3123 et
1122 3060 1282 3144 ejusmodi

128 3177 262 3243 Horatii
278 3178 427 3256 lectores,
442 3180 499 3262 qui
519 3190 626 3265 poetas
650 3180 828 3243 sententias
848 3200 1023 3262 earumque
1037 3199 1158 3241 nexum
1172 3176 1282 3261 potius

128 3296 316 3379 perspicere
338 3308 371 3360 et
394 3296 562 3373 imbibere,
587 3320 684 3381 quarn
707 3297 821 3361 doctas
844 3308 878 3361 et
899 3297 1028 3361 criticas
1044 3295 1282 3379 disputationes

128 3414 290 3496 inspicere
314 3423 347 3477 et
371 3436 567 3498 cognoscere
591 3416 739 3500 cupiunt,
764 3415 883 3480 similes
907 3414 975 3480 fere
1002 3414 1198 3490 sitientibus,
1225 3414 1282 3497 qui

127 3552 186 3595 ora
208 3552 268 3595 sua
291 3531 414 3597 malunt
437 3555 520 3616 pura
545 3535 773 3617 praetereuntis
800 3536 860 3598 rivi
885 3556 972 3618 aqua
997 3533 1158 3618 proluere,
1183 3553 1280 3615 quam

128 3659 224 3713 antea
239 3649 281 3713 de
301 3648 384 3725 loco,
402 3650 458 3714 ubi
477 3650 550 3715 fons
574 3652 633 3715 rivi
657 3651 767 3729 lateat,
789 3651 925 3719 sollicite
948 3673 1105 3735 quaerere.
1151 3648 1281 3713 Horum

127 3766 284 3831 lectorum
308 3768 408 3852 igitur
431 3782 582 3853 respectu
605 3770 729 3848 habito,
746 3771 885 3855 prinmm
905 3792 1037 3855 operam
1058 3770 1134 3833 dedi
1154 3780 1191 3834 ut
1212 3781 1282 3835 tex-

126 3898 207 3965 tum,
223 3897 380 3983 quantum
395 3886 468 3951 fieri
481 3898 605 3972 posset,
621 3890 828 3953 emendatum
848 3900 883 3953 et
902 3912 922 3953 a
937 3889 1021 3953 vitiis
1037 3886 1283 3972 typographicis

15 3996 17 4023 ³
124 4015 301 4088 purgatum
331 4006 512 4071 redderem.
572 4006 648 4071 dam
668 4030 756 4085 vero,
780 4031 855 4073 cum
883 4010 917 4071 in
946 4006 1078 4071 Horatii
1107 4006 1224 4069 Satiris
1249 4016 1283 4067 et

126 4121 288 4207 Epistolis
317 4136 382 4187 tam
409 4136 535 4191 veteres
562 4126 702 4191 Codices
727 4148 826 4211 quam
851 4128 994 4210 antiquas
1019 4124 1281 4206 recentioresque

125 4240 288 4306 editiones
311 4244 427 4309 mirum
450 4245 483 4307 in
506 4244 638 4309 modum
661 4243 809 4311 lectionis
824 4244 980 4309 varietate
995 4244 1080 4307 inter
1104 4264 1139 4306 se
1158 4241 1281 4305 discre-

125 4370 216 4443 pent,
232 4382 289 4425 eas
302 4360 468 4441 lectiones,
484 4385 558 4447 quae
574 4363 753 4429 secundum
768 4363 898 4429 additas
913 4363 1054 4427 rationes
1070 4359 1283 4446 proeferendae

16 4548 19 4573 b
126 4478 204 4543 mihi
228 4480 423 4545 videbantur
446 4482 574 4557 ceteris,
596 4481 703 4566 delegi
726 4494 760 4547 et
781 4492 913 4549 secutus
937 4480 1148 4548 sum-Nec·
1161 4479 1284 4545 medio-
