<?xml version="1.0" encoding="UTF-8"?>
<!DOCTYPE html PUBLIC "-//W3C//DTD XHTML 1.0 Transitional//EN"
    "http://www.w3.org/TR/xhtml1/DTD/xhtml1-transitional.dtd">
<html xmlns="http://www.w3.org/1999/xhtml" xml:lang="en" lang="en">
 <head>
  <title>
</title>
<meta http-equiv="Content-Type" content="text/html;charset=utf-8" />
  <meta name='ocr-system' content='tesseract 3.04.00' />
  <meta name='ocr-capabilities' content='ocr_page ocr_carea ocr_par ocr_line ocrx_word'/>
</head>
<body>
  <div class='ocr_page' id='page_1' title='image "./operaomniaillus00horagoog_0560.png"; bbox 0 0 3150 5200; ppageno 0'>
   <div class='ocr_carea' id='block_1_1' title="bbox 279 345 1065 415">
    <p class='ocr_par' dir='ltr' id='par_1_1' title="bbox 279 345 1065 415">
     <span class='ocr_line' id='line_1_1' title="bbox 279 345 1065 415; baseline -0.003 -1"><span class='ocrx_word' id='word_1_1' title='bbox 279 352 342 415; x_wconf 89' lang='grc'>518</span> <span class='ocrx_word' id='word_1_2' title='bbox 667 345 1065 415; x_wconf 87' lang='lat' dir='ltr'>EPISTOLARUM</span> 
     </span>
    </p>
   </div>
   <div class='ocr_carea' id='block_1_2' title="bbox 366 500 1181 689">
    <p class='ocr_par' dir='ltr' id='par_1_2' title="bbox 366 500 1181 689">
     <span class='ocr_line' id='line_1_2' title="bbox 367 500 1181 573; baseline -0.009 -5"><span class='ocrx_word' id='word_1_3' title='bbox 367 503 424 568; x_wconf 93' lang='lat' dir='ltr'>Ad</span> <span class='ocrx_word' id='word_1_4' title='bbox 438 504 538 569; x_wconf 91' lang='lat' dir='ltr'>libros</span> <span class='ocrx_word' id='word_1_5' title='bbox 555 514 587 568; x_wconf 92' lang='lat' dir='ltr'>et</span> <span class='ocrx_word' id='word_1_6' title='bbox 603 504 645 567; x_wconf 89' lang='lat' dir='ltr'>ad</span> <span class='ocrx_word' id='word_1_7' title='bbox 660 503 731 566; x_wconf 89' lang='lat' dir='ltr'>haee</span> <span class='ocrx_word' id='word_1_8' title='bbox 747 501 919 566; x_wconf 81' lang='lat' dir='ltr'>Musarum</span> <span class='ocrx_word' id='word_1_9' title='bbox 935 500 1021 562; x_wconf 88' lang='lat' dir='ltr'>dona</span> <span class='ocrx_word' id='word_1_10' title='bbox 1035 519 1181 573; x_wconf 85' lang='lat' dir='ltr'>vocares,</span> 
     </span>
     <span class='ocr_line' id='line_1_3' title="bbox 366 605 1063 689; baseline -0.01 -19"><span class='ocrx_word' id='word_1_11' title='bbox 366 605 518 670; x_wconf 81' lang='lat' dir='ltr'>Boeotfim</span> <span class='ocrx_word' id='word_1_12' title='bbox 534 607 568 669; x_wconf 91' lang='lat' dir='ltr'>in</span> <span class='ocrx_word' id='word_1_13' title='bbox 583 627 694 669; x_wconf 86' lang='lat' dir='ltr'>crasso</span> <span class='ocrx_word' id='word_1_14' title='bbox 705 606 834 689; x_wconf 86' lang='lat' dir='ltr'>jurares</span> <span class='ocrx_word' id='word_1_15' title='bbox 850 624 925 666; x_wconf 86' lang='lat' dir='ltr'>aere</span> <span class='ocrx_word' id='word_1_16' title='bbox 940 610 1063 664; x_wconf 88' lang='lat' dir='ltr'>natum.</span> 
     </span>
    </p>
   </div>
   <div class='ocr_carea' id='block_1_3' title="bbox 280 703 1219 892">
    <p class='ocr_par' dir='ltr' id='par_1_3' title="bbox 280 703 1219 892">
     <span class='ocr_line' id='line_1_4' title="bbox 280 703 1193 799; baseline -0.007 -28"><span class='ocrx_word' id='word_1_17' title='bbox 280 709 345 772; x_wconf 73' lang='lat'>245</span> <span class='ocrx_word' id='word_1_18' title='bbox 366 705 414 771; x_wconf 92' lang='lat' dir='ltr'>At</span> <span class='ocrx_word' id='word_1_19' title='bbox 429 729 534 790; x_wconf 91' lang='lat' dir='ltr'>neque</span> <span class='ocrx_word' id='word_1_20' title='bbox 550 707 749 770; x_wconf 80' lang='lat' dir='ltr'><strong>dedecorant</strong></span> <span class='ocrx_word' id='word_1_21' title='bbox 764 715 822 767; x_wconf 89' lang='lat' dir='ltr'>tua</span> <span class='ocrx_word' id='word_1_22' title='bbox 838 705 879 768; x_wconf 91' lang='lat' dir='ltr'>de</span> <span class='ocrx_word' id='word_1_23' title='bbox 895 725 929 766; x_wconf 92' lang='lat' dir='ltr'>se</span> <span class='ocrx_word' id='word_1_24' title='bbox 941 703 1077 787; x_wconf 89' lang='lat' dir='ltr'>judicia,</span> <span class='ocrx_word' id='word_1_25' title='bbox 1094 713 1193 799; x_wconf 88' lang='lat' dir='ltr'>atque</span> 
     </span>
     <span class='ocr_line' id='line_1_5' title="bbox 365 803 1219 892; baseline -0.008 -20"><span class='ocrx_word' id='word_1_26' title='bbox 365 809 518 885; x_wconf 83' lang='lat' dir='ltr'>Munera,</span> <span class='ocrx_word' id='word_1_27' title='bbox 534 832 607 892; x_wconf 85' lang='lat' dir='ltr'>quae</span> <span class='ocrx_word' id='word_1_28' title='bbox 621 807 722 871; x_wconf 90' lang='lat' dir='ltr'>multa</span> <span class='ocrx_word' id='word_1_29' title='bbox 737 807 845 870; x_wconf 88' lang='lat' dir='ltr'>dantis</span> <span class='ocrx_word' id='word_1_30' title='bbox 861 826 934 868; x_wconf 91' lang='lat' dir='ltr'>cum</span> <span class='ocrx_word' id='word_1_31' title='bbox 949 803 1046 867; x_wconf 85' lang='lat' dir='ltr'>laude</span> <span class='ocrx_word' id='word_1_32' title='bbox 1063 803 1219 878; x_wconf 90' lang='lat' dir='ltr'>tulerunt,</span> 
     </span>
    </p>
   </div>
   <div class='ocr_carea' id='block_1_4' title="bbox 274 907 1427 2306">
    <p class='ocr_par' dir='ltr' id='par_1_4' title="bbox 364 907 1198 1197">
     <span class='ocr_line' id='line_1_6' title="bbox 365 907 1080 992; baseline -0.007 -20"><span class='ocrx_word' id='word_1_33' title='bbox 365 910 489 973; x_wconf 90' lang='lat' dir='ltr'>Dilecti</span> <span class='ocrx_word' id='word_1_34' title='bbox 504 912 563 973; x_wconf 90' lang='lat' dir='ltr'>tibi</span> <span class='ocrx_word' id='word_1_35' title='bbox 579 908 738 992; x_wconf 87' lang='lat' dir='ltr'>Virgilius</span> <span class='ocrx_word' id='word_1_36' title='bbox 754 907 940 990; x_wconf 83' lang='lat' dir='ltr'>Variusque</span> <span class='ocrx_word' id='word_1_37' title='bbox 955 915 1080 988; x_wconf 84' lang='lat' dir='ltr'>poetae3</span> 
     </span>
     <span class='ocr_line' id='line_1_7' title="bbox 364 1006 1172 1096; baseline -0.007 -22"><span class='ocrx_word' id='word_1_38' title='bbox 364 1012 437 1076; x_wconf 87' lang='lat' dir='ltr'>Nec</span> <span class='ocrx_word' id='word_1_39' title='bbox 453 1012 554 1096; x_wconf 88' lang='lat' dir='ltr'>magis</span> <span class='ocrx_word' id='word_1_40' title='bbox 568 1010 717 1094; x_wconf 86' lang='lat' dir='ltr'>expressi</span> <span class='ocrx_word' id='word_1_41' title='bbox 731 1007 840 1071; x_wconf 83' lang='lat' dir='ltr'>vultus</span> <span class='ocrx_word' id='word_1_42' title='bbox 855 1029 914 1090; x_wconf 94' lang='lat' dir='ltr'>per</span> <span class='ocrx_word' id='word_1_43' title='bbox 929 1007 1053 1070; x_wconf 86' lang='lat' dir='ltr'>ahenea</span> <span class='ocrx_word' id='word_1_44' title='bbox 1069 1006 1172 1088; x_wconf 84' lang='lat' dir='ltr'>signa,</span> 
     </span>
     <span class='ocr_line' id='line_1_8' title="bbox 365 1108 1198 1197; baseline -0.01 -21"><span class='ocrx_word' id='word_1_45' title='bbox 365 1113 472 1185; x_wconf 85' lang='lat' dir='ltr'>Quam</span> <span class='ocrx_word' id='word_1_46' title='bbox 488 1135 547 1197; x_wconf 91' lang='lat' dir='ltr'>per</span> <span class='ocrx_word' id='word_1_47' title='bbox 562 1113 643 1174; x_wconf 89' lang='lat' dir='ltr'>vatis</span> <span class='ocrx_word' id='word_1_48' title='bbox 659 1133 741 1194; x_wconf 90' lang='lat' dir='ltr'>opus</span> <span class='ocrx_word' id='word_1_49' title='bbox 758 1130 863 1172; x_wconf 91' lang='lat' dir='ltr'>mores</span> <span class='ocrx_word' id='word_1_50' title='bbox 879 1108 1040 1190; x_wconf 82' lang='lat' dir='ltr'>animique</span> <span class='ocrx_word' id='word_1_51' title='bbox 1055 1109 1198 1169; x_wconf 88' lang='lat' dir='ltr'>virorum</span> 
     </span>
    </p>

    <p class='ocr_par' dir='ltr' id='par_1_5' title="bbox 278 1207 1295 1700">
     <span class='ocr_line' id='line_1_9' title="bbox 278 1207 1239 1296; baseline -0.007 -19"><span class='ocrx_word' id='word_1_52' title='bbox 278 1215 344 1277; x_wconf 75' lang='lat'>250</span> <span class='ocrx_word' id='word_1_53' title='bbox 367 1213 536 1277; x_wconf 89' lang='lat' dir='ltr'>Clarorum</span> <span class='ocrx_word' id='word_1_54' title='bbox 552 1222 720 1296; x_wconf 85' lang='lat' dir='ltr'>apparent.</span> <span class='ocrx_word' id='word_1_55' title='bbox 768 1210 842 1273; x_wconf 88' lang='lat' dir='ltr'>Nee</span> <span class='ocrx_word' id='word_1_56' title='bbox 858 1231 1021 1272; x_wconf 89' lang='lat' dir='ltr'>sermones</span> <span class='ocrx_word' id='word_1_57' title='bbox 1037 1232 1099 1292; x_wconf 84' lang='lat' dir='ltr'>ego</span> <span class='ocrx_word' id='word_1_58' title='bbox 1113 1207 1239 1272; x_wconf 86' lang='lat' dir='ltr'>mallem</span> 
     </span>
     <span class='ocr_line' id='line_1_10' title="bbox 364 1314 1295 1398; baseline -0.008 -20"><span class='ocrx_word' id='word_1_59' title='bbox 364 1315 533 1398; x_wconf 88' lang='lat' dir='ltr'>Repentes</span> <span class='ocrx_word' id='word_1_60' title='bbox 548 1337 607 1398; x_wconf 92' lang='lat' dir='ltr'>per</span> <span class='ocrx_word' id='word_1_61' title='bbox 623 1314 766 1389; x_wconf 87' lang='lat' dir='ltr'>humum,</span> <span class='ocrx_word' id='word_1_62' title='bbox 783 1333 880 1394; x_wconf 88' lang='lat' dir='ltr'>quam</span> <span class='ocrx_word' id='word_1_63' title='bbox 895 1332 947 1374; x_wconf 87' lang='lat' dir='ltr'>res</span> <span class='ocrx_word' id='word_1_64' title='bbox 964 1333 1158 1394; x_wconf 88' lang='lat' dir='ltr'>componere</span> <span class='ocrx_word' id='word_1_65' title='bbox 1173 1320 1295 1394; x_wconf 84' lang='lat' dir='ltr'>gestas,</span> 
     </span>
     <span class='ocr_line' id='line_1_11' title="bbox 365 1413 1193 1499; baseline -0.005 -21"><span class='ocrx_word' id='word_1_66' title='bbox 365 1415 608 1499; x_wconf 86' lang='lat' dir='ltr'>Terrarumque</span> <span class='ocrx_word' id='word_1_67' title='bbox 625 1417 706 1478; x_wconf 90' lang='lat' dir='ltr'>situs</span> <span class='ocrx_word' id='word_1_68' title='bbox 721 1424 755 1477; x_wconf 90' lang='lat' dir='ltr'>et</span> <span class='ocrx_word' id='word_1_69' title='bbox 770 1413 903 1476; x_wconf 87' lang='lat' dir='ltr'>flumina</span> <span class='ocrx_word' id='word_1_70' title='bbox 917 1413 1038 1489; x_wconf 88' lang='lat' dir='ltr'>dicere,</span> <span class='ocrx_word' id='word_1_71' title='bbox 1054 1422 1088 1475; x_wconf 90' lang='lat' dir='ltr'>et</span> <span class='ocrx_word' id='word_1_72' title='bbox 1102 1433 1193 1475; x_wconf 86' lang='lat' dir='ltr'>arces</span> 
     </span>
     <span class='ocr_line' id='line_1_12' title="bbox 363 1515 1204 1601; baseline -0.004 -23"><span class='ocrx_word' id='word_1_73' title='bbox 363 1517 534 1580; x_wconf 91' lang='lat' dir='ltr'>Montibus</span> <span class='ocrx_word' id='word_1_74' title='bbox 548 1517 726 1601; x_wconf 90' lang='lat' dir='ltr'>impositas,</span> <span class='ocrx_word' id='word_1_75' title='bbox 742 1525 775 1578; x_wconf 90' lang='lat' dir='ltr'>et</span> <span class='ocrx_word' id='word_1_76' title='bbox 789 1515 929 1578; x_wconf 84' lang='lat' dir='ltr'>barbara</span> <span class='ocrx_word' id='word_1_77' title='bbox 945 1536 1056 1598; x_wconf 87' lang='lat' dir='ltr'>regna,</span> <span class='ocrx_word' id='word_1_78' title='bbox 1073 1515 1204 1596; x_wconf 90' lang='lat' dir='ltr'>tuisque</span> 
     </span>
     <span class='ocr_line' id='line_1_13' title="bbox 362 1614 1146 1700; baseline -0.005 -20"><span class='ocrx_word' id='word_1_79' title='bbox 362 1615 529 1700; x_wconf 88' lang='lat' dir='ltr'>Auspiciis</span> <span class='ocrx_word' id='word_1_80' title='bbox 546 1628 648 1680; x_wconf 88' lang='lat' dir='ltr'>totum</span> <span class='ocrx_word' id='word_1_81' title='bbox 664 1615 812 1681; x_wconf 86' lang='lat' dir='ltr'>confecta</span> <span class='ocrx_word' id='word_1_82' title='bbox 827 1614 936 1678; x_wconf 90' lang='lat' dir='ltr'>duella</span> <span class='ocrx_word' id='word_1_83' title='bbox 950 1637 1009 1698; x_wconf 90' lang='lat' dir='ltr'>per</span> <span class='ocrx_word' id='word_1_84' title='bbox 1023 1617 1146 1691; x_wconf 90' lang='lat' dir='ltr'>orbem,</span> 
     </span>
    </p>

    <p class='ocr_par' dir='ltr' id='par_1_6' title="bbox 276 1714 1427 2206">
     <span class='ocr_line' id='line_1_14' title="bbox 276 1714 1217 1800; baseline -0.005 -18"><span class='ocrx_word' id='word_1_85' title='bbox 276 1719 342 1782; x_wconf 70' lang='lat'>255</span> <span class='ocrx_word' id='word_1_86' title='bbox 364 1718 579 1800; x_wconf 88' lang='lat' dir='ltr'>Claustraque</span> <span class='ocrx_word' id='word_1_87' title='bbox 595 1718 763 1783; x_wconf 88' lang='lat' dir='ltr'>custodem</span> <span class='ocrx_word' id='word_1_88' title='bbox 778 1716 869 1799; x_wconf 80' lang='lat' dir='ltr'>pacis</span> <span class='ocrx_word' id='word_1_89' title='bbox 884 1715 1071 1779; x_wconf 85' lang='lat' dir='ltr'>cohibentia</span> <span class='ocrx_word' id='word_1_90' title='bbox 1085 1714 1217 1790; x_wconf 78' lang='lat' dir='ltr'>lanum,</span> 
     </span>
     <span class='ocr_line' id='line_1_15' title="bbox 364 1817 1152 1900; baseline -0.006 -17"><span class='ocrx_word' id='word_1_91' title='bbox 364 1821 410 1883; x_wconf 90' lang='lat' dir='ltr'>Et</span> <span class='ocrx_word' id='word_1_92' title='bbox 425 1819 627 1883; x_wconf 85' lang='lat' dir='ltr'>formidatam</span> <span class='ocrx_word' id='word_1_93' title='bbox 643 1817 775 1881; x_wconf 85' lang='lat' dir='ltr'>Parthis</span> <span class='ocrx_word' id='word_1_94' title='bbox 793 1828 825 1879; x_wconf 91' lang='lat' dir='ltr'>te</span> <span class='ocrx_word' id='word_1_95' title='bbox 840 1818 987 1900; x_wconf 90' lang='lat' dir='ltr'>principe</span> <span class='ocrx_word' id='word_1_96' title='bbox 1002 1817 1152 1893; x_wconf 86' lang='lat' dir='ltr'>Romam,</span> 
     </span>
     <span class='ocr_line' id='line_1_16' title="bbox 363 1919 1427 2003; baseline -0.003 -19"><span class='ocrx_word' id='word_1_97' title='bbox 363 1921 410 1998; x_wconf 89' lang='lat' dir='ltr'>Si,</span> <span class='ocrx_word' id='word_1_98' title='bbox 427 1930 583 2003; x_wconf 87' lang='lat' dir='ltr'>quantum</span> <span class='ocrx_word' id='word_1_99' title='bbox 598 1941 760 2003; x_wconf 88' lang='lat' dir='ltr'>cuperem,</span> <span class='ocrx_word' id='word_1_100' title='bbox 777 1939 907 2001; x_wconf 91' lang='lat' dir='ltr'>possem</span> <span class='ocrx_word' id='word_1_101' title='bbox 922 1940 1069 2001; x_wconf 82' lang='lat' dir='ltr'>quoque3</span> <span class='ocrx_word' id='word_1_102' title='bbox 1094 1919 1153 1980; x_wconf 91' lang='lat' dir='ltr'>sed</span> <span class='ocrx_word' id='word_1_103' title='bbox 1170 1939 1276 2001; x_wconf 89' lang='lat' dir='ltr'>neque</span> <span class='ocrx_word' id='word_1_104' title='bbox 1292 1939 1427 2002; x_wconf 85' lang='lat' dir='ltr'>parvum</span> 
     </span>
     <span class='ocr_line' id='line_1_17' title="bbox 363 2020 1181 2105; baseline -0.004 -19"><span class='ocrx_word' id='word_1_105' title='bbox 363 2022 501 2086; x_wconf 85' lang='lat' dir='ltr'>Carmen</span> <span class='ocrx_word' id='word_1_106' title='bbox 517 2023 668 2105; x_wconf 86' lang='lat' dir='ltr'>majestas</span> <span class='ocrx_word' id='word_1_107' title='bbox 684 2020 801 2103; x_wconf 90' lang='lat' dir='ltr'>recipit</span> <span class='ocrx_word' id='word_1_108' title='bbox 817 2030 884 2095; x_wconf 88' lang='lat' dir='ltr'>tua,</span> <span class='ocrx_word' id='word_1_109' title='bbox 900 2042 965 2084; x_wconf 83' lang='lat' dir='ltr'>nec</span> <span class='ocrx_word' id='word_1_110' title='bbox 975 2043 1066 2082; x_wconf 89' lang='lat' dir='ltr'>meus</span> <span class='ocrx_word' id='word_1_111' title='bbox 1082 2021 1181 2083; x_wconf 86' lang='lat' dir='ltr'>audet</span> 
     </span>
     <span class='ocr_line' id='line_1_18' title="bbox 361 2121 1208 2206; baseline -0.004 -19"><span class='ocrx_word' id='word_1_112' title='bbox 361 2123 446 2187; x_wconf 88' lang='lat' dir='ltr'>Rem</span> <span class='ocrx_word' id='word_1_113' title='bbox 460 2133 585 2187; x_wconf 88' lang='lat' dir='ltr'>tentare</span> <span class='ocrx_word' id='word_1_114' title='bbox 601 2123 717 2206; x_wconf 91' lang='lat' dir='ltr'>pudor,</span> <span class='ocrx_word' id='word_1_115' title='bbox 735 2143 831 2204; x_wconf 86' lang='lat' dir='ltr'>quam</span> <span class='ocrx_word' id='word_1_116' title='bbox 846 2122 930 2183; x_wconf 86' lang='lat' dir='ltr'>vires</span> <span class='ocrx_word' id='word_1_117' title='bbox 947 2121 1031 2185; x_wconf 86' lang='lat' dir='ltr'>ferre</span> <span class='ocrx_word' id='word_1_118' title='bbox 1046 2132 1208 2185; x_wconf 87' lang='lat' dir='ltr'>recusent.</span> 
     </span>
    </p>

    <p class='ocr_par' dir='ltr' id='par_1_7' title="bbox 274 2221 1143 2306">
     <span class='ocr_line' id='line_1_19' title="bbox 274 2221 1143 2306; baseline -0.002 -17"><span class='ocrx_word' id='word_1_119' title='bbox 274 2225 338 2295; x_wconf 73' lang='lat'>260</span> <span class='ocrx_word' id='word_1_120' title='bbox 361 2225 527 2289; x_wconf 86' lang='lat' dir='ltr'>Sedulitas</span> <span class='ocrx_word' id='word_1_121' title='bbox 542 2234 649 2288; x_wconf 86' lang='lat' dir='ltr'>autem</span> <span class='ocrx_word' id='word_1_122' title='bbox 666 2223 775 2298; x_wconf 89' lang='lat' dir='ltr'>stulte,</span> <span class='ocrx_word' id='word_1_123' title='bbox 792 2244 888 2305; x_wconf 92' lang='lat' dir='ltr'>quem</span> <span class='ocrx_word' id='word_1_124' title='bbox 903 2221 1020 2304; x_wconf 86' lang='lat' dir='ltr'>diligit,</span> <span class='ocrx_word' id='word_1_125' title='bbox 1037 2234 1143 2306; x_wconf 85' lang='lat' dir='ltr'>urget,</span> 
     </span>
    </p>
   </div>
   <div class='ocr_carea' id='block_1_5' title="bbox 259 2406 1424 4586">
    <p class='ocr_par' dir='ltr' id='par_1_8' title="bbox 259 2406 1424 4586">
     <span class='ocr_line' id='line_1_20' title="bbox 276 2406 1423 2474; baseline -0.003 -16"><span class='ocrx_word' id='word_1_126' title='bbox 276 2413 315 2468; x_wconf 87' lang='lat'>19,</span> <span class='ocrx_word' id='word_1_127' title='bbox 327 2412 367 2467; x_wconf 82' lang='lat'>13,</span> <span class='ocrx_word' id='word_1_128' title='bbox 382 2411 491 2460; x_wconf 82' lang='lat' dir='ltr'>simulare</span> <span class='ocrx_word' id='word_1_129' title='bbox 509 2411 632 2467; x_wconf 79' lang='lat' dir='ltr'>carmem,-</span> <span class='ocrx_word' id='word_1_130' title='bbox 650 2417 674 2458; x_wconf 87' lang='lat' dir='ltr'>et</span> <span class='ocrx_word' id='word_1_131' title='bbox 691 2410 735 2459; x_wconf 86' lang='lat' dir='ltr'>inl.</span> <span class='ocrx_word' id='word_1_132' title='bbox 753 2408 832 2474; x_wconf 84' lang='lat' dir='ltr'>Epist.</span> <span class='ocrx_word' id='word_1_133' title='bbox 864 2406 919 2455; x_wconf 89' lang='lat' dir='ltr'>illos</span> <span class='ocrx_word' id='word_1_134' title='bbox 935 2425 1013 2466; x_wconf 86' lang='lat' dir='ltr'>ornas,</span> <span class='ocrx_word' id='word_1_135' title='bbox 1031 2411 1130 2458; x_wconf 83' lang='lat' dir='ltr'>multam</span> <span class='ocrx_word' id='word_1_136' title='bbox 1147 2409 1218 2458; x_wconf 87' lang='lat' dir='ltr'>simul</span> <span class='ocrx_word' id='word_1_137' title='bbox 1233 2409 1329 2458; x_wconf 83' lang='lat' dir='ltr'>laudem</span> <span class='ocrx_word' id='word_1_138' title='bbox 1348 2407 1423 2463; x_wconf 69' lang='lat' dir='ltr'>addis,</span> 
     </span>
     <span class='ocr_line' id='line_1_21' title="bbox 274 2471 1423 2538; baseline -0.003 -16"><span class='ocrx_word' id='word_1_139' title='bbox 274 2473 304 2522; x_wconf 90' lang='lat' dir='ltr'>ad</span> <span class='ocrx_word' id='word_1_140' title='bbox 317 2475 368 2522; x_wconf 86' lang='lat' dir='ltr'>Pis.</span> <span class='ocrx_word' id='word_1_141' title='bbox 381 2491 403 2521; x_wconf 85' lang='lat' dir='ltr'>v.</span> <span class='ocrx_word' id='word_1_142' title='bbox 415 2475 457 2528; x_wconf 82' lang='lat'>20,</span> <span class='ocrx_word' id='word_1_143' title='bbox 468 2476 576 2521; x_wconf 81' lang='lat' dir='ltr'>simulare</span> <span class='ocrx_word' id='word_1_144' title='bbox 588 2491 726 2536; x_wconf 69' lang='lat' dir='ltr'>cum-essum.</span> <span class='ocrx_word' id='word_1_145' title='bbox 864 2479 889 2518; x_wconf 87' lang='lat' dir='ltr'>et</span> <span class='ocrx_word' id='word_1_146' title='bbox 899 2471 933 2520; x_wconf 88' lang='lat' dir='ltr'>sic</span> <span class='ocrx_word' id='word_1_147' title='bbox 942 2477 1019 2522; x_wconf 67' lang='lat' dir='ltr'>danitis</span> <span class='ocrx_word' id='word_1_148' title='bbox 1031 2475 1150 2538; x_wconf 82' lang='lat' dir='ltr'>eleganter</span> <span class='ocrx_word' id='word_1_149' title='bbox 1158 2489 1208 2538; x_wconf 90' lang='lat' dir='ltr'>pro,</span> <span class='ocrx_word' id='word_1_150' title='bbox 1216 2484 1257 2522; x_wconf 86' lang='lat' dir='ltr'>tuo</span> <span class='ocrx_word' id='word_1_151' title='bbox 1267 2481 1304 2521; x_wconf 80' lang='lat' dir='ltr'>est</span> <span class='ocrx_word' id='word_1_152' title='bbox 1311 2473 1423 2538; x_wconf 85' lang='lat' dir='ltr'>positum.</span> 
     </span>
     <span class='ocr_line' id='line_1_22' title="bbox 306 2534 1422 2602; baseline -0.001 -18"><span class='ocrx_word' id='word_1_153' title='bbox 306 2539 445 2585; x_wconf 77' lang='lat' dir='ltr'>att-244.</span> <span class='ocrx_word' id='word_1_154' title='bbox 475 2539 541 2590; x_wconf 76' lang='lat' dir='ltr'>Qrwd</span> <span class='ocrx_word' id='word_1_155' title='bbox 568 2541 596 2592; x_wconf 80' lang='lat' dir='ltr'>ri,</span> <span class='ocrx_word' id='word_1_156' title='bbox 626 2547 684 2586; x_wconf 87' lang='lat' dir='ltr'>cett.</span> <span class='ocrx_word' id='word_1_157' title='bbox 725 2539 831 2585; x_wconf 88' lang='lat' dir='ltr'>Sensus:</span> <span class='ocrx_word' id='word_1_158' title='bbox 866 2534 997 2585; x_wconf 83' lang='lat' dir='ltr'>Tuleruut:</span> <span class='ocrx_word' id='word_1_159' title='bbox 1015 2540 1072 2587; x_wconf 83' lang='lat' dir='ltr'>Vct.</span> <span class='ocrx_word' id='word_1_160' title='bbox 1089 2539 1422 2602; x_wconf 80' lang='lat' dir='ltr'>Schol.Cruq.,occepmmt,</span> 
     </span>
     <span class='ocr_line' id='line_1_23' title="bbox 274 2600 1424 2668; baseline -0.002 -19"><span class='ocrx_word' id='word_1_161' title='bbox 274 2601 339 2665; x_wconf 92' lang='lat' dir='ltr'>quod</span> <span class='ocrx_word' id='word_1_162' title='bbox 351 2601 371 2648; x_wconf 91' lang='lat' dir='ltr'>si</span> <span class='ocrx_word' id='word_1_163' title='bbox 379 2600 498 2665; x_wconf 86' lang='lat' dir='ltr'>judicium</span> <span class='ocrx_word' id='word_1_164' title='bbox 511 2600 570 2648; x_wconf 92' lang='lat' dir='ltr'>illud</span> <span class='ocrx_word' id='word_1_165' title='bbox 582 2602 723 2658; x_wconf 79' lang='lat' dir='ltr'>Alexandri,</span> <span class='ocrx_word' id='word_1_166' title='bbox 736 2611 833 2650; x_wconf 85' lang='lat' dir='ltr'>acutum</span> <span class='ocrx_word' id='word_1_167' title='bbox 865 2603 919 2662; x_wconf 82' lang='lat' dir='ltr'>quia</span> <span class='ocrx_word' id='word_1_168' title='bbox 929 2606 982 2663; x_wconf 86' lang='lat' dir='ltr'>jam</span> <span class='ocrx_word' id='word_1_169' title='bbox 999 2605 1033 2650; x_wconf 84' lang='lat' dir='ltr'>lis</span> <span class='ocrx_word' id='word_1_170' title='bbox 1048 2606 1148 2668; x_wconf 76' lang='lat' dir='ltr'>singolis</span> <span class='ocrx_word' id='word_1_171' title='bbox 1164 2606 1288 2651; x_wconf 79' lang='lat' dir='ltr'>donauerat</span> <span class='ocrx_word' id='word_1_172' title='bbox 1304 2604 1424 2666; x_wconf 73' lang='lat' dir='ltr'>Augustus</span> 
     </span>
     <span class='ocr_line' id='line_1_24' title="bbox 273 2664 1421 2731; baseline -0.001 -18"><span class='ocrx_word' id='word_1_173' title='bbox 273 2680 331 2713; x_wconf 87' lang='lat' dir='ltr'>sane</span> <span class='ocrx_word' id='word_1_174' title='bbox 343 2672 367 2713; x_wconf 86' lang='lat' dir='ltr'>et</span> <span class='ocrx_word' id='word_1_175' title='bbox 379 2664 475 2721; x_wconf 82' lang='lat' dir='ltr'>subtile,</span> <span class='ocrx_word' id='word_1_176' title='bbox 506 2664 552 2712; x_wconf 91' lang='lat' dir='ltr'>uod</span> <span class='ocrx_word' id='word_1_177' title='bbox 564 2665 646 2713; x_wconf 86' lang='lat' dir='ltr'>attinet</span> <span class='ocrx_word' id='word_1_178' title='bbox 659 2666 688 2713; x_wconf 87' lang='lat' dir='ltr'>ad</span> <span class='ocrx_word' id='word_1_179' title='bbox 702 2665 831 2731; x_wconf 80' lang='lat' dir='ltr'>inspicies·</span> <span class='ocrx_word' id='word_1_180' title='bbox 864 2668 936 2712; x_wconf 80' lang='lat' dir='ltr'>decies</span> <span class='ocrx_word' id='word_1_181' title='bbox 953 2669 1089 2715; x_wconf 76' lang='lat' dir='ltr'>sestertium.</span> <span class='ocrx_word' id='word_1_182' title='bbox 1124 2669 1163 2715; x_wconf 88' lang='lat' dir='ltr'>De</span> <span class='ocrx_word' id='word_1_183' title='bbox 1184 2666 1254 2714; x_wconf 83' lang='lat' dir='ltr'>Vario</span> <span class='ocrx_word' id='word_1_184' title='bbox 1269 2666 1303 2714; x_wconf 83' lang='lat' dir='ltr'>cl.</span> <span class='ocrx_word' id='word_1_185' title='bbox 1320 2682 1374 2731; x_wconf 86' lang='lat' dir='ltr'>sup.</span> <span class='ocrx_word' id='word_1_186' title='bbox 1392 2664 1421 2712; x_wconf 87' lang='lat' dir='ltr'>ad</span> 
     </span>
     <span class='ocr_line' id='line_1_25' title="bbox 273 2682 1035 2803; baseline 0.004 -27"><span class='ocrx_word' id='word_1_187' title='bbox 273 2728 304 2776; x_wconf 91' lang='lat' dir='ltr'>da</span> <span class='ocrx_word' id='word_1_188' title='bbox 322 2737 346 2777; x_wconf 87' lang='lat' dir='ltr'>et</span> <span class='ocrx_word' id='word_1_189' title='bbox 362 2682 518 2794; x_wconf 78' lang='lat' dir='ltr'>dijudicanda</span> <span class='ocrx_word' id='word_1_190' title='bbox 533 2728 648 2776; x_wconf 81' lang='lat' dir='ltr'>artificum</span> <span class='ocrx_word' id='word_1_191' title='bbox 663 2744 742 2803; x_wconf 89' lang='lat' dir='ltr'>opera,</span> <span class='ocrx_word' id='word_1_192' title='bbox 755 2738 832 2777; x_wconf 86' lang='lat' dir='ltr'>trans·</span> <span class='ocrx_word' id='word_1_193' title='bbox 866 2727 913 2776; x_wconf 79' lang='lat' dir='ltr'>od,</span> <span class='ocrx_word' id='word_1_194' title='bbox 925 2728 941 2783; x_wconf 90' lang='lat' dir='ltr'>i,</span> <span class='ocrx_word' id='word_1_195' title='bbox 953 2732 977 2786; x_wconf 91' lang='lat'>6,</span> <span class='ocrx_word' id='word_1_196' title='bbox 993 2733 1014 2778; x_wconf 91' lang='lat' dir='ltr'>l.</span> <span class='ocrx_word' id='word_1_197' title='bbox 1032 2792 1035 2795; x_wconf 11' lang='grc' dir='ltr'><strong><em>ἢ</em></strong></span> 
     </span>
     <span class='ocr_line' id='line_1_26' title="bbox 272 2790 1422 2857; baseline -0.001 -18"><span class='ocrx_word' id='word_1_198' title='bbox 272 2790 344 2841; x_wconf 80' lang='lat' dir='ltr'>serres</span> <span class='ocrx_word' id='word_1_199' title='bbox 355 2793 384 2841; x_wconf 85' lang='lat' dir='ltr'>ad</span> <span class='ocrx_word' id='word_1_200' title='bbox 394 2793 494 2840; x_wconf 87' lang='lat' dir='ltr'>virorum</span> <span class='ocrx_word' id='word_1_201' title='bbox 506 2792 627 2841; x_wconf 89' lang='lat' dir='ltr'>doctorum</span> <span class='ocrx_word' id='word_1_202' title='bbox 639 2802 727 2857; x_wconf 78' lang='lat' dir='ltr'>scripta</span> <span class='ocrx_word' id='word_1_203' title='bbox 741 2802 766 2843; x_wconf 90' lang='lat' dir='ltr'>et</span> <span class='ocrx_word' id='word_1_204' title='bbox 822 2822 832 2833; x_wconf 91' lang='lat'>-</span> <span class='ocrx_word' id='word_1_205' title='bbox 896 2794 1034 2843; x_wconf 69' lang='lat'>248-250.</span> <span class='ocrx_word' id='word_1_206' title='bbox 1053 2795 1101 2841; x_wconf 85' lang='lat' dir='ltr'>lt&#39;ec</span> <span class='ocrx_word' id='word_1_207' title='bbox 1120 2798 1193 2857; x_wconf 79' lang='lat' dir='ltr'>magis</span> <span class='ocrx_word' id='word_1_208' title='bbox 1211 2797 1316 2856; x_wconf 69' lang='lat' dir='ltr'>expressi.</span> <span class='ocrx_word' id='word_1_209' title='bbox 1327 2800 1382 2841; x_wconf 85' lang='lat' dir='ltr'>cett.</span> <span class='ocrx_word' id='word_1_210' title='bbox 1396 2790 1422 2838; x_wconf 89' lang='lat' dir='ltr'>in</span> 
     </span>
     <span class='ocr_line' id='line_1_27' title="bbox 272 2809 1422 2920; baseline -0.002 -17"><span class='ocrx_word' id='word_1_211' title='bbox 272 2862 349 2903; x_wconf 86' lang='lat' dir='ltr'>tarum</span> <span class='ocrx_word' id='word_1_212' title='bbox 364 2855 580 2920; x_wconf 86' lang='lat' dir='ltr'>carmiua,jurares</span> <span class='ocrx_word' id='word_1_213' title='bbox 594 2856 714 2920; x_wconf 88' lang='lat' dir='ltr'>judicium</span> <span class='ocrx_word' id='word_1_214' title='bbox 728 2809 831 2906; x_wconf 62' lang='lat' dir='ltr'>illudoin</span> <span class='ocrx_word' id='word_1_215' title='bbox 864 2857 963 2906; x_wconf 79' lang='lat' dir='ltr'>eandem</span> <span class='ocrx_word' id='word_1_216' title='bbox 986 2857 1127 2906; x_wconf 86' lang='lat' dir='ltr'>senteutiam</span> <span class='ocrx_word' id='word_1_217' title='bbox 1148 2858 1216 2907; x_wconf 86' lang='lat' dir='ltr'>canit</span> <span class='ocrx_word' id='word_1_218' title='bbox 1234 2858 1348 2905; x_wconf 82' lang='lat' dir='ltr'>Horatius</span> <span class='ocrx_word' id='word_1_219' title='bbox 1367 2870 1422 2920; x_wconf 88' lang='lat' dir='ltr'>sup.</span> 
     </span>
     <span class='ocr_line' id='line_1_28' title="bbox 272 2919 1420 2985; baseline -0.001 -19"><span class='ocrx_word' id='word_1_220' title='bbox 272 2934 352 2968; x_wconf 86' lang='lat' dir='ltr'>crasso</span> <span class='ocrx_word' id='word_1_221' title='bbox 380 2936 432 2969; x_wconf 86' lang='lat' dir='ltr'>aere</span> <span class='ocrx_word' id='word_1_222' title='bbox 456 2921 604 2969; x_wconf 85' lang='lat' dir='ltr'>Boeotionrm</span> <span class='ocrx_word' id='word_1_223' title='bbox 627 2920 742 2985; x_wconf 90' lang='lat' dir='ltr'>prolatum</span> <span class='ocrx_word' id='word_1_224' title='bbox 768 2937 830 2978; x_wconf 88' lang='lat' dir='ltr'>esse,</span> <span class='ocrx_word' id='word_1_225' title='bbox 864 2919 1176 2979; x_wconf 74' lang='lat' dir='ltr'>0d.iv‚s‚1s-20.N0n</span> <span class='ocrx_word' id='word_1_226' title='bbox 1193 2925 1266 2970; x_wconf 77' lang='lat' dir='ltr'>incise</span> <span class='ocrx_word' id='word_1_227' title='bbox 1283 2926 1342 2969; x_wconf 76' lang='lat' dir='ltr'>notis</span> <span class='ocrx_word' id='word_1_228' title='bbox 1358 2936 1420 2966; x_wconf 71' lang='lat' dir='ltr'>mor-</span> 
     </span>
     <span class='ocr_line' id='line_1_29' title="bbox 271 2982 1420 3049; baseline 0 -19"><span class='ocrx_word' id='word_1_229' title='bbox 271 2982 296 3031; x_wconf 80' lang='lat' dir='ltr'>lr.</span> <span class='ocrx_word' id='word_1_230' title='bbox 308 3000 330 3032; x_wconf 90' lang='lat' dir='ltr'>e.</span> <span class='ocrx_word' id='word_1_231' title='bbox 342 2984 440 3040; x_wconf 81' lang='lat' dir='ltr'>diceros,</span> <span class='ocrx_word' id='word_1_232' title='bbox 451 2983 571 3048; x_wconf 86' lang='lat' dir='ltr'>judicium</span> <span class='ocrx_word' id='word_1_233' title='bbox 588 2982 648 3032; x_wconf 92' lang='lat' dir='ltr'>illud</span> <span class='ocrx_word' id='word_1_234' title='bbox 664 3000 716 3033; x_wconf 87' lang='lat' dir='ltr'>esse</span> <span class='ocrx_word' id='word_1_235' title='bbox 730 2985 830 3034; x_wconf 90' lang='lat' dir='ltr'>durissi-</span> <span class='ocrx_word' id='word_1_236' title='bbox 862 3002 926 3033; x_wconf 84' lang='lat' dir='ltr'>mora</span> <span class='ocrx_word' id='word_1_237' title='bbox 936 2988 1034 3048; x_wconf 76' lang='lat' dir='ltr'>publicis</span> <span class='ocrx_word' id='word_1_238' title='bbox 1045 2987 1167 3049; x_wconf 75' lang='lat' dir='ltr'>(Perque</span> <span class='ocrx_word' id='word_1_239' title='bbox 1181 2990 1278 3048; x_wconf 80' lang='lat' dir='ltr'>spiritur</span> <span class='ocrx_word' id='word_1_240' title='bbox 1290 2996 1312 3033; x_wconf 81' lang='lat' dir='ltr'>et</span> <span class='ocrx_word' id='word_1_241' title='bbox 1322 2989 1371 3033; x_wconf 77' lang='lat' dir='ltr'>vita</span> <span class='ocrx_word' id='word_1_242' title='bbox 1383 3000 1420 3031; x_wconf 75' lang='lat' dir='ltr'>re·</span> 
     </span>
     <span class='ocr_line' id='line_1_30' title="bbox 271 3047 1421 3113; baseline 0.001 -19"><span class='ocrx_word' id='word_1_243' title='bbox 271 3063 347 3096; x_wconf 84' lang='lat' dir='ltr'>mum.</span> <span class='ocrx_word' id='word_1_244' title='bbox 381 3050 445 3097; x_wconf 88' lang='lat' dir='ltr'>Nam</span> <span class='ocrx_word' id='word_1_245' title='bbox 457 3047 527 3112; x_wconf 86' lang='lat' dir='ltr'>quale</span> <span class='ocrx_word' id='word_1_246' title='bbox 536 3048 566 3096; x_wconf 92' lang='lat' dir='ltr'>de</span> <span class='ocrx_word' id='word_1_247' title='bbox 577 3048 652 3112; x_wconf 79' lang='lat' dir='ltr'>poe-tis</span> <span class='ocrx_word' id='word_1_248' title='bbox 660 3049 777 3113; x_wconf 85' lang='lat' dir='ltr'>judicium</span> <span class='ocrx_word' id='word_1_249' title='bbox 788 3067 829 3099; x_wconf 82' lang='lat' dir='ltr'>er·</span> <span class='ocrx_word' id='word_1_250' title='bbox 862 3051 898 3097; x_wconf 85' lang='lat' dir='ltr'>dit</span> <span class='ocrx_word' id='word_1_251' title='bbox 910 3053 973 3097; x_wconf 79' lang='lat' dir='ltr'>tonis</span> <span class='ocrx_word' id='word_1_252' title='bbox 986 3052 1039 3099; x_wconf 81' lang='lat' dir='ltr'>Post</span> <span class='ocrx_word' id='word_1_253' title='bbox 1049 3061 1141 3097; x_wconf 80' lang='lat' dir='ltr'>mortem</span> <span class='ocrx_word' id='word_1_254' title='bbox 1151 3051 1274 3110; x_wconf 83' lang='lat' dir='ltr'>ducibus),</span> <span class='ocrx_word' id='word_1_255' title='bbox 1285 3052 1373 3098; x_wconf 78' lang='lat' dir='ltr'>clarius</span> <span class='ocrx_word' id='word_1_256' title='bbox 1382 3051 1421 3095; x_wconf 84' lang='lat' dir='ltr'>in·</span> 
     </span>
     <span class='ocr_line' id='line_1_31' title="bbox 271 3111 1349 3178; baseline 0.003 -19"><span class='ocrx_word' id='word_1_257' title='bbox 271 3112 372 3177; x_wconf 87' lang='lat' dir='ltr'>spectari</span> <span class='ocrx_word' id='word_1_258' title='bbox 387 3120 464 3177; x_wconf 86' lang='lat' dir='ltr'>potest</span> <span class='ocrx_word' id='word_1_259' title='bbox 481 3114 511 3159; x_wconf 85' lang='lat' dir='ltr'>ab</span> <span class='ocrx_word' id='word_1_260' title='bbox 526 3128 554 3161; x_wconf 88' lang='lat' dir='ltr'>eo</span> <span class='ocrx_word' id='word_1_261' title='bbox 566 3112 607 3176; x_wconf 92' lang='lat' dir='ltr'>qui</span> <span class='ocrx_word' id='word_1_262' title='bbox 623 3111 714 3178; x_wconf 87' lang='lat' dir='ltr'>ineptos</span> <span class='ocrx_word' id='word_1_263' title='bbox 727 3114 830 3163; x_wconf 82' lang='lat' dir='ltr'>Choerili</span> <span class='ocrx_word' id='word_1_264' title='bbox 862 3115 940 3161; x_wconf 78' lang='lat' dir='ltr'>dicunt</span> <span class='ocrx_word' id='word_1_265' title='bbox 952 3118 1032 3162; x_wconf 67' lang='lat' dir='ltr'>lauda</span> <span class='ocrx_word' id='word_1_266' title='bbox 1041 3131 1109 3178; x_wconf 80' lang='lat' dir='ltr'>quom</span> <span class='ocrx_word' id='word_1_267' title='bbox 1119 3114 1224 3162; x_wconf 72' lang='lat' dir='ltr'>Calabra</span> <span class='ocrx_word' id='word_1_268' title='bbox 1235 3115 1349 3162; x_wconf 74' lang='lat' dir='ltr'>Pierides.</span> 
     </span>
     <span class='ocr_line' id='line_1_32' title="bbox 271 3176 1420 3242; baseline 0.008 -21"><span class='ocrx_word' id='word_1_269' title='bbox 271 3191 352 3225; x_wconf 85' lang='lat' dir='ltr'>versus</span> <span class='ocrx_word' id='word_1_270' title='bbox 362 3185 408 3225; x_wconf 89' lang='lat' dir='ltr'>tam</span> <span class='ocrx_word' id='word_1_271' title='bbox 421 3191 476 3224; x_wconf 87' lang='lat' dir='ltr'>caro</span> <span class='ocrx_word' id='word_1_272' title='bbox 485 3176 560 3242; x_wconf 88' lang='lat' dir='ltr'>pretio</span> <span class='ocrx_word' id='word_1_273' title='bbox 569 3176 639 3224; x_wconf 86' lang='lat' dir='ltr'>emit!</span> <span class='ocrx_word' id='word_1_274' title='bbox 676 3179 828 3242; x_wconf 87' lang='lat' dir='ltr'>Quamquam</span> <span class='ocrx_word' id='word_1_275' title='bbox 893 3180 951 3226; x_wconf 77' lang='lat'>250.</span> <span class='ocrx_word' id='word_1_276' title='bbox 968 3181 1096 3241; x_wconf 81' lang='lat' dir='ltr'>Apparent,</span> <span class='ocrx_word' id='word_1_277' title='bbox 1111 3177 1136 3225; x_wconf 89' lang='lat' dir='ltr'>iu</span> <span class='ocrx_word' id='word_1_278' title='bbox 1154 3180 1231 3226; x_wconf 83' lang='lat' dir='ltr'>lucem</span> <span class='ocrx_word' id='word_1_279' title='bbox 1249 3177 1420 3242; x_wconf 70' lang='lat' dir='ltr'>producuntur,</span> 
     </span>
     <span class='ocr_line' id='line_1_33' title="bbox 270 3239 1296 3307; baseline 0.006 -22"><span class='ocrx_word' id='word_1_280' title='bbox 270 3239 338 3295; x_wconf 89' lang='lat' dir='ltr'>mihi,</span> <span class='ocrx_word' id='word_1_281' title='bbox 348 3250 376 3288; x_wconf 91' lang='lat' dir='ltr'>ut</span> <span class='ocrx_word' id='word_1_282' title='bbox 383 3241 432 3304; x_wconf 91' lang='lat' dir='ltr'>jam</span> <span class='ocrx_word' id='word_1_283' title='bbox 443 3240 533 3294; x_wconf 89' lang='lat' dir='ltr'>monui,</span> <span class='ocrx_word' id='word_1_284' title='bbox 542 3239 585 3287; x_wconf 87' lang='lat' dir='ltr'>illa</span> <span class='ocrx_word' id='word_1_285' title='bbox 597 3240 730 3289; x_wconf 81' lang='lat' dir='ltr'>Alexandri</span> <span class='ocrx_word' id='word_1_286' title='bbox 740 3242 827 3291; x_wconf 85' lang='lat' dir='ltr'>libera·</span> <span class='ocrx_word' id='word_1_287' title='bbox 860 3242 1074 3306; x_wconf 83' lang='lat' dir='ltr'>erspleudescunt:</span> <span class='ocrx_word' id='word_1_288' title='bbox 1092 3244 1125 3291; x_wconf 81' lang='lat' dir='ltr'>cf.</span> <span class='ocrx_word' id='word_1_289' title='bbox 1137 3258 1191 3307; x_wconf 88' lang='lat' dir='ltr'>sup.</span> <span class='ocrx_word' id='word_1_290' title='bbox 1203 3260 1226 3289; x_wconf 85' lang='lat' dir='ltr'>v.</span> <span class='ocrx_word' id='word_1_291' title='bbox 1234 3244 1296 3303; x_wconf 74' lang='lat'>224.</span> 
     </span>
     <span class='ocr_line' id='line_1_34' title="bbox 269 3302 1419 3368; baseline 0.007 -18"><span class='ocrx_word' id='word_1_292' title='bbox 269 3302 325 3351; x_wconf 88' lang='lat' dir='ltr'>litas</span> <span class='ocrx_word' id='word_1_293' title='bbox 344 3303 408 3352; x_wconf 86' lang='lat' dir='ltr'>haud</span> <span class='ocrx_word' id='word_1_294' title='bbox 430 3304 460 3351; x_wconf 91' lang='lat' dir='ltr'>ab</span> <span class='ocrx_word' id='word_1_295' title='bbox 478 3303 532 3352; x_wconf 86' lang='lat' dir='ltr'>e&#39;us</span> <span class='ocrx_word' id='word_1_296' title='bbox 549 3304 578 3352; x_wconf 87' lang='lat' dir='ltr'>de</span> <span class='ocrx_word' id='word_1_297' title='bbox 597 3304 698 3353; x_wconf 85' lang='lat' dir='ltr'>Choerili</span> <span class='ocrx_word' id='word_1_298' title='bbox 716 3322 827 3355; x_wconf 86' lang='lat' dir='ltr'>versuum</span> <span class='ocrx_word' id='word_1_299' title='bbox 892 3308 950 3354; x_wconf 75' lang='lat'>251.</span> <span class='ocrx_word' id='word_1_300' title='bbox 975 3306 1172 3368; x_wconf 64' lang='lat' dir='ltr'>Servum-per</span> <span class='ocrx_word' id='word_1_301' title='bbox 1193 3309 1287 3354; x_wconf 78' lang='lat' dir='ltr'>humum</span> <span class='ocrx_word' id='word_1_302' title='bbox 1307 3314 1419 3366; x_wconf 74' lang='lat' dir='ltr'>repentes,</span> 
     </span>
     <span class='ocr_line' id='line_1_35' title="bbox 269 3320 1419 3440; baseline 0 -26"><span class='ocrx_word' id='word_1_303' title='bbox 269 3365 375 3439; x_wconf 76' lang='lat' dir='ltr'>bquitate</span> <span class='ocrx_word' id='word_1_304' title='bbox 393 3320 520 3440; x_wconf 84' lang='lat' dir='ltr'>repetenda</span> <span class='ocrx_word' id='word_1_305' title='bbox 536 3366 629 3417; x_wconf 86' lang='lat' dir='ltr'>ridetur</span> <span class='ocrx_word' id='word_1_306' title='bbox 645 3368 746 3433; x_wconf 87' lang='lat' dir='ltr'>judicio.</span> <span class='ocrx_word' id='word_1_307' title='bbox 780 3371 827 3419; x_wconf 87' lang='lat' dir='ltr'>Sed</span> <span class='ocrx_word' id='word_1_308' title='bbox 860 3366 971 3428; x_wconf 87' lang='lat' dir='ltr'>humiles,</span> <span class='ocrx_word' id='word_1_309' title='bbox 989 3379 1090 3430; x_wconf 78' lang='lat' dir='ltr'>tenues3</span> <span class='ocrx_word' id='word_1_310' title='bbox 1106 3369 1220 3435; x_wconf 87' lang='lat' dir='ltr'>intelligit</span> <span class='ocrx_word' id='word_1_311' title='bbox 1235 3371 1326 3418; x_wconf 85' lang='lat' dir='ltr'>Satiras</span> <span class='ocrx_word' id='word_1_312' title='bbox 1340 3377 1366 3417; x_wconf 80' lang='lat' dir='ltr'>et</span> <span class='ocrx_word' id='word_1_313' title='bbox 1382 3368 1419 3414; x_wconf 81' lang='lat' dir='ltr'>E·</span> 
     </span>
     <span class='ocr_line' id='line_1_36' title="bbox 268 3430 1421 3499; baseline 0.003 -23"><span class='ocrx_word' id='word_1_314' title='bbox 268 3439 328 3479; x_wconf 80' lang='lat' dir='ltr'>scrte</span> <span class='ocrx_word' id='word_1_315' title='bbox 346 3432 460 3479; x_wconf 79' lang='lat' dir='ltr'>Horatius</span> <span class='ocrx_word' id='word_1_316' title='bbox 477 3430 522 3479; x_wconf 91' lang='lat' dir='ltr'>hoc</span> <span class='ocrx_word' id='word_1_317' title='bbox 535 3431 666 3480; x_wconf 82' lang='lat' dir='ltr'>Alexandri</span> <span class='ocrx_word' id='word_1_318' title='bbox 682 3433 826 3499; x_wconf 78' lang='lat' dir='ltr'>exemplum,</span> <span class='ocrx_word' id='word_1_319' title='bbox 858 3430 966 3496; x_wconf 86' lang='lat' dir='ltr'>pistolas.</span> <span class='ocrx_word' id='word_1_320' title='bbox 1001 3436 1045 3482; x_wconf 79' lang='lat' dir='ltr'>lies</span> <span class='ocrx_word' id='word_1_321' title='bbox 1065 3450 1194 3495; x_wconf 80' lang='lat' dir='ltr'>componere</span> <span class='ocrx_word' id='word_1_322' title='bbox 1213 3446 1298 3497; x_wconf 75' lang='lat' dir='ltr'>gestos,</span> <span class='ocrx_word' id='word_1_323' title='bbox 1315 3433 1421 3481; x_wconf 79' lang='lat' dir='ltr'>carmine</span> 
     </span>
     <span class='ocr_line' id='line_1_37' title="bbox 268 3494 1203 3567; baseline 0.005 -27"><span class='ocrx_word' id='word_1_324' title='bbox 268 3500 295 3567; x_wconf 81' lang='lat' dir='ltr'>ut</span> <span class='ocrx_word' id='word_1_325' title='bbox 311 3509 339 3543; x_wconf 90' lang='lat' dir='ltr'>eo</span> <span class='ocrx_word' id='word_1_326' title='bbox 355 3494 431 3558; x_wconf 84' lang='lat' dir='ltr'>magis</span> <span class='ocrx_word' id='word_1_327' title='bbox 447 3495 553 3559; x_wconf 77' lang='lat' dir='ltr'>Augusti</span> <span class='ocrx_word' id='word_1_328' title='bbox 569 3496 599 3544; x_wconf 89' lang='lat' dir='ltr'>de</span> <span class='ocrx_word' id='word_1_329' title='bbox 616 3496 691 3561; x_wconf 87' lang='lat' dir='ltr'>poetis</span> <span class='ocrx_word' id='word_1_330' title='bbox 707 3499 829 3547; x_wconf 85' lang='lat' dir='ltr'>extolleret</span> <span class='ocrx_word' id='word_1_331' title='bbox 858 3496 926 3560; x_wconf 82' lang='lat' dir='ltr'>epiro</span> <span class='ocrx_word' id='word_1_332' title='bbox 938 3514 974 3548; x_wconf 88' lang='lat' dir='ltr'>res</span> <span class='ocrx_word' id='word_1_333' title='bbox 985 3508 1064 3561; x_wconf 80' lang='lat' dir='ltr'>gestes</span> <span class='ocrx_word' id='word_1_334' title='bbox 1076 3497 1203 3547; x_wconf 86' lang='lat' dir='ltr'>celebrare.</span> 
     </span>
     <span class='ocr_line' id='line_1_38' title="bbox 265 3556 1418 3624; baseline 0.003 -20"><span class='ocrx_word' id='word_1_335' title='bbox 265 3556 394 3621; x_wconf 68' lang='lat' dir='ltr'>judicium,</span> <span class='ocrx_word' id='word_1_336' title='bbox 407 3558 432 3606; x_wconf 91' lang='lat' dir='ltr'>in</span> <span class='ocrx_word' id='word_1_337' title='bbox 445 3574 491 3607; x_wconf 89' lang='lat' dir='ltr'>rem</span> <span class='ocrx_word' id='word_1_338' title='bbox 504 3575 570 3608; x_wconf 87' lang='lat' dir='ltr'>suum</span> <span class='ocrx_word' id='word_1_339' title='bbox 583 3560 689 3610; x_wconf 84' lang='lat' dir='ltr'>detorsit.</span> <span class='ocrx_word' id='word_1_340' title='bbox 890 3564 947 3619; x_wconf 77' lang='lat'>252,</span> <span class='ocrx_word' id='word_1_341' title='bbox 961 3564 1019 3611; x_wconf 79' lang='lat'>25³.</span> <span class='ocrx_word' id='word_1_342' title='bbox 1036 3566 1105 3610; x_wconf 78' lang='lat' dir='ltr'>Aroes</span> <span class='ocrx_word' id='word_1_343' title='bbox 1118 3563 1236 3611; x_wconf 80' lang='lat' dir='ltr'>Montibus</span> <span class='ocrx_word' id='word_1_344' title='bbox 1249 3564 1375 3624; x_wconf 78' lang='lat' dir='ltr'>impositos,</span> <span class='ocrx_word' id='word_1_345' title='bbox 1386 3561 1418 3608; x_wconf 84' lang='lat' dir='ltr'>ab</span> 
     </span>
     <span class='ocr_line' id='line_1_39' title="bbox 300 3622 1417 3701; baseline 0.004 -32"><span class='ocrx_word' id='word_1_346' title='bbox 300 3624 357 3670; x_wconf 80' lang='lat'>244.</span> <span class='ocrx_word' id='word_1_347' title='bbox 385 3622 490 3672; x_wconf 80' lang='lat' dir='ltr'>Boeottim</span> <span class='ocrx_word' id='word_1_348' title='bbox 517 3627 542 3671; x_wconf 84' lang='lat' dir='ltr'>iu</span> <span class='ocrx_word' id='word_1_349' title='bbox 570 3641 643 3672; x_wconf 81' lang='lat' dir='ltr'>crasso</span> <span class='ocrx_word' id='word_1_350' title='bbox 671 3643 741 3685; x_wconf 67' lang='grc' dir='ltr'>(τινος</span> <span class='ocrx_word' id='word_1_351' title='bbox 769 3625 826 3675; x_wconf 88' lang='lat' dir='ltr'>hinc</span> <span class='ocrx_word' id='word_1_352' title='bbox 861 3624 971 3688; x_wconf 85' lang='lat' dir='ltr'>Augusto</span> <span class='ocrx_word' id='word_1_353' title='bbox 984 3626 1076 3676; x_wconf 89' lang='lat' dir='ltr'>seilicet</span> <span class='ocrx_word' id='word_1_354' title='bbox 1086 3624 1117 3674; x_wconf 85' lang='lat' dir='ltr'>ad</span> <span class='ocrx_word' id='word_1_355' title='bbox 1128 3627 1187 3675; x_wconf 85' lang='lat' dir='ltr'>lines</span> <span class='ocrx_word' id='word_1_356' title='bbox 1198 3626 1291 3701; x_wconf 83' lang='lat' dir='ltr'>imperii</span> <span class='ocrx_word' id='word_1_357' title='bbox 1306 3626 1417 3674; x_wconf 81' lang='lat' dir='ltr'>munien-</span> 
     </span>
     <span class='ocr_line' id='line_1_40' title="bbox 266 3682 1418 3763; baseline 0.001 -29"><span class='ocrx_word' id='word_1_358' title='bbox 266 3682 341 3734; x_wconf 84' lang='lat' dir='ltr'>Com.</span> <span class='ocrx_word' id='word_1_359' title='bbox 354 3686 513 3752; x_wconf 62' lang='lat' dir='ltr'>Nepntcib.</span> <span class='ocrx_word' id='word_1_360' title='bbox 527 3690 650 3743; x_wconf 67' lang='lat' dir='ltr'>thomam</span> <span class='ocrx_word' id='word_1_361' title='bbox 666 3694 726 3737; x_wconf 78' lang='lat' dir='ltr'>euim</span> <span class='ocrx_word' id='word_1_362' title='bbox 743 3690 826 3739; x_wconf 70' lang='lat' dir='ltr'>Bastia*</span> <span class='ocrx_word' id='word_1_363' title='bbox 858 3688 910 3736; x_wconf 91' lang='lat' dir='ltr'>dos.</span> <span class='ocrx_word' id='word_1_364' title='bbox 943 3691 1264 3763; x_wconf 72' lang='lat' dir='ltr'>Barbararegno,rictonas</span> <span class='ocrx_word' id='word_1_365' title='bbox 1278 3690 1309 3737; x_wconf 86' lang='lat' dir='ltr'>de</span> <span class='ocrx_word' id='word_1_366' title='bbox 1322 3689 1418 3753; x_wconf 78' lang='lat' dir='ltr'>regibus</span> 
     </span>
     <span class='ocr_line' id='line_1_41' title="bbox 266 3752 1112 3865; baseline 0.006 -69"><span class='ocrx_word' id='word_1_367' title='bbox 266 3754 339 3813; x_wconf 82' lang='lat' dir='ltr'>magis</span> <span class='ocrx_word' id='word_1_368' title='bbox 343 3752 458 3814; x_wconf 79' lang='lat' dir='ltr'>firmitati</span> <span class='ocrx_word' id='word_1_369' title='bbox 469 3757 576 3815; x_wconf 65' lang='lat' dir='ltr'>semoris,</span> <span class='ocrx_word' id='word_1_370' title='bbox 589 3770 657 3815; x_wconf 84' lang='lat' dir='ltr'>quam</span> <span class='ocrx_word' id='word_1_371' title='bbox 669 3756 757 3817; x_wconf 82' lang='lat' dir='ltr'>ingenii</span> <span class='ocrx_word' id='word_1_372' title='bbox 768 3772 824 3803; x_wconf 82' lang='lat' dir='ltr'>ocu·</span> <span class='ocrx_word' id='word_1_373' title='bbox 857 3762 881 3802; x_wconf 86' lang='lat' dir='ltr'>et</span> <span class='ocrx_word' id='word_1_374' title='bbox 887 3755 986 3865; x_wconf 77' lang='lat' dir='ltr'>populis</span> <span class='ocrx_word' id='word_1_375' title='bbox 997 3756 1112 3803; x_wconf 81' lang='lat' dir='ltr'>barbaris.</span> 
     </span>
     <span class='ocr_line' id='line_1_42' title="bbox 265 3816 1417 3883; baseline 0.004 -23"><span class='ocrx_word' id='word_1_376' title='bbox 265 3816 323 3861; x_wconf 83' lang='lat' dir='ltr'>mini</span> <span class='ocrx_word' id='word_1_377' title='bbox 335 3818 472 3864; x_wconf 73' lang='lat' dir='ltr'>inserviunt.</span> <span class='ocrx_word' id='word_1_378' title='bbox 905 3822 946 3866; x_wconf 79' lang='lat'>55.</span> <span class='ocrx_word' id='word_1_379' title='bbox 971 3820 1122 3883; x_wconf 77' lang='lat' dir='ltr'>claustroque</span> <span class='ocrx_word' id='word_1_380' title='bbox 1143 3821 1264 3874; x_wconf 78' lang='lat' dir='ltr'>cristodera,</span> <span class='ocrx_word' id='word_1_381' title='bbox 1287 3826 1344 3867; x_wconf 83' lang='lat' dir='ltr'>cett.</span> <span class='ocrx_word' id='word_1_382' title='bbox 1377 3818 1417 3865; x_wconf 80' lang='lat' dir='ltr'>De</span> 
     </span>
     <span class='ocr_line' id='line_1_43' title="bbox 297 3880 1416 3949; baseline 0.003 -24"><span class='ocrx_word' id='word_1_383' title='bbox 297 3880 437 3928; x_wconf 71' lang='lat' dir='ltr'>als-247.</span> <span class='ocrx_word' id='word_1_384' title='bbox 461 3881 492 3928; x_wconf 80' lang='lat' dir='ltr'>Ar</span> <span class='ocrx_word' id='word_1_385' title='bbox 516 3896 586 3943; x_wconf 78' lang='lat' dir='ltr'>acque</span> <span class='ocrx_word' id='word_1_386' title='bbox 605 3882 748 3939; x_wconf 76' lang='lat' dir='ltr'>dedecorant,</span> <span class='ocrx_word' id='word_1_387' title='bbox 768 3889 824 3931; x_wconf 87' lang='lat' dir='ltr'>cett.</span> <span class='ocrx_word' id='word_1_388' title='bbox 854 3880 913 3929; x_wconf 78' lang='lat' dir='ltr'>Just</span> <span class='ocrx_word' id='word_1_389' title='bbox 922 3883 1085 3949; x_wconf 83' lang='lat' dir='ltr'>tempto,pacis</span> <span class='ocrx_word' id='word_1_390' title='bbox 1096 3891 1200 3947; x_wconf 85' lang='lat' dir='ltr'>tempore</span> <span class='ocrx_word' id='word_1_391' title='bbox 1209 3885 1339 3937; x_wconf 65' lang='lat' dir='ltr'>claumos</span> <span class='ocrx_word' id='word_1_392' title='bbox 1348 3882 1416 3929; x_wconf 82' lang='lat' dir='ltr'>locus</span> 
     </span>
     <span class='ocr_line' id='line_1_44' title="bbox 265 3940 1416 4013; baseline 0.003 -24"><span class='ocrx_word' id='word_1_393' title='bbox 265 3940 301 3989; x_wconf 91' lang='lat' dir='ltr'>At</span> <span class='ocrx_word' id='word_1_394' title='bbox 316 3951 351 3999; x_wconf 90' lang='lat' dir='ltr'>tu,</span> <span class='ocrx_word' id='word_1_395' title='bbox 365 3943 483 4007; x_wconf 84' lang='lat' dir='ltr'>Auguste,</span> <span class='ocrx_word' id='word_1_396' title='bbox 495 3945 567 4009; x_wconf 84' lang='lat' dir='ltr'>probs</span> <span class='ocrx_word' id='word_1_397' title='bbox 578 3952 653 4001; x_wconf 86' lang='lat' dir='ltr'>tenes,</span> <span class='ocrx_word' id='word_1_398' title='bbox 666 3946 722 4008; x_wconf 89' lang='lat' dir='ltr'>quid</span> <span class='ocrx_word' id='word_1_399' title='bbox 734 3945 824 3995; x_wconf 88' lang='lat' dir='ltr'>distent</span> <span class='ocrx_word' id='word_1_400' title='bbox 855 3946 969 3995; x_wconf 78' lang='lat' dir='ltr'>classicus</span> <span class='ocrx_word' id='word_1_401' title='bbox 987 3947 1051 4013; x_wconf 88' lang='lat' dir='ltr'>apud</span> <span class='ocrx_word' id='word_1_402' title='bbox 1071 3947 1125 3994; x_wconf 75' lang='lat' dir='ltr'>Lis.</span> <span class='ocrx_word' id='word_1_403' title='bbox 1137 3947 1153 3993; x_wconf 91' lang='lat' dir='ltr'>i.</span> <span class='ocrx_word' id='word_1_404' title='bbox 1168 3948 1206 3995; x_wconf 87' lang='grc'>19.</span> <span class='ocrx_word' id='word_1_405' title='bbox 1240 3947 1280 3995; x_wconf 88' lang='lat' dir='ltr'>De</span> <span class='ocrx_word' id='word_1_406' title='bbox 1297 3948 1337 3993; x_wconf 76' lang='lat' dir='ltr'>dou</span> <span class='ocrx_word' id='word_1_407' title='bbox 1354 3946 1416 3993; x_wconf 72' lang='lat' dir='ltr'>June</span> 
     </span>
     <span class='ocr_line' id='line_1_45' title="bbox 265 4006 1414 4075; baseline 0.002 -22"><span class='ocrx_word' id='word_1_408' title='bbox 265 4021 311 4053; x_wconf 78' lang='lat' dir='ltr'>asra</span> <span class='ocrx_word' id='word_1_409' title='bbox 323 4006 428 4071; x_wconf 86' lang='lat' dir='ltr'>lupinis;</span> <span class='ocrx_word' id='word_1_410' title='bbox 446 4015 472 4056; x_wconf 88' lang='lat' dir='ltr'>tu</span> <span class='ocrx_word' id='word_1_411' title='bbox 484 4008 548 4057; x_wconf 84' lang='lat' dir='ltr'>enirn</span> <span class='ocrx_word' id='word_1_412' title='bbox 566 4024 613 4055; x_wconf 90' lang='lat' dir='ltr'>nou</span> <span class='ocrx_word' id='word_1_413' title='bbox 631 4010 715 4065; x_wconf 87' lang='lat' dir='ltr'>malos,</span> <span class='ocrx_word' id='word_1_414' title='bbox 726 4010 767 4058; x_wconf 89' lang='lat' dir='ltr'>sed</span> <span class='ocrx_word' id='word_1_415' title='bbox 779 4010 821 4059; x_wconf 92' lang='lat' dir='ltr'>de·</span> <span class='ocrx_word' id='word_1_416' title='bbox 854 4006 924 4058; x_wconf 85' lang='lat' dir='ltr'>docte</span> <span class='ocrx_word' id='word_1_417' title='bbox 941 4011 1048 4075; x_wconf 84' lang='lat' dir='ltr'>disputat</span> <span class='ocrx_word' id='word_1_418' title='bbox 1065 4013 1145 4075; x_wconf 85' lang='lat' dir='ltr'>Heyn.</span> <span class='ocrx_word' id='word_1_419' title='bbox 1163 4010 1194 4058; x_wconf 92' lang='lat' dir='ltr'>ad</span> <span class='ocrx_word' id='word_1_420' title='bbox 1208 4010 1242 4059; x_wconf 84' lang='lat' dir='ltr'>Vi</span> <span class='ocrx_word' id='word_1_421' title='bbox 1272 4011 1358 4066; x_wconf 68' lang='lat' dir='ltr'>‚ll-Iu,</span> <span class='ocrx_word' id='word_1_422' title='bbox 1373 4009 1414 4065; x_wconf 84' lang='lat' dir='ltr'>vii,</span> 
     </span>
     <span class='ocr_line' id='line_1_46' title="bbox 263 4066 1412 4143; baseline 0.004 -28"><span class='ocrx_word' id='word_1_423' title='bbox 263 4066 338 4143; x_wconf 75' lang='lat' dir='ltr'>lectos</span> <span class='ocrx_word' id='word_1_424' title='bbox 350 4070 393 4119; x_wconf 89' lang='lat' dir='ltr'>tibi</span> <span class='ocrx_word' id='word_1_425' title='bbox 404 4080 486 4137; x_wconf 85' lang='lat' dir='ltr'>poetas</span> <span class='ocrx_word' id='word_1_426' title='bbox 494 4072 603 4137; x_wconf 87' lang='lat' dir='ltr'>optimos,</span> <span class='ocrx_word' id='word_1_427' title='bbox 617 4073 755 4137; x_wconf 83' lang='lat' dir='ltr'>Virgilium,</span> <span class='ocrx_word' id='word_1_428' title='bbox 769 4076 821 4123; x_wconf 85' lang='lat' dir='ltr'>Va·</span> <span class='ocrx_word' id='word_1_429' title='bbox 854 4074 956 4122; x_wconf 84' lang='lat' dir='ltr'>Excurs.</span> <span class='ocrx_word' id='word_1_430' title='bbox 966 4092 991 4124; x_wconf 81' lang='lat' dir='ltr'>r.</span> <span class='ocrx_word' id='word_1_431' title='bbox 1022 4076 1137 4129; x_wconf 86' lang='lat' dir='ltr'>Horatius</span> <span class='ocrx_word' id='word_1_432' title='bbox 1154 4090 1208 4139; x_wconf 90' lang='lat' dir='ltr'>sup.</span> <span class='ocrx_word' id='word_1_433' title='bbox 1225 4076 1248 4122; x_wconf 91' lang='lat'>0</span> <span class='ocrx_word' id='word_1_434' title='bbox 1267 4107 1274 4120; x_wconf 94' lang='lat'>.</span> <span class='ocrx_word' id='word_1_435' title='bbox 1291 4074 1324 4130; x_wconf 81' lang='lat' dir='ltr'>iv,</span> <span class='ocrx_word' id='word_1_436' title='bbox 1339 4076 1376 4129; x_wconf 81' lang='lat' dir='ltr'>ts,</span> <span class='ocrx_word' id='word_1_437' title='bbox 1387 4075 1412 4125; x_wconf 80' lang='grc'>9,</span> 
     </span>
     <span class='ocr_line' id='line_1_47' title="bbox 263 4136 1412 4207; baseline 0.003 -27"><span class='ocrx_word' id='word_1_438' title='bbox 263 4148 381 4207; x_wconf 74' lang='lat' dir='ltr'>pumque,</span> <span class='ocrx_word' id='word_1_439' title='bbox 394 4136 469 4199; x_wconf 81' lang='lat' dir='ltr'>gratia</span> <span class='ocrx_word' id='word_1_440' title='bbox 486 4145 510 4184; x_wconf 86' lang='lat' dir='ltr'>et</span> <span class='ocrx_word' id='word_1_441' title='bbox 526 4136 664 4186; x_wconf 87' lang='lat' dir='ltr'>muneribus</span> <span class='ocrx_word' id='word_1_442' title='bbox 679 4137 725 4185; x_wconf 92' lang='lat' dir='ltr'>tuis</span> <span class='ocrx_word' id='word_1_443' title='bbox 736 4138 822 4201; x_wconf 86' lang='lat' dir='ltr'>dignos</span> <span class='ocrx_word' id='word_1_444' title='bbox 853 4137 883 4186; x_wconf 88' lang='lat' dir='ltr'>de</span> <span class='ocrx_word' id='word_1_445' title='bbox 893 4139 1011 4202; x_wconf 81' lang='lat' dir='ltr'>Augusto,</span> <span class='ocrx_word' id='word_1_446' title='bbox 1020 4150 1041 4187; x_wconf 82' lang='lat' dir='ltr'>et</span> <span class='ocrx_word' id='word_1_447' title='bbox 1051 4154 1150 4187; x_wconf 85' lang='lat' dir='ltr'>vacuum</span> <span class='ocrx_word' id='word_1_448' title='bbox 1161 4140 1245 4186; x_wconf 76' lang='lat' dir='ltr'>duellia</span> <span class='ocrx_word' id='word_1_449' title='bbox 1255 4140 1343 4185; x_wconf 76' lang='lat' dir='ltr'>Jonas·</span> <span class='ocrx_word' id='word_1_450' title='bbox 1353 4138 1412 4191; x_wconf 73' lang='lat' dir='ltr'>Qut-</span> 
     </span>
     <span class='ocr_line' id='line_1_48' title="bbox 260 4196 1035 4265; baseline 0.006 -21"><span class='ocrx_word' id='word_1_451' title='bbox 260 4196 365 4259; x_wconf 83' lang='lat' dir='ltr'>Judicas,</span> <span class='ocrx_word' id='word_1_452' title='bbox 379 4215 422 4249; x_wconf 86' lang='lat' dir='ltr'>uec</span> <span class='ocrx_word' id='word_1_453' title='bbox 436 4200 459 4247; x_wconf 82' lang='lat' dir='ltr'>nt</span> <span class='ocrx_word' id='word_1_454' title='bbox 470 4208 511 4248; x_wconf 88' lang='lat' dir='ltr'>tuo</span> <span class='ocrx_word' id='word_1_455' title='bbox 522 4200 552 4247; x_wconf 85' lang='lat' dir='ltr'>de</span> <span class='ocrx_word' id='word_1_456' title='bbox 567 4216 592 4249; x_wconf 90' lang='lat' dir='ltr'>se</span> <span class='ocrx_word' id='word_1_457' title='bbox 604 4200 695 4265; x_wconf 89' lang='lat' dir='ltr'>judicio</span> <span class='ocrx_word' id='word_1_458' title='bbox 712 4212 768 4250; x_wconf 89' lang='lat' dir='ltr'>sunt</span> <span class='ocrx_word' id='word_1_459' title='bbox 779 4202 820 4251; x_wconf 89' lang='lat' dir='ltr'>de·</span> <span class='ocrx_word' id='word_1_460' title='bbox 852 4205 929 4250; x_wconf 85' lang='lat' dir='ltr'>rinom</span> <span class='ocrx_word' id='word_1_461' title='bbox 942 4205 1035 4251; x_wconf 82' lang='lat' dir='ltr'>clausit.</span> 
     </span>
     <span class='ocr_line' id='line_1_49' title="bbox 262 4258 1411 4332; baseline 0.003 -24"><span class='ocrx_word' id='word_1_462' title='bbox 262 4258 350 4309; x_wconf 88' lang='lat' dir='ltr'>decori.</span> <span class='ocrx_word' id='word_1_463' title='bbox 884 4268 942 4315; x_wconf 76' lang='lat'>256.</span> <span class='ocrx_word' id='word_1_464' title='bbox 960 4268 1151 4332; x_wconf 77' lang='lat' dir='ltr'>Etjirrmidatrrm</span> <span class='ocrx_word' id='word_1_465' title='bbox 1163 4268 1259 4314; x_wconf 75' lang='lat' dir='ltr'>Partitis</span> <span class='ocrx_word' id='word_1_466' title='bbox 1271 4276 1293 4314; x_wconf 82' lang='lat' dir='ltr'>te</span> <span class='ocrx_word' id='word_1_467' title='bbox 1307 4268 1411 4328; x_wconf 78' lang='lat' dir='ltr'>principa</span> 
     </span>
     <span class='ocr_line' id='line_1_50' title="bbox 293 4326 1410 4393; baseline 0.005 -20"><span class='ocrx_word' id='word_1_468' title='bbox 293 4327 351 4374; x_wconf 78' lang='grc'><strong>246.</strong></span> <span class='ocrx_word' id='word_1_469' title='bbox 381 4326 458 4375; x_wconf 81' lang='lat' dir='ltr'>liutto</span> <span class='ocrx_word' id='word_1_470' title='bbox 480 4330 558 4375; x_wconf 68' lang='lat' dir='ltr'>daretis</span> <span class='ocrx_word' id='word_1_471' title='bbox 578 4346 630 4376; x_wconf 82' lang='lat' dir='ltr'>cum</span> <span class='ocrx_word' id='word_1_472' title='bbox 653 4330 739 4377; x_wconf 81' lang='lat' dir='ltr'>laude.-</span> <span class='ocrx_word' id='word_1_473' title='bbox 768 4330 820 4379; x_wconf 83' lang='lat' dir='ltr'>haec</span> <span class='ocrx_word' id='word_1_474' title='bbox 853 4330 969 4389; x_wconf 78' lang='lat' dir='ltr'>Romam,</span> <span class='ocrx_word' id='word_1_475' title='bbox 997 4331 1106 4380; x_wconf 85' lang='lat' dir='ltr'>similiter</span> <span class='ocrx_word' id='word_1_476' title='bbox 1132 4331 1157 4378; x_wconf 90' lang='lat' dir='ltr'>in</span> <span class='ocrx_word' id='word_1_477' title='bbox 1185 4330 1281 4379; x_wconf 85' lang='lat' dir='ltr'>laudem</span> <span class='ocrx_word' id='word_1_478' title='bbox 1307 4330 1410 4393; x_wconf 81' lang='lat' dir='ltr'>Augusti</span> 
     </span>
     <span class='ocr_line' id='line_1_51' title="bbox 259 4389 1409 4458; baseline 0.005 -24"><span class='ocrx_word' id='word_1_479' title='bbox 259 4389 333 4437; x_wconf 82' lang='lat' dir='ltr'>verba</span> <span class='ocrx_word' id='word_1_480' title='bbox 340 4389 432 4455; x_wconf 90' lang='lat' dir='ltr'>duplici</span> <span class='ocrx_word' id='word_1_481' title='bbox 439 4390 509 4439; x_wconf 91' lang='lat' dir='ltr'>modo</span> <span class='ocrx_word' id='word_1_482' title='bbox 517 4391 631 4456; x_wconf 83' lang='lat' dir='ltr'>explicari</span> <span class='ocrx_word' id='word_1_483' title='bbox 642 4401 755 4458; x_wconf 75' lang='lat' dir='ltr'>possunt,</span> <span class='ocrx_word' id='word_1_484' title='bbox 767 4403 818 4451; x_wconf 86' lang='lat' dir='ltr'>aut,</span> <span class='ocrx_word' id='word_1_485' title='bbox 852 4394 933 4442; x_wconf 85' lang='lat' dir='ltr'>Canu.</span> <span class='ocrx_word' id='word_1_486' title='bbox 950 4398 1011 4445; x_wconf 82' lang='lat' dir='ltr'>Saec.</span> <span class='ocrx_word' id='word_1_487' title='bbox 1024 4414 1046 4444; x_wconf 88' lang='lat' dir='ltr'>v.</span> <span class='ocrx_word' id='word_1_488' title='bbox 1058 4398 1099 4453; x_wconf 76' lang='lat'>5⁴,</span> <span class='ocrx_word' id='word_1_489' title='bbox 1117 4395 1209 4453; x_wconf 84' lang='lat' dir='ltr'>Medus,</span> <span class='ocrx_word' id='word_1_490' title='bbox 1227 4395 1252 4443; x_wconf 82' lang='lat' dir='ltr'>lt.</span> <span class='ocrx_word' id='word_1_491' title='bbox 1264 4411 1286 4443; x_wconf 91' lang='lat' dir='ltr'>e.</span> <span class='ocrx_word' id='word_1_492' title='bbox 1298 4394 1409 4450; x_wconf 80' lang='lat' dir='ltr'>Parthus,</span> 
     </span>
     <span class='ocr_line' id='line_1_52' title="bbox 261 4450 1410 4522; baseline 0.004 -23"><span class='ocrx_word' id='word_1_493' title='bbox 261 4450 317 4500; x_wconf 90' lang='lat' dir='ltr'>dum</span> <span class='ocrx_word' id='word_1_494' title='bbox 332 4452 367 4501; x_wconf 90' lang='lat' dir='ltr'>illi</span> <span class='ocrx_word' id='word_1_495' title='bbox 383 4462 415 4509; x_wconf 88' lang='lat' dir='ltr'>te,</span> <span class='ocrx_word' id='word_1_496' title='bbox 427 4454 469 4518; x_wconf 90' lang='lat' dir='ltr'>qui</span> <span class='ocrx_word' id='word_1_497' title='bbox 484 4455 645 4512; x_wconf 84' lang='lat' dir='ltr'>muneradas,</span> <span class='ocrx_word' id='word_1_498' title='bbox 657 4458 734 4506; x_wconf 86' lang='lat' dir='ltr'>multa</span> <span class='ocrx_word' id='word_1_499' title='bbox 747 4458 820 4508; x_wconf 88' lang='lat' dir='ltr'>laude</span> <span class='ocrx_word' id='word_1_500' title='bbox 851 4474 932 4508; x_wconf 82' lang='lat' dir='ltr'>munus</span> <span class='ocrx_word' id='word_1_501' title='bbox 950 4471 1050 4522; x_wconf 78' lang='lat' dir='ltr'>potentes</span> <span class='ocrx_word' id='word_1_502' title='bbox 1069 4471 1090 4507; x_wconf 80' lang='lat' dir='ltr'>et</span> <span class='ocrx_word' id='word_1_503' title='bbox 1108 4461 1210 4508; x_wconf 79' lang='lat' dir='ltr'>Albanas</span> <span class='ocrx_word' id='word_1_504' title='bbox 1228 4475 1315 4507; x_wconf 71' lang='lat' dir='ltr'>mures</span> <span class='ocrx_word' id='word_1_505' title='bbox 1333 4461 1410 4506; x_wconf 78' lang='lat' dir='ltr'>tim</span> 
     </span>
     <span class='ocr_line' id='line_1_53' title="bbox 259 4517 1260 4586; baseline 0.011 -22"><span class='ocrx_word' id='word_1_506' title='bbox 259 4517 399 4578; x_wconf 76' lang='lat' dir='ltr'>celebrant5</span> <span class='ocrx_word' id='word_1_507' title='bbox 413 4526 463 4574; x_wconf 89' lang='lat' dir='ltr'>aut,</span> <span class='ocrx_word' id='word_1_508' title='bbox 475 4518 532 4569; x_wconf 89' lang='lat' dir='ltr'>dum</span> <span class='ocrx_word' id='word_1_509' title='bbox 546 4528 571 4567; x_wconf 89' lang='lat' dir='ltr'>tu</span> <span class='ocrx_word' id='word_1_510' title='bbox 582 4520 720 4570; x_wconf 87' lang='lat' dir='ltr'>muneribus</span> <span class='ocrx_word' id='word_1_511' title='bbox 731 4521 818 4586; x_wconf 91' lang='lat' dir='ltr'>quibus</span> <span class='ocrx_word' id='word_1_512' title='bbox 850 4521 944 4572; x_wconf 89' lang='lat' dir='ltr'>dicitur.</span> <span class='ocrx_word' id='word_1_513' title='bbox 1255 4550 1260 4556; x_wconf 88' lang='lat'><strong>·</strong></span> 
     </span>
    </p>
   </div>
   <div class='ocr_carea' id='block_1_6' title="bbox 0 0 1580 5200">
    <p class='ocr_par' dir='ltr' id='par_1_9' title="bbox 0 0 1580 5200">
     <span class='ocr_line' id='line_1_54' title="bbox 0 0 1580 5200; baseline 0 6"><span class='ocrx_word' id='word_1_514' title='bbox 0 0 1580 5200; x_wconf 95' lang='lat' dir='ltr'> </span> 
     </span>
    </p>
   </div>
  </div>
 </body>
</html>
