3150 5200
532 371 537 380 '
587 371 752 438 LIBER
775 373 803 450 Ι,
829 376 880 437 12.

241 524 307 602 Tu,
324 546 550 608 quamcunque
566 525 661 590 Deus
676 527 736 590 tibi
750 525 963 591 fortunaverit
975 524 1100 603 horam,

242 627 349 690 Grata
364 648 454 689 sume
469 649 584 704 manu3
608 650 667 692 nec
683 627 793 692 dulcia
807 627 903 692 differ
917 627 951 690 in
966 650 1103 706 annum3

240 727 306 804 Ut,
316 749 512 811 quocunque
527 727 600 792 loco
614 727 726 806 fueris,
740 729 861 792 vixisse
873 728 1014 792 libenter

175 829 219 893 25
241 828 293 894 Te
308 829 416 893 dicas:
440 851 514 892 nam
530 830 557 892 si
572 831 702 894 ratioet
717 831 892 914 prudentia
906 853 1012 908 curas,

236 929 321 994 Non
334 930 426 994 locus
441 929 537 994 effusi
552 931 617 994 late
631 932 728 994 maris
744 933 877 1008 arbiter,
893 931 1018 1010 aufert3

242 1031 380 1108 Coelum,
396 1031 627 1109 nonanimum,
642 1042 768 1124 mutant
782 1034 839 1116 qui
854 1043 943 1096 trans
956 1055 1045 1097 mare
1059 1043 1204 1098 currunt.

243 1133 385 1196 Strenua
398 1155 457 1197 nos
473 1144 605 1198 exercet
620 1134 752 1198 inertia:
776 1135 913 1198 navibus
929 1145 1026 1218 atque

243 1234 423 1319 Quadrigis
439 1237 579 1319 petimus
594 1237 678 1300 bene
694 1237 819 1299 vivere:
842 1237 931 1319 quod
946 1238 1043 1320 petis,
1058 1236 1112 1300 hic
1126 1246 1194 1314 cst;

178 1335 221 1398 30
243 1335 307 1400 Est
323 1336 471 1414 Ulubris,
487 1339 611 1402 animus
627 1337 654 1401 si
669 1347 702 1402 te
717 1360 781 1400 non
797 1337 908 1402 delicit
922 1360 1046 1420 aequus.

564 1659 804 1727 EPISTOLA
828 1661 908 1726 XII.

550 1889 624 1938 AD
671 1890 970 1940 lCClUM..

245 2049 438 2115 Fructulus
454 2049 614 2134 Agrippae
630 2049 758 2126 Siculis,
774 2071 856 2133 quos
872 2047 1008 2136 colligis,
1024 2051 1101 2128 leci,

246 2153 282 2216 Si
298 2164 385 2217 recte
400 2151 529 2228 frueris,
545 2174 610 2216 uon
625 2162 675 2215 est
691 2162 727 2214 ut
742 2153 837 2235 copia
852 2153 954 2236 major

246 2252 301 2317 Ab
316 2253 398 2318 Jove
414 2255 528 2318 donari
543 2255 647 2338 possit
662 2255 739 2317 tibi:
762 2253 838 2318 tolle
853 2254 1019 2337 querelas3

159 2419 203 2485 qui
214 2429 279 2470 trans
295 2437 359 2472 mare
374 2432 479 2481 currunt,
492 2439 540 2471 non
551 2421 720 2479 animum,sed
784 2425 825 2472 ³0.
851 2423 893 2471 Est
920 2423 1025 2471 Ulubris.
1069 2424 1171 2482 Ulubroe,
1196 2426 1310 2490 oppidum

160 2485 251 2534 coelum
269 2493 360 2534 tantum
380 2495 482 2535 mutant.
518 2486 566 2536 Sed
584 2487 618 2535 sic
637 2501 720 2534 sumus
752 2485 867 2549 exiguum
883 2495 908 2535 et
924 2486 1109 2536 desertissimum
1129 2488 1155 2536 in
1170 2504 1227 2552 agro
1239 2492 1311 2539 Pom,

160 2549 277 2609 hemines,
288 2550 390 2601 neribus
401 2559 424 2601 et
435 2550 556 2617 quadrigis
565 2552 627 2600 vecti
639 2551 720 2616 procul
752 2550 812 2599 tino.
850 2553 948 2600 Animus
971 2568 1056 2615 equus,
1075 2553 1117 2617 qni
1139 2553 1186 2601 sibi
1207 2563 1310 2610 constat,

160 2615 263 2679 petimus
283 2616 346 2679 quod
365 2616 391 2663 in
414 2617 545 2682 propinquo
566 2626 603 2664 est
622 2624 720 2665 stante
753 2630 801 2663 non
823 2617 903 2663 vatins
923 2624 948 2664 et
968 2617 1091 2664 mutabilis
1112 2626 1168 2677 est3
1198 2619 1312 2667 Horatius

162 2677 235 2743 pedes
242 2678 348 2742 jacet.”,
752 2678 826 2743 igitur
842 2680 950 2728 Bullatio
971 2681 1044 2745 paulo
1065 2681 1142 2730 lenius
1159 2684 1313 2747 exprobrasse

160 2782 162 2785 .
196 2744 236 2791 14.
255 2744 287 2791 Ut
292 2744 443 2808 fortunatam
457 2747 524 2807 plene
536 2746 671 2807 prestantia
685 2747 720 2792 ul·
753 2743 845 2792 videtur
854 2743 1049 2793 inconstantiam.

162 2816 218 2861 tom,
227 2814 267 2855 tan
287 2823 341 2855 uam
353 2823 381 2856 ea
392 2808 417 2856 in
429 2808 518 2874 quibus
529 2808 633 2873 perlecta
644 2807 722 2872 posita

162 2824 381 2920 sitvitaelelicius.
751 2909 754 2917 .
908 2874 1078 2922 EPISTOLA
1096 2875 1159 2922 XII.

197 2935 235 2982 17.
251 2936 341 2985 Rhodos
351 2946 373 2983 et
384 2937 512 2999 Mitylene.-
525 2936 557 2987 cl.
566 2952 620 3001 sup.
629 2935 661 2985 ad
671 2934 719 2985 Od.
785 2936 887 2993 Iccium,
901 2936 1022 2985 hominem
1038 2938 1172 3001 querulum,
1183 2945 1209 2985 et
1224 2936 1314 2985 divitiis

165 2998 183 3055 i,
195 3000 219 3054 7,
231 3002 253 3047 l.
753 2999 804 3047 suis
815 3000 921 3048 nondum
932 3008 1079 3055 contentum,
1091 3016 1103 3047 a
1123 3001 1193 3066 plura
1208 3000 1313 3049 habendi

197 3065 235 3112 18.
253 3064 354 3120 Peuula,
364 3062 436 3113 vestis
448 3064 555 3121 crassior,
566 3080 615 3129 qua
630 3066 673 3113 iter
684 3064 719 3111 fa·
752 3064 884 3129 cupiditate
899 3064 1044 3121 dehortatur,
1059 3074 1084 3113 et
1099 3065 1125 3113 in
1142 3065 1219 3129 copia,
1238 3080 1313 3128 quam

161 3126 438 3183 ¹cientessemuniebont
448 3136 531 3176 contra
540 3129 613 3193 frigus
626 3136 651 3177 et
666 3129 720 3193 plu·
750 3127 803 3193 jam
823 3128 920 3183 babeat,
940 3128 1091 3192 acquiescere
1109 3129 1188 3193 jubet.
1220 3128 1314 3177 Iccium

162 3190 239 3239 viam:
257 3190 306 3239 vid.
326 3193 420 3241 Ernest.
436 3192 508 3241 Clav.
527 3194 581 3242 Cic.
599 3208 619 3241 s.
636 3210 659 3241 v.
679 3192 722 3239 Pe·
755 3191 893 3240 divitiarum
904 3192 1092 3256 colligendarum
1103 3194 1215 3255 flagrasse
1225 3192 1313 3247 studio,

164 3256 231 3303 nula.
265 3255 402 3317 Campestro,
418 3254 585 3314 velamentum,
607 3272 664 3321 quo,
681 3256 724 3320 qui
752 3258 845 3330 jumen
863 3257 1082 3305 Cermineadenm
1097 3255 1184 3321 scripto
1199 3272 1253 3321 sup.
1265 3256 1314 3304 Od.

165 3327 247 3367 aestate
265 3318 323 3367 nudi
338 3319 364 3367 in
376 3322 435 3369 Cam
485 3321 575 3369 Martio
592 3322 722 3376 certabant,
755 3336 772 3375 r,
796 3321 839 3375 29,
863 3320 905 3367 ubi
927 3322 1041 3369 Horatius
1066 3320 1159 3370 Iccium
1183 3320 1316 3369 ditescendi

165 3382 196 3431 ad
206 3384 261 3431 obte
278 3381 339 3431 enda
348 3384 427 3449 puden
445 3385 680 3448 asuccingebantur.
755 3399 829 3433 cansa
839 3383 945 3433 animum
962 3384 992 3433 ad
1007 3384 1117 3433 militiam
1135 3385 1257 3450 appulisse
1272 3385 1315 3442 ait,

162 3492 166 3501 ,
197 3448 238 3495 20.
260 3398 353 3495 lultum
371 3458 445 3497 servat
463 3448 568 3497 Fortuna
587 3451 723 3513 benignum:
756 3447 838 3510 colligi
848 3457 934 3513 potest·
967 3450 1005 3496 Ex
1022 3448 1051 3496 iis
1065 3459 1211 3514 cutemque
1225 3450 1251 3497 in
1270 3449 1315 3497 bac

164 3526 233 3559 vanae
248 3510 320 3574 igitur
331 3511 403 3561 luisse
419 3512 527 3560 videntur
537 3529 610 3569 curre,
623 3528 724 3576 quarum
757 3511 867 3577 Epistola
884 3512 972 3576 passim
993 3511 1037 3560 ads
1066 3523 1174 3577 rgnntnr,
1193 3532 1216 3562 v.
1234 3516 1258 3571 t,
1276 3515 1315 3569 lt,

164 3574 357 3650 disponendarum
369 3590 442 3625 causa
457 3577 649 3641 peregrinabatur
663 3576 724 3625 Bul·
756 3574 1018 3634 summisisse
1057 3577 1160 3625 ominem
1182 3577 1316 3626 sordidissi-

167 3639 247 3689 latrus.
758 3656 832 3694 mum,
843 3639 908 3688 baud
919 3640 1019 3688 obscure
1028 3640 1177 3706 intelligitur.

164 3732 168 3743 ·
198 3706 239 3753 24.
261 3704 376 3761 Libenter,
387 3704 626 3769 suaviter,jucunde.
791 3706 814 3751 1.
849 3704 973 3751 fructibus
999 3705 1109 3768 Agrippi:
1136 3706 1230 3761 Siculis,
1258 3713 1316 3753 cett.

198 3769 239 3816 26.
258 3768 310 3817 Non
327 3770 387 3818 locus
404 3768 471 3834 ffel
485 3772 530 3817 late
543 3772 612 3817 moris
623 3770 724 3816 arbiter:
757 3770 888 3830 Postquam
904 3766 985 3816 Iccius
1000 3784 1043 3832 spe
1060 3767 1195 3816 divitiarum
1211 3767 1237 3814 in
1252 3769 1317 3816 bello

166 3832 235 3880 locus
253 3848 324 3897 equo
339 3834 413 3881 libere
426 3833 528 3898 prospici
544 3840 622 3897 potest
636 3832 661 3881 in
678 3832 725 3880 late
758 3831 821 3895 (vid.
837 3847 891 3895 sup.
902 3832 1006 3879 Carmen
1025 3832 1095 3881 modo
1114 3831 1253 3892 laudatum)
1271 3832 1318 3879 sibi

199 3904 252 3944 tens
270 3912 344 3953 mare,
361 3896 448 3945 dicitur
466 3900 537 3945 moris
553 3899 649 3953 arbiter,
667 3896 691 3945 b.
702 3911 725 3944 e.
757 3894 970 3960 comparandarum
996 3895 1125 3951 exciderat,
1148 3894 1204 3949 elia,
1228 3894 1318 3957 quibus

184 3960 399 4017 ominus,in1nare
431 3960 483 4009 nasi
500 3959 640 4019 dominans3
657 3960 726 4007 locus
757 3959 807 4008 voti
818 3958 854 4006 sui
863 3972 961 4023 compos
971 3958 1044 4014 fieret,
1056 3959 1158 4008 circums
1189 3956 1233 4005 xit.
1265 3959 1317 4006 Ne·

166 4032 246 4072 autem
269 4025 311 4089 qui
331 4025 379 4073 late
395 3976 466 4073 ellusi
483 4024 554 4073 maris
577 4032 725 4089 prospectum
759 4039 806 4135 pue
817 4021 842 4095 id
853 4022 948 4077 lurstra,
961 4022 1069 4096 Agrippa
1083 4023 1147 4096 enirn
1173 4020 1255 4095 ocium
1263 4021 1317 4070 lati·

167 4088 265 4153 praebet,
277 4098 314 4138 est
324 4089 510 4137 amoenissimus.
770 4086 894 4136 undrorum
910 4101 1006 4134 suornm
1026 4103 1051 4135 ιιι
1068 4086 1151 4135 Sicilia
1167 4084 1318 4134 administre-

201 4154 242 4201 28.
260 4155 608 4227 Streuunnosesercetipeftid.
638 4152 728 4201 laertio
759 4150 819 4200 tioni
840 4150 996 4223 praefecerat,
1014 4150 1073 4223 bino
1096 4154 1204 4216 Agrippa
1219 4149 1319 4214 fructus

167 4216 740 4344 22:³¹5?,tttt'ttttltt'tttts·
759 4214 1094 4343 ltftflstttttt,
1106 4278 1215 4341 (oms,
1227 4279 1320 4329 ,to-

167 4360 217 4395 non
228 4345 347 4411 suscipere
354 4353 378 4393 et
388 4346 488 4410 exsequi
498 4345 626 4401 debebant,
636 4359 726 4409 gnevos
757 4363 798 4395 τιν
816 4343 850 4399 ὡς
869 4344 906 4391 vel
926 4342 1018 4401 ὅπως),
1039 4360 1090 4408 pro,
1108 4357 1156 4390 non
1177 4351 1267 4407 potest:
1286 4344 1319 4393 ef.

167 4410 516 4519 aepraebentatquestrenuos.
759 4425 813 4473 sup.
832 4407 881 4456 od.
899 4406 935 4465 iii,
949 4410 972 4464 1,
989 4410 1014 4457 9.
1048 4408 1111 4455 Tolle
1128 4410 1246 4469 querela:
1263 4424 1319 4472 ergo

210 4474 242 4525 ,9.
263 4474 364 4521 Petimus
375 4476 429 4521 bene
440 4478 522 4531 olous,
535 4473 636 4539 petimus
647 4474 727 4522 locum
756 4473 808 4539 jam
820 4488 884 4537 sepe
895 4470 985 4526 Iccius,
994 4480 1020 4520 ut
1029 4472 1108 4521 solent
1117 4470 1190 4528 avari,
1199 4470 1229 4519 de
1241 4488 1319 4522 rerum

168 4536 211 4586 ubi
224 4538 284 4585 bene
295 4537 413 4587 vivamus.
761 4552 857 4585 suarum
869 4534 1005 4585 conditione
1016 4536 1125 4600 querelas
1136 4534 1235 4585 luderet.
