3150 5200
289 333 320 397 iv
728 326 998 422 ramulum.

289 517 483 594 Fritschius,
497 525 536 580 ut
550 511 751 580 satisfaceret
765 512 925 598 ejusmodi
939 511 1091 577 editionis
1105 510 1281 588 desiderio,
1296 507 1439 574 Gesneri

289 635 465 700 editionem
489 635 581 700 novis
604 633 736 698 dotibus
757 633 949 696 instructam
970 628 1150 695 recudendi
1172 628 1313 712 cepisset
1336 627 1441 692 consi-

288 752 385 833 lium;
407 752 497 830 mihi,
517 761 554 817 ut
577 773 648 816 eam
668 771 946 835 recognoscerem,
961 757 1006 825 et,
1027 746 1099 812 aliis
1122 746 1268 823 resectis,
1288 744 1359 809 aliis
1382 745 1441 810 ad-

285 870 394 954 jectis,
410 869 623 955 diffingerem,
644 867 754 933 oblata
771 876 823 931 est
844 867 886 930 ab
908 865 964 930 illo
981 864 1135 931 conditio.
1181 862 1248 927 Sed
1263 883 1306 926 ex
1320 862 1439 940 causis,

289 1009 371 1071 quas
398 1009 646 1054 commemorare
675 984 756 1049 nihil
786 984 914 1061 attinet,
941 1005 1013 1048 eam
1041 980 1221 1066 repudiavi,
1244 989 1278 1044 et
1300 981 1343 1044 ad
1365 1002 1440 1045 eum

285 1107 401 1190 potius
424 1106 580 1185 laborem,
597 1107 653 1190 qui
675 1126 768 1169 novae
787 1102 884 1188 plane
903 1101 1039 1166 editioni
1062 1099 1299 1184 impendendus
1320 1098 1373 1174 sit,
1388 1119 1440 1162 me

291 1222 466 1307 proclivem
480 1245 552 1288 esse
567 1223 735 1309 professus
752 1243 834 1286 sum.
880 1220 1019 1286 Placuit.
1065 1217 1151 1282 Rem
1166 1216 1306 1300 suscepi,
1320 1225 1354 1280 et
1369 1237 1441 1280 sus-

293 1349 398 1424 ceptae
410 1342 458 1406 rei
472 1351 583 1426 partes
598 1361 658 1426 pro
673 1339 756 1405 virili
772 1339 933 1404 sustinere
948 1337 1071 1403 studui.

332 1455 428 1523 Nihil
456 1470 565 1525 autem
593 1460 684 1544 prius
713 1456 793 1522 mihi
821 1456 1006 1522 faciendum
1033 1475 1106 1520 esse
1130 1453 1255 1538 putavi,
1280 1474 1377 1537 quam
1402 1462 1440 1517 ut

290 1583 416 1640 textum
445 1579 557 1643 darem
582 1576 888 1648 emendatissimum.
933 1575 1050 1658 ltaque
1075 1574 1110 1636 in
1134 1571 1215 1636 locis
1242 1571 1351 1634 dubiis
1373 1591 1441 1634 non

289 1703 388 1759 certae
410 1695 580 1778 cujusdam
603 1694 755 1784 editionis
779 1692 1005 1757 auctoritatem
1027 1699 1158 1755 secutus
1182 1711 1264 1765 sum,
1287 1688 1346 1753 sed
1368 1689 1440 1772 ipse
1486 1711 1489 1714 ’

288 1809 444 1876 lectiones
468 1811 642 1896 diligenter
664 1811 806 1888 excussi,
822 1822 867 1888 et,
888 1833 962 1894 quae
985 1820 1051 1874 tarn
1068 1809 1189 1894 linguae
1212 1829 1310 1890 quam
1332 1815 1440 1890 poetae

289 1927 420 2012 ingenio
449 1929 587 1994 maxime
607 1928 805 2013 respondere
824 1929 1000 2005 videretur,
1015 1950 1087 1992 eam
1107 1927 1227 2010 recepi.
1271 1923 1328 1989 Ab
1346 1924 1441 1988 initio

291 2045 424 2129 quidem
450 2043 574 2108 animus
601 2055 672 2108 erat
698 2055 825 2110 textum
850 2047 895 2109 ita
920 2044 1088 2122 exhibere,
1110 2053 1147 2108 ut
1169 2043 1223 2107 ille
1246 2065 1266 2106 a
1285 2041 1334 2106 cl.
1359 2040 1440 2105 Mit-

288 2151 481 2228 scherlichio
499 2163 700 2227 constitutus
726 2173 796 2242 est;
817 2164 887 2240 sed,
909 2185 983 2229 curn
1004 2163 1038 2226 in
1059 2161 1214 2226 lectiones
1240 2159 1438 2234 incidissem,

288 2280 407 2362 quibus
432 2289 470 2343 ut
495 2279 685 2344 accederem
710 2301 730 2342 a
754 2302 806 2344 me
833 2280 1007 2364 impetrare
1032 2302 1099 2344 non
1127 2288 1283 2363 poteram,
1308 2276 1440 2341 abhoc

287 2395 421 2462 consilio
441 2397 572 2471 recessi,
588 2406 622 2460 et
635 2417 707 2460 meo
721 2397 825 2480 ipsius
841 2396 967 2480 judicio
990 2396 1025 2459 in
1046 2395 1221 2479 seligendis
1243 2393 1438 2460 lectionibus

287 2534 339 2578 me
356 2514 426 2599 regi
440 2533 558 2596 passus
574 2535 654 2578 sum.
701 2514 805 2587 Quod
821 2515 849 2578 si
863 2514 954 2599 prius
974 2514 1133 2590 fecissem,
1150 2514 1219 2577 sine
1233 2512 1439 2577 haesitatione

287 2654 318 2695 v.
335 2652 364 2695 c.
381 2652 455 2695 cum
470 2630 620 2704 Bentleio
635 2632 657 2708 i,
673 2632 706 2708 3,
726 2630 775 2707 18,
791 2633 889 2695 rectis
902 2654 974 2717 pro,
989 2632 1097 2710 meeis,
1112 2641 1146 2696 et
1159 2634 1183 2708 i,
1198 2632 1231 2709 6,
1251 2633 1300 2709 18,
1315 2632 1439 2695 strictis

286 2769 359 2832 pro,
382 2748 478 2813 sectis
500 2749 712 2832 scripsissem.
759 2748 815 2813 Ne
839 2758 947 2813 tamen
965 2749 1106 2814 levitatis
1126 2750 1382 2833 temeritatisque
1404 2752 1439 2815 in

286 2864 461 2931 lectionum
480 2866 610 2931 delectu
626 2865 705 2929 rnihi
720 2864 849 2951 culpam
860 2865 1096 2944 contraherem,
1105 2890 1172 2932 non
1184 2866 1287 2932 solum
1297 2867 1437 2933 lectores

287 2984 329 3048 de
351 2982 499 3049 lectionis
515 2983 670 3047 varietate
697 2984 870 3068 diligenter
892 2986 927 3049 in
948 2986 1034 3051 notis
1055 2987 1175 3063 monui,
1197 2986 1257 3051 sed
1279 2986 1438 3051 rationem

287 3121 428 3184 quoque,
444 3122 503 3165 cur
523 3124 638 3167 novam
660 3104 814 3186 antiquoe,
830 3103 881 3167 vel
904 3105 1069 3187 antiquam
1091 3127 1183 3168 novae
1203 3103 1333 3169 lectioni
1353 3124 1437 3186 prae-

286 3216 415 3295 ferrem,
437 3238 563 3304 semper
585 3220 709 3285 addidi.
755 3220 888 3285 Horatii
908 3222 1070 3286 editorum
1090 3230 1124 3286 et
1138 3221 1274 3287 aliorum
1294 3222 1436 3285 viromm

286 3336 469 3414 doctorum,
482 3360 512 3401 v.
523 3359 552 3402 c.
566 3336 755 3403 Marklandi
770 3338 882 3423 Epod.
899 3341 930 3415 2,
944 3340 997 3416 27,
1012 3340 1207 3423 conjecturis
1222 3350 1291 3403 tum
1306 3340 1435 3403 demum

273 3436 661 3540 [locumrelinquendum
684 3478 757 3522 esse
780 3459 904 3535 censui,
928 3479 1013 3534 cum,
1033 3458 1073 3521 iis
1096 3458 1249 3542 receptis,
1272 3466 1434 3541 apertum,

284 3592 349 3653 quo
361 3570 533 3639 laborabat
549 3576 664 3652 oratio,
681 3574 849 3641 tolleretur
863 3576 986 3639 vitium.
1031 3575 1072 3639 In
1086 3596 1152 3639 uno
1173 3574 1257 3651 loco,
1271 3575 1315 3651 iv,
1330 3576 1363 3652 8,
1381 3575 1432 3653 17,

281 3688 340 3772 qui
355 3710 375 3751 a
389 3692 623 3757 recentioribus
639 3692 872 3777 interpretibus
895 3701 933 3756 ut
952 3691 1044 3758 locus
1065 3701 1237 3776 suspectus
1252 3701 1286 3756 et
1302 3694 1432 3777 spurius

282 3806 439 3871 asterisco
464 3818 595 3873 notatus
620 3809 693 3886 fuit,
720 3810 865 3875 mihimet
888 3810 951 3893 ipsi
973 3810 1108 3875 liberius
1132 3809 1264 3886 indulsi,
1287 3818 1332 3886 et,
1353 3832 1433 3877 voce

282 3924 429 3989 incendia
448 3926 481 3989 in
504 3926 664 4010 stipendia
687 3936 822 4003 mutata,
840 3927 1072 4005 difficultatem,
1088 3950 1154 4011 qua
1173 3927 1227 3991 hic
1246 3927 1337 3992 locus
1359 3950 1434 4014 pre·

282 4042 443 4120 mebatur,
467 4045 598 4109 removi.
645 4044 813 4110 Praeterea
838 4066 901 4130 ego
924 4046 995 4131 ipse
1018 4048 1052 4111 in
1073 4055 1168 4111 textu
1190 4044 1271 4111 nihil
1297 4047 1432 4123 tentavi,

281 4160 344 4222 nisi
366 4160 456 4243 quod
473 4162 519 4240 iii,
534 4166 567 4241 2,
584 4164 605 4226 5
624 4164 816 4248 particulam
838 4174 890 4241 et,
904 4186 979 4248 quae
1001 4164 1081 4229 mihi
1102 4164 1268 4249 superflua
1290 4164 1337 4228 ibi
1358 4186 1431 4228 esse

281 4275 465 4356 videbatur,
492 4280 664 4345 delendam
693 4283 814 4345 curavi.
867 4282 907 4346 In
935 4283 1143 4366 conjecturis,
1172 4303 1253 4364 quas
1281 4282 1315 4346 in
1344 4281 1430 4345 notis

279 4396 447 4479 proposui,
471 4418 536 4463 una
557 4409 607 4463 est
630 4398 813 4485 Epod.17,
836 4399 889 4477 81,
911 4422 986 4485 quas
1009 4424 1074 4465 non
1097 4399 1187 4477 mihi,
1212 4399 1271 4465 sed
1290 4398 1430 4463 Amicis·

1568 1918 1570 1987 l
