3150 5200
292 354 358 417 484
672 344 1066 412 EPISTOLARUM

381 503 551 580 Delectat;
576 504 603 565 si
618 513 651 566 te
665 501 772 586 pulvis
788 502 1009 584 strepitusque
1023 507 1179 571 rotarum,

382 606 418 668 Si
432 606 522 669 laedit
537 627 702 688 caupona;
725 603 935 667 Ferentinum
950 602 997 664 ire
1008 599 1144 683 jubebo.

379 707 469 771 Nam
483 729 589 789 neque
605 706 761 769 divitibus
776 704 969 786 contingunt
984 700 1105 785 gaudia
1120 698 1215 776 solis;

319 809 361 870 10
381 807 455 871 Nec
471 808 552 870 vixit
564 807 657 882 male,
674 808 730 889 qui
745 817 841 869 natus
857 805 1062 885 moriensque
1077 800 1201 865 fefellit.

381 910 417 974 Si
432 911 589 995 prodesse
604 910 680 985 tuis,
696 908 859 992 pauloque
875 906 1046 989 benignius
1063 904 1169 987 ipsum

382 1011 434 1076 Te
449 1023 588 1075 tractare
603 1010 703 1086 voles,
719 1008 855 1072 accedes
871 1008 975 1071 siccus
989 1006 1029 1068 ad
1045 1015 1189 1068 unctum.

384 1113 420 1176 Si
435 1113 612 1198 pranderet
627 1111 697 1175 olus
712 1111 885 1194 patienter,
901 1108 1034 1191 regibus
1049 1107 1098 1168 uti

383 1213 497 1278 Nollet
511 1211 712 1297 Aristippus.
759 1211 796 1274 Si
810 1211 907 1274 sciret
921 1209 1053 1293 regibus
1067 1207 1126 1283 uti,

323 1316 363 1378 15
385 1315 562 1379 Fastidiret
577 1315 659 1391 olus,
677 1314 733 1397 qui
747 1335 799 1376 me
814 1322 915 1374 notat.
962 1310 1078 1373 Utrius
1093 1308 1208 1371 horum

384 1416 498 1480 Verba
512 1418 632 1500 probes
647 1426 681 1479 et
696 1415 793 1490 facta,
810 1414 909 1489 doce;
933 1411 983 1475 vel
993 1411 1104 1495 junior
1119 1409 1208 1484 audi,

385 1518 454 1581 Cur
469 1519 510 1579 sit
525 1518 689 1601 Aristippi
703 1516 812 1600 potior
828 1514 1003 1577 sententia:
1027 1533 1166 1593 namque

385 1617 577 1682 Mordacem
593 1619 751 1702 Cynicum
764 1618 810 1680 sic
826 1615 991 1691 eludebat,
1007 1624 1043 1676 ut
1058 1614 1166 1675 aiunt:

386 1719 525 1783 Scurror
539 1743 601 1803 ego
616 1721 688 1803 ipse
702 1717 792 1792 mihi,
808 1716 930 1800 populo
946 1726 998 1779 tu:
1024 1714 1143 1778 rectius
1158 1713 1221 1777 hoc
1235 1723 1269 1776 et

319 1823 364 1885 20
385 1821 595 1905 splendidius
609 1819 710 1883 multo
723 1829 792 1882 est:
816 1841 920 1901 equus
935 1829 971 1881 ut
985 1840 1035 1880 me
1050 1825 1170 1900 portet,
1186 1815 1251 1878 alat
1267 1836 1336 1889 rex,

387 1922 541 1986 Officium
555 1921 650 1985 facio.
696 1920 752 1983 Tu
765 1921 874 2003 poscis
890 1920 965 1983 vilia
979 1940 1086 1981 rerum

387 2024 498 2087 Dante
512 2024 626 2098 minor,
643 2022 788 2105 quamvis
804 2020 869 2083 fers
885 2031 918 2084 te
933 2020 1051 2083 nullius
1066 2030 1225 2102 egentem.

388 2125 503 2189 Omnis
519 2123 725 2212 Aristippum
740 2122 850 2186 decuit
866 2119 1001 2185 coloret
1016 2131 1120 2185 status
1135 2131 1168 2184 et
1183 2142 1248 2196 res,

387 2227 585 2291 Tentantem
598 2226 720 2309 majora
735 2224 814 2299 fere,
831 2224 1048 2307 praesentibus
1063 2244 1201 2305 aequum.

322 2331 365 2393 25
387 2328 520 2403 Contra,
537 2349 634 2410 quem
648 2325 771 2409 duplici
786 2346 895 2407 panno
910 2324 1067 2407 patientia
1081 2323 1176 2399 velat,

301 2462 405 2525 quietem
422 2470 447 2510 et
461 2462 533 2510 dulce
543 2462 626 2517 otium,
643 2460 717 2509 vitam
734 2467 814 2507 autem
831 2473 859 2506 ea
890 2460 1005 2519 prandere
1026 2458 1145 2504 luscinias.
1190 2457 1318 2513 Putisarer,
1347 2473 1376 2506 ea
1399 2474 1451 2521 qua

301 2540 356 2587 quse
367 2524 411 2572 tibi
422 2524 550 2588 ingratast
562 2526 663 2573 molesta
678 2532 743 2580 sunt,
759 2522 858 2571 vehicu-
892 2520 961 2569 decet
982 2519 1149 2586 philosophum
1174 2520 1322 2569 continentis
1348 2531 1373 2570 et
1392 2522 1450 2587 pati·

300 2587 376 2636 lorum
395 2588 421 2636 in
436 2590 495 2638 urbe
511 2590 645 2655 strepitum,
661 2589 791 2638 excitatum
805 2584 858 2652 pul·
892 2586 966 2634 entia.
1008 2586 1109 2650 Regibus
1116 2603 1124 2642 ,·
1152 2582 1194 2631 diu
1221 2584 1285 2632 enim
1315 2585 1452 2652 Aristippus

301 2667 388 2707 rerem,
401 2652 516 2701 clamores
530 2653 556 2700 in
573 2653 697 2717 cauponis,
709 2668 762 2715 age,
775 2651 859 2699 secede
891 2651 1045 2714 (Cyrenaeus,
1067 2664 1186 2697 summum
1214 2649 1303 2696 bouum
1330 2651 1452 2716 voluptate

301 2715 470 2775 Ferentinum
498 2732 547 2764 non
571 2716 629 2763 solis
656 2717 719 2763 enim
746 2714 861 2762 divitibus
891 2714 1014 2776 metiens,)
1037 2714 1064 2761 in
1091 2712 1148 2760 aula
1173 2712 1286 2777 Dionysii
1311 2715 1453 2778 Syracusani

300 2793 415 2827 concessa
424 2789 461 2826 est
471 2780 580 2843 voluptas
595 2796 649 2843 qua
666 2779 691 2826 in
709 2779 768 2826 locis
784 2795 859 2827 amoe·
894 2788 998 2826 versatus
1008 2787 1052 2825 est.

301 2843 339 2889 uis
350 2842 492 2908 percipitur;
509 2852 535 2890 at
551 2842 572 2890 si
588 2842 685 2890 familia
701 2851 750 2890 tue
761 2842 859 2890 rationi·
927 2844 966 2890 15.
985 2843 1031 2895 Qut
1044 2860 1077 2890 ms
1087 2849 1160 2898 nnat,
1173 2841 1303 2904 Diogenes.

301 2907 347 2953 bus
357 2907 489 2962 consulere,
506 2916 530 2955 at
546 2913 615 2954 tuum
632 2906 707 2971 ipsius
721 2905 793 2954 simul
809 2921 860 2953 cor·
928 2907 967 2953 18.
996 2906 1126 2954 llordacsm
1155 2907 1267 2967 Cynicum
1287 2909 1320 2954 stc
1338 2909 1453 2962 eludebat,

301 2985 347 3034 pus
368 2971 465 3019 mollius
486 2985 568 3020 curare
589 2969 663 3025 voles,
686 2985 739 3032 age,
759 2969 863 3018 concilia
894 2969 1038 3018 maledicum
1056 2968 1143 3034 Cynici
1157 2969 1252 3018 dentem
1266 2968 1301 3017 sic
1314 2970 1452 3034 effugiebat,

300 3034 344 3082 tibi
356 3034 462 3092 divitem,
476 3035 515 3084 ubi
526 3034 616 3082 lautius
628 3034 723 3082 vivitur.
757 3033 862 3080 Primum
894 3033 919 3080 h.
931 3049 953 3082 e.
969 3033 999 3081 ad
1014 3033 1131 3082 maledica
1143 3033 1230 3096 Cynici
1243 3034 1315 3082 verba
1325 3035 1452 3102 respoude-

300 3100 326 3146 s'u
344 3101 430 3157 imum,
450 3099 514 3164 apud
531 3114 583 3150 nos.
595 3098 626 3146 ad
643 3099 767 3163 septimam
785 3112 815 3144 us
832 3113 862 3144 ue
894 3097 1001 3146 bethoc.

302 3161 391 3210 boram.
436 3164 594 3217 Ferentinum,
623 3177 721 3226 parvum
744 3171 769 3209 et
789 3113 831 3208 inl

302 3241 377 3290 quens
389 3226 453 3336 sppud
465 3226 583 3275 Hernicos
594 3226 717 3291 oppidum.
895 3240 940 3288 ego
959 3225 1050 3273 artibus
1068 3225 1126 3272 meis
1146 3225 1285 3274 scurrilibus
1303 3226 1329 3274 in
1348 3243 1452 3276 commo·

336 3292 375 3337 10.

852 3187 861 3197 -
930 3163 967 3210 19.
983 3163 1082 3210 Scurrae
1102 3177 1141 3225 ego
1157 3165 1204 3223 ipss
1226 3165 1290 3219 milti,
1307 3167 1393 3225 populo
1413 3175 1453 3212 tu:
1548 3165 1549 3212 1

414 3290 498 3354 psaltis,
514 3305 549 3338 sc.
563 3289 643 3337 lucem
659 3289 791 3354 publicam,
803 3288 828 3335 b.
840 3304 862 3336 e.
894 3288 951 3336 dum
969 3305 1047 3338 meum
1065 3290 1160 3354 placere
1177 3290 1453 3354 studeopoteutioribus.
1548 3275 1549 3344 1

301 3350 374 3400 latuit
390 3352 415 3400 in
434 3355 550 3401 obscuro:
560 3353 650 3416 jbltere
664 3352 801 3427 simpliciter
811 3367 862 3426 pro,
895 3359 920 3400 tu
933 3353 1097 3418 philosophice
1112 3353 1252 3402 scurrilitate
1267 3355 1363 3419 placere
1374 3357 1454 3405 studes
1548 3353 1549 3400 3

303 3414 385 3470 latere,
409 3416 473 3480 apud
494 3416 606 3465 Tacitum
628 3417 653 3464 iu
670 3432 744 3471 nmis,
765 3431 862 3480 saeptus.
896 3417 1001 3481 populo;
1024 3417 1086 3466 salse
1102 3425 1183 3465 autem
1202 3417 1371 3484 philosophum
1390 3437 1455 3468 scur-

303 3477 416 3526 Ceterum
441 3489 523 3528 uotum
547 3488 583 3528 est
599 3479 643 3527 illu
677 3479 859 3545 Epicureorum,
891 3484 943 3528 rura
965 3481 1032 3529 dicit.
1074 3481 1175 3530 Vossius
1197 3483 1290 3545 egregie
1313 3485 1392 3540 vertit,
1421 3487 1456 3534 iel

301 3540 361 3590 λάθε
371 3543 474 3605 βιώσας.
893 3545 1038 3608 qufscltrcnss
1050 3548 1094 3592 mir
1104 3547 1184 3600 selber,
1193 3549 1243 3593 desa
1258 3548 1312 3594 Voils
1323 3549 1367 3594 dra.

338 3608 377 3653 ll.
394 3608 531 3671 Benlguius,
544 3609 604 3656 refer
615 3608 723 3673 inprimis
734 3608 764 3656 ad
775 3608 861 3671 largio·
927 3610 968 3655 22.
996 3609 1073 3656 Dante
1092 3611 1173 3665 minor,
1190 3610 1286 3658 interior
1302 3626 1331 3659 eo
1346 3611 1390 3684 qui
1405 3613 1455 3668 dat,

302 3683 351 3717 rem
361 3671 486 3733 epularum
497 3671 599 3736 copiam.
894 3671 960 3720 danti
971 3671 1146 3736 quodammodo
1160 3673 1283 3738 subjectus
1294 3693 1301 3733 ;
1319 3673 1456 3742 philosophi

338 3734 376 3781 12.
401 3735 488 3790 Sicera,
512 3735 553 3799 qui
577 3736 655 3785 adhuc
677 3736 758 3784 vixisti
781 3751 860 3800 parce,
893 3737 956 3783 enim
974 3737 1142 3784 mendicabant
1158 3735 1207 3786 lere
1229 3753 1413 3802 nonnunquam,
1432 3751 1456 3788 st
1548 3787 1549 3790 ,

303 3796 433 3860 frugaliter,
448 3799 536 3846 sobrie.
580 3801 639 3865 Sup.
656 3800 705 3848 Od.
724 3801 756 3854 iv,
774 3803 799 3855 5,
821 3801 860 3854 39,
894 3814 980 3848 scurrae
989 3799 1076 3848 mensis
1087 3799 1198 3848 ditiorum
1207 3801 1391 3851 adhibebantur.
1548 3833 1549 3864 ,

302 3863 366 3908 siccis
385 3863 496 3923 (sobriis)
512 3872 665 3928 opponuntur
678 3867 753 3918 uvidi,
765 3873 789 3910 et
800 3863 862 3928 apud
926 3866 1032 3912 23-26.
1051 3865 1129 3912 Omnis
1141 3867 1294 3927 Aristippum,
1305 3875 1364 3916 cett.
1397 3869 1455 3916 Λή·
1548 3865 1549 3922 1

304 3923 357 3972 Cic.
370 3926 430 3989 Agr.
442 3926 458 3981 i,
472 3928 494 3982 1,
510 3929 631 3975 vinolenti.
663 3930 700 3976 Ad
712 3927 860 3982 unctum,ad
892 3926 1132 3991 stippusadomnem
1144 3929 1262 3977 fortunam
1274 3939 1299 3978 et
1308 3946 1386 3979 rerum
1397 3947 1456 3980 con·
1548 3943 1549 3972 1

301 3986 409 4044 divitem,
429 3989 471 4053 qui
487 3989 577 4038 lautius
593 4001 618 4039 et
633 3991 779 4038 luxuriosius
794 3990 861 4038 vivit.
893 3991 1007 4039 ditionem
1026 3993 1138 4040 decenter
1153 4008 1179 4040 se
1201 3995 1341 4058 composuit,
1365 3995 1457 4059 majora
1548 4037 1549 4040 ,

303 4051 344 4099 De
360 4067 418 4101 voce
428 4063 520 4109 uswtsss,
538 4054 570 4101 cl.
587 4069 640 4120 sup.
656 4055 685 4102 ad
702 4054 778 4120 Epist.
789 4055 807 4109 i,
821 4057 860 4110 15,
894 4071 948 4102 vero
965 4055 1060 4118 assequi
1079 4057 1179 4104 tentavit
1196 4065 1221 4104 et
1239 4059 1365 4122 praesentia
1385 4076 1456 4132 equo

302 4116 343 4162 44.
894 4119 973 4167 animo
984 4120 1038 4167 tulis
1050 4136 1057 4177 ·,
1074 4129 1099 4168 at
1110 4120 1225 4184 Cynicus,
1238 4122 1280 4184 qui
1290 4122 1456 4187 philosophica

338 4180 376 4232 1³,
397 4181 435 4228 14.
458 4182 485 4227 st
500 4185 633 4243 pranderet,
650 4191 706 4230 cett.
741 4181 863 4244 Diogenes
896 4182 1010 4246 patientia
1021 4183 1254 4248 pallio,ecrassiore
1265 4201 1346 4250 pauno
1358 4186 1455 4236 conlec-

303 4241 421 4304 Cynicus,
448 4260 504 4292 cum
531 4245 661 4308 aliquando
688 4246 741 4295 olus
763 4246 862 4300 lavaret.
896 4253 928 4302 to,
949 4263 1000 4295 sese
1017 4247 1124 4303 involvit,
1144 4247 1183 4295 vix
1201 4247 1321 4305 decenter,
1339 4261 1407 4314 puto,
1425 4252 1456 4299 sd

302 4305 424 4371 Aristippo
452 4322 478 4355 se
505 4309 656 4372 praetereunti
678 4309 786 4357 lautioris
808 4310 862 4358 vitas
895 4309 995 4359 sonunae
1015 4311 1143 4376 quamdam
1164 4313 1320 4362 mutationem
1340 4329 1393 4363 sese
1414 4331 1456 4363 ac·

301 4382 378 4430 genus
398 4371 551 4435 exprobrasse
574 4371 662 4420 dicitur
683 4388 789 4422 sermone
818 4375 860 4438 qui
892 4374 1061 4424 commodabit.
1113 4377 1188 4432 Color,
1222 4386 1320 4425 externa
1354 4379 1456 4427 fortuna

302 4433 753 4498 sequimuvid.Diog.Laeu.ii,6s.
782 4439 859 4484 Pran—
892 4453 904 4484 s
935 4439 983 4488 cies
1004 4449 1027 4488 et
1047 4439 1166 4488 conditio:
1184 4456 1238 4505 sup.
1258 4443 1309 4490 Sat.
1327 4442 1353 4496 ii,
1373 4445 1396 4496 1,
1412 4443 1455 4495 60,

300 4495 374 4551 dms,
390 4497 531 4553 comederet,
549 4508 575 4546 ut
590 4515 643 4562 sup.
662 4502 713 4547 Sat.
731 4500 747 4556 i,
765 4503 789 4555 3,
802 4503 859 4557 245,
934 4505 1058 4565 inquirerit
1069 4505 1197 4552 oirccolor.
