3150 5200
722 303 1016 371 CARMINUM

514 463 626 527 Duces
641 461 702 524 sub
717 461 853 524 umbra:
876 480 937 523 nec
952 453 1131 520 Semeleius

557 565 640 627 Cum
655 562 765 626 Marte
781 559 960 625 confundet
973 557 1154 641 Thyoneus

598 662 737 729 Proelia:
760 685 821 727 nee
835 673 960 726 metues
975 670 1162 744 protervum

446 768 489 832 25
512 767 673 853 Suspecta
688 766 820 849 Cyrum,
836 786 877 828 ne
891 762 973 826 male
988 759 1112 845 dispari

513 869 755 933 lucontinentes
770 866 893 950 injiciat
907 886 1033 940 manus,

558 971 605 1034 Et
620 969 747 1034 scindat
761 967 939 1030 haerentem
953 987 1105 1030 coronam

597 1070 761 1146 Crinibus,
777 1067 1030 1150 immeritamque
1045 1077 1176 1132 vestem.

689 1307 897 1385 CARMEN
921 1316 1053 1383 XVIII.

735 1533 799 1581 AD
825 1531 1011 1580 VARUM.

384 1675 548 1751 Numan,
564 1673 665 1750 Vare,
682 1694 774 1737 sacra
788 1673 853 1736 vite
868 1672 959 1756 prius
975 1672 1096 1737 severis
1111 1674 1270 1748 arborem,

385 1779 482 1860 Circa
496 1779 572 1842 mite
590 1775 693 1841 solum
707 1774 844 1838 Tiburis
859 1783 892 1838 et
906 1774 1026 1838 moenia
1041 1773 1149 1838 Catili.

386 1879 488 1945 Siccis
504 1879 611 1943 omnis
624 1899 698 1940 nam
713 1877 797 1940 dura
811 1875 906 1939 Deus
921 1877 1110 1960 proposuit;
1133 1897 1239 1958 neque

298 2049 355 2097 letas
375 2053 432 2096 cett.
449 2061 493 2095 nec
511 2043 624 2092 Bacchus
640 2043 727 2092 hilares
745 2043 814 2108 jocos
832 2049 857 2091 et
888 2043 942 2090 mite
957 2045 1029 2090 solam
1046 2043 1139 2091 Tiburis
1155 2053 1178 2091 et
1194 2043 1275 2090 menia
1293 2042 1375 2098 (betti,
1386 2039 1452 2090 circa

297 2111 366 2160 lusus
382 2126 438 2158 cum
455 2108 542 2158 Martis
557 2108 648 2173 proeliis
664 2107 782 2164 miscebit,
797 2106 823 2155 h.
834 2121 856 2154 e.
889 2121 973 2170 agmm
981 2107 1197 2163 Tiburtinum,sub
1208 2104 1308 2153 mitioris
1319 2105 1380 2153 aeris
1390 2112 1450 2152 tem·

297 2191 342 2224 nec
360 2175 421 2223 inter
437 2173 493 2222 vina
510 2175 561 2221 rixa
577 2173 674 2221 orietur.
707 2172 827 2235 Ibycum
843 2186 858 2218 a
889 2170 954 2234 peria
970 2170 1051 2228 situm,
1062 2181 1087 2220 et
1103 2170 1200 2237 quidem
1218 2169 1351 2235 (particula
1367 2179 1390 2216 et
1401 2170 1452 2216 vim

298 2248 372 2287 matre
381 2239 490 2303 Thyone,
503 2246 531 2286 ut
540 2237 632 2286 Semele
647 2251 743 2301 quoque
755 2236 858 2284 vocaba·
890 2233 1028 2298 explicandi
1043 2235 1123 2292 habet,
1140 2235 1173 2283 cl.
1189 2250 1244 2298 sup.
1259 2232 1290 2283 ad
1306 2233 1315 2279 i
1336 2247 1410 2280 carm.
1425 2236 1451 2290 2,

298 2309 346 2360 tur,
360 2302 473 2351 Bacchus
482 2301 561 2349 dictus
572 2309 617 2348 est.
891 2313 914 2345 v.
927 2298 1039 2360 l),circa
1054 2299 1107 2364 ipsa
1118 2298 1214 2348 Tiburis
1229 2297 1329 2346 moenia.
1362 2297 1452 2345 Mania

330 2367 437 2440 ²⁵4⁰·
454 2363 628 2474 Suspectaffsi
643 2363 715 2440 Cyro,
728 2377 814 2440 nempe
829 2363 860 2410 ob
893 2361 975 2436 Catili,
998 2363 1080 2421 Tibur,
1102 2365 1134 2412 ab
1155 2379 1203 2436 uno
1220 2362 1283 2436 'ejus'
1302 2360 1451 2409 conditorum

299 2427 861 2554 :destiterutttttttflttt
891 2425 1452 2549 {little”tt.“.32..⁰ft.¹l.fi¹tdt¹²t.ltt

298 2555 429 2606 admodum
446 2553 602 2605 imbecilliori.
636 2554 805 2605 Inmntinenter
822 2557 860 2602 ιἰι-
893 2551 1106 2605 dissetraduntur:
1123 2557 1155 2605 cl.
1168 2555 1207 2605 He
1223 2552 1377 2627 neadVirg.
1390 2555 1453 2603 AEn.

292 2624 367 2683 jles'at
383 2636 477 2669 mnus:
494 2617 644 2668 hauddubie
658 2618 768 2677 similem,
781 2618 824 2667 ubi
834 2618 860 2667 in
893 2617 935 2675 vii,
948 2620 1005 2676 671,
1016 2622 1118 2669 Excurs.
1129 2619 1185 2668 viii:
1201 2572 1246 2667 Sil.
1258 2618 1315 2667 Ital.
1330 2618 1381 2674 visi,
1393 2619 1453 2676 366,

299 2684 409 2735 convivio
428 2684 532 2749 quodam
549 2682 660 2731 manibus
677 2699 728 2732 non
743 2692 860 2749 tempera·
894 2682 975 2740 Tibur,
989 2684 1169 2742 catinensem.
1202 2684 1291 2732 Noster
1306 2682 1409 2731 mediam
1427 2683 1454 2731 in

300 2757 366 2798 verat
392 2749 472 2813 Cyrus
497 2746 690 2804 incontinentius,
710 2747 760 2812 jam
786 2747 860 2796 semel
894 2745 994 2803 Cantas,
1006 2749 1067 2795 elisa
1076 2748 1157 2797 littera
1167 2754 1185 2805 t,
1197 2746 1319 2812 corripuit.

298 2812 605 2877 Tyndanssxpertalueret
643 2810 859 2877 tulantiam,quam
923 2812 997 2859 3-6.
1013 2813 1166 2861 Siccisomm'a
1174 2830 1228 2860 nrm
1238 2814 1309 2867 dura,
1320 2818 1376 2859 cett.
1385 2826 1453 2869 nam,

299 2876 415 2925 Horatius
442 2876 557 2941 respIcere
584 2874 684 2925 vietur.
729 2877 860 2925 Herentem
891 2874 933 2938 qui
953 2876 1008 2923 vino
1030 2876 1159 2934 abstinent,
1177 2877 1209 2924 ad
1227 2874 1300 2923 vitam
1323 2873 1453 2933 duriorem,

298 2958 402 2989 ecrmmm
429 2942 540 2997 crinibus,
568 2954 679 2988 coronam
711 2941 859 2989 convivalem
890 2936 1018 2987 hilaritatis
1033 2941 1130 3006 quippe,
1146 2956 1201 3005 quas
1214 2939 1271 2987 vino
1286 2939 1393 2997 debetur,
1409 2956 1454 2989 ex·

298 3004 452 3055 inhaerentem
477 3004 592 3061 crinibus,
615 3004 689 3053 caiti
714 3004 747 3052 im
779 3005 858 3053 sitam.
891 3011 1084 3068 parmasque
1094 3004 1205 3054 destinati
1217 3012 1283 3053 suut.
1309 3004 1391 3051 Steets:
1407 3007 1453 3053 eie·

299 3068 448 3125 immeritam,
459 3068 628 3128 innocentem
645 3020 722 3117 lhcete
736 3022 779 3118 ιζ)
780 3085 806 3118 re
819 3068 857 3116 iu·
889 3084 949 3124 essm,
967 3067 1008 3116 cui
1023 3084 1038 3115 o
1086 3068 1150 3117 nitur
1164 3071 1218 3116 aino
1236 3068 1350 3125 madidas,
1368 3070 1456 3116 uvidus

228 3170 229 3175 .
299 3133 413 3192 animata,
426 3134 498 3199 plane
512 3141 540 3181 ut
554 3132 597 3181 ins.
610 3134 660 3181 Sat.
671 3132 697 3191 ii,
709 3134 734 3189 3,
747 3135 771 3191 7,
782 3137 860 3195 paries
891 3131 950 3243 qius.
962 3130 994 3190 iv,
1002 3134 1026 3187 5,
1069 3133 1089 3193 ),
1101 3148 1157 3181 cum
1169 3130 1257 3181 Ovidia
1268 3132 1330 3179 Met.
1341 3147 1381 3187 xv,
1394 3132 1419 3188 3,
1427 3134 1453 3189 3,

298 3199 434 3247 ὶπιιιιεήῐιιι.
909 3195 988 3250 ixeris.
1006 3195 1048 3259 qui
1067 3197 1126 3244 Vina
1159 3200 1219 3260 ugit,
1234 3197 1365 3260 gaudetque
1384 3200 1455 3244 meris

444 3261 597 3312 CARntEN
616 3261 719 3310 XVIII.
892 3262 1013 3308 simmiste
1022 3263 1099 3309 undis.
1158 3277 1214 3323 eque
1224 3262 1303 3331 aliter,
1315 3274 1393 3322 neque
1404 3260 1454 3309 alio

340 3327 403 3375 Cum
420 3326 502 3373 Varus
518 3324 667 3397 (Epicureus
682 3324 732 3381 ille,
751 3332 779 3372 ut
796 3324 860 3373 vide·
893 3323 996 3373 remedio
1012 3324 1059 3372 nisi
1074 3323 1123 3374 vini
1138 3333 1214 3389 potu;
1230 3323 1338 3371 slmihter
1354 3322 1454 3388 Euripi-

298 3397 346 3444 tur,
357 3398 382 3437 et
397 3388 502 3438 Caesaris
516 3403 616 3445 amicus,
629 3388 701 3453 cujus
717 3387 861 3437 mentionem
893 3387 944 3445 des,
961 3388 1054 3436 Bacch.
1072 3404 1096 3437 v.
1113 3390 1171 3445 283,
1187 3387 1218 3437 de
1238 3388 1304 3444 vino,
1327 3385 1376 3435 οὐδ’
1401 3386 1454 3437 ἔστ’

300 3451 418 3509 Quinctil.
430 3452 462 3507 vi,
475 3454 498 3509 3,
512 3452 543 3499 73
561 3451 640 3515 lacit),
649 3452 700 3515 jam
717 3451 822 3501 serendis
836 3452 861 3500 in
893 3450 959 3501 ἄλλο
969 3452 1097 3517 φάρμακον
1109 3453 1204 3502 πόνων.
1232 3452 1454 3506 Mordueeemace-

300 3530 357 3578 agro
367 3515 494 3563 Tiburtino
506 3513 627 3564 arboribus
638 3532 694 3565 cum
706 3515 808 3564 maxime
823 3516 860 3563 in·
893 3525 981 3573 rantes,
1004 3525 1137 3581 pungentes
1164 3516 1271 3564 animum
1293 3514 1454 3588 (θυμοβόροι,

299 3586 380 3626 tentus
391 3586 470 3639 esset;
487 3586 565 3644 poeta,
577 3594 625 3643 prae
639 3580 723 3629 ceteris
735 3578 859 3628 arboribus
891 3578 1028 3644 desidentes,
1041 3579 1216 3645 denudarem:
1234 3579 1342 3628 similiter
1363 3579 1408 3628 ins.
1426 3580 1454 3635 ii,

300 3642 411 3691 omnibns
422 3642 477 3691 vitis
488 3641 593 3692 serendae
607 3658 688 3691 curam
704 3643 726 3692 ei
738 3660 859 3693 commen·
893 3646 933 3701 ll,
956 3646 995 3701 17,
1016 3648 1093 3694 edam
1113 3662 1182 3693 carus
1203 3643 1317 3709 dissipare
1338 3642 1455 3693 Bacchus

299 3705 407 3763 daturus,
430 3706 530 3756 breviter
552 3706 598 3753 hoc
624 3707 728 3756 carmine
752 3706 810 3765 vim,
832 3717 860 3757 ut
891 3706 987 3757 dicitur.
1021 3710 1121 3757 Grauem
1138 3711 1247 3757 mititiam
1262 3719 1305 3755 am
1319 3710 1455 3769 pauperiem

298 3770 457 3818 efficacissimi
468 3786 579 3819 curarum
589 3778 613 3818 et
623 3769 770 3834 egritudinis
784 3786 859 3820 reme·
891 3775 985 3835 crepat?
1000 3772 1026 3821 h.
1044 3788 1067 3821 e.
1083 3774 1179 3821 crebras
1197 3772 1228 3821 de
1244 3771 1306 3820 dura
1324 3769 1412 3818 militia
1429 3780 1456 3820 ct

299 3832 341 3889 dii,
359 3835 444 3883 laudes
459 3834 633 3899 complectitur.
666 3834 714 3883 Sed
732 3835 859 3901 prudenter
890 3845 1028 3900 paupertate
1040 3837 1150 3901 querelas
1162 3837 1241 3900 jacitt
1258 3851 1351 3896 crepare
1362 3836 1454 3898 aliquid

299 3897 343 3945 has
360 3898 444 3948 laudes
459 3907 583 3963 temperat,
601 3898 700 3963 adjectis
719 3899 789 3948 malis
805 3916 859 3964 qua
891 3902 904 3963 (
934 3905 1010 3957 οτεῖν,
1021 3900 1180 3965 κομπάζειν),
1192 3914 1256 3965 sape
1268 3898 1360 3963 aliquid
1371 3898 1396 3945 in
1413 3915 1454 3948 ore

298 3962 381 4010 vinum
396 3962 521 4013 immodice
538 3970 644 4035 sumtum
658 3963 724 4028 sequi
739 3963 826 4021 solent,
837 3972 861 4012 et
892 3917 979 4013 hhhere
992 3972 1017 4013 et
1030 3974 1143 4030 repetere,
1154 3973 1179 4013 et
1189 3965 1245 4012 hinc
1276 3963 1349 4011 assim
1363 3962 1395 4011 de
1409 3963 1454 4010 bo·

299 4024 334 4074 sic
353 4041 367 4075 a
387 4027 459 4076 nimio
475 4026 546 4076 simul
567 4026 617 4075 vin1
634 4034 701 4092 potu,
718 4043 791 4092 quem
807 4028 860 4093 ipse
892 4027 998 4077 minibus
1013 4029 1056 4092 qui
1075 4028 1234 4077 multaverba
1264 4042 1343 4076 euna
1355 4026 1441 4075 eadem

299 4090 457 4147 abominatur,
468 4092 584 4141 deterrere
595 4090 684 4140 studet.
707 4091 762 4141 Nisi
772 4099 858 4148 totum,
892 4107 940 4155 que
951 4108 977 4140 re
987 4108 1140 4155 magnacum
1149 4090 1248 4165 strepitu
1258 4089 1388 4140 effutiendo
1400 4092 1455 4139 aliis

299 4162 362 4203 certe
379 4154 473 4203 initium
493 4155 566 4220 hujus
584 4156 706 4213 carminis,
721 4171 859 4222 expressum
892 4155 1025 4205 molestiam
1036 4166 1132 4205 creant:
1150 4157 1182 4205 cl.
1194 4156 1238 4203 ml.
1251 4154 1327 4219 Epist.
1338 4154 1355 4210 i,
1367 4155 1392 4210 7,
1404 4157 1455 4212 84,

299 4226 336 4267 est
356 4235 385 4267 ex
408 4218 500 4277 Alcaeo,
521 4219 591 4284 cujus
613 4219 633 4266 lr
689 4229 771 4270 entum
795 4220 860 4285 apud
893 4221 943 4267 Sat.
961 4219 987 4277 ii,
1002 4223 1027 4276 3,
1043 4222 1084 4279 33,
1101 4230 1126 4269 et
1141 4221 1166 4268 in
1184 4219 1263 4285 Epist.
1278 4218 1309 4266 ad
1327 4218 1378 4265 Pis.
1392 4220 1454 4267 247.

299 4282 445 4331 Athenaeum
468 4300 492 4339 x,
513 4285 537 4339 8,
557 4282 591 4330 sic
612 4298 638 4333 se
675 4286 746 4333 abet:
774 4284 860 4345 Μηδὲν
894 4285 952 4338 Quis
968 4288 1142 4346 nortepertus
1157 4300 1192 4333 sc.
1204 4282 1293 4348 crepat,
1304 4292 1329 4330 et
1341 4282 1389 4329 boc
1400 4282 1453 4346 jam

298 4348 362 4395 ἄλλο
386 4346 506 4413 φυτεύσῃς
532 4347 654 4412 πρότερον
679 4347 794 4412 δένδρεον
812 4350 860 4413 ἀμ·
892 4364 942 4412 pro,
967 4348 1053 4397 iterum
1074 4348 1208 4413 iterumque
1229 4345 1322 4395 laudat.
1356 4346 1454 4404 Decesse,

300 4410 378 4475 πέλῳ.
892 4412 924 4460 ad
940 4412 1076 4469 amabilem,
1089 4428 1143 4475 qua
1156 4414 1275 4462 Venerem
1291 4409 1415 4474 componit
1429 4419 1455 4460 et

333 4475 356 4530 l,
378 4476 403 4523 2.
436 4476 516 4531 Sacra,
540 4474 636 4523 Baccho
659 4490 753 4540 nempe.
792 4476 860 4524 Circa
891 4476 1052 4540 subsequitur,
1062 4476 1164 4543 gratiam
1174 4476 1315 4526 etdecorem
1325 4472 1393 4523 refer.
