3150 5200
278 352 343 418 las
657 345 1048 413 EPISTOLARUM

367 504 505 567 Nodosa
519 524 638 586 corpus
654 501 736 564 nolis
752 499 927 585 prohibere
942 498 1110 581 cheragra.

367 604 431 667 Est
446 605 587 688 quadam
600 604 732 688 prodire
748 612 855 678 tenus,
872 602 899 663 si
914 622 978 664 non
994 598 1091 663 datur
1107 595 1201 660 ultra.

367 705 486 769 Fervet
501 706 634 769 avaritia
648 705 831 785 miseroque
848 700 1001 785 cupidine
1015 700 1154 782 pectus?

366 806 452 870 Sunt
466 807 564 871 verba
580 815 614 869 et
629 826 736 880 voces,
752 804 873 886 quibus
888 802 976 865 hunc
989 800 1090 865 lenire
1105 798 1250 863 dolorem

301 908 345 973 35
367 908 491 985 Possis,
507 918 540 971 et
554 927 703 991 magnam
716 905 822 968 morbi
836 905 1002 987 deponere
1017 910 1154 984 partem.

367 1008 492 1072 Laudis
506 1030 614 1073 amore
630 1009 756 1071 tumes?
781 1016 858 1068 sunt
872 1015 962 1069 certa
974 1001 1114 1087 piacula,
1129 1022 1203 1084 quoe
1218 1011 1252 1063 te

367 1109 436 1174 Ter
451 1131 533 1193 pure
548 1108 634 1173 lecto
649 1116 805 1191 poterunt
819 1126 966 1170 recreare
980 1102 1100 1167 libello.

366 1208 512 1287 Invidus,
529 1210 716 1285 iracundus
733 1209 831 1284 iners,
847 1208 991 1281 vinosus,
1006 1205 1151 1268 amator?

366 1310 474 1375 Nemo
490 1311 573 1374 adeo
588 1310 677 1375 ferus
691 1319 753 1385 est,
769 1318 885 1371 utnon
900 1306 1070 1369 mitescere
1087 1303 1203 1387 possit,

300 1411 344 1475 40
367 1410 514 1476 simodo
530 1411 666 1475 culturae
680 1411 858 1494 patientem
873 1407 1055 1472 commodet
1069 1426 1191 1468 aurem.

365 1510 481 1575 Virtus
497 1523 548 1576 est
563 1513 674 1575 vitium
690 1510 816 1593 fugere,
832 1520 866 1573 et
881 1508 1040 1593 sapientia
1054 1506 1159 1590 prima

367 1611 513 1677 Stultitia
527 1613 680 1677 caruisse.
726 1609 844 1687 Vides,
860 1633 934 1693 quae
948 1609 1087 1672 maxima
1101 1605 1208 1671 credis

367 1711 453 1776 Esse
467 1712 561 1791 mala,
578 1714 733 1797 exiguum
747 1734 892 1788 censum,
908 1722 1100 1795 turpemque
1116 1707 1291 1792 repulsam,

367 1812 500 1886 Quanto
516 1813 640 1878 devites
653 1815 749 1877 animi
764 1814 945 1897 capitisque
959 1812 1088 1876 labore:

302 1914 345 1977 45
367 1912 510 1999 Impiger
525 1925 687 1979 extremos
701 1914 806 1978 curris
820 1923 980 1978 mercator
994 1913 1037 1976 ad
1052 1910 1165 1987 Indos,

367 2013 433 2078 Per
447 2036 534 2079 mare
551 2016 739 2099 pauperiem
754 2014 895 2099 fugiens,
910 2036 971 2097 per
985 2036 1074 2089 saxa,
1091 2034 1150 2096 per
1165 2013 1276 2094 ignes:

280 2216 331 2275 runi
343 2208 447 2257 tuorum,
459 2200 539 2249 minus
554 2209 686 2277 acutorum,
698 2216 780 2251 curam
796 2202 837 2248 ab·
870 2214 939 2264 posse
959 2199 1119 2274 putabantur:
1141 2197 1192 2247 vid.
1215 2195 1371 2269 Lambinum,
1392 2194 1436 2268 qui

278 2264 839 2395 ttt‘n.i’.t.l;ttt‚⁰it⁰.¹¹:t‘;{tttitt
871 2270 1132 2391 tttttttitbtt
1145 2260 1435 2389 §diffiniti

280 2393 321 2441 90.
357 2392 454 2465 Inungi,
477 2408 513 2441 sc.
536 2392 649 2458 collyriis.
682 2393 730 2441 Per
753 2394 842 2454 lippum
872 2390 1014 2457 θελκτήριον
1029 2387 1294 2451 Φανήσεταίτετῆςδε
1305 2388 1436 2454 φάρμακον

224 2518 225 2521 ¹
281 2469 328 2503 non
351 2454 460 2517 intelligo
486 2472 528 2521 pro
545 2456 579 2506 rie
605 2457 639 2505 ita
664 2458 695 2505 ab
719 2455 842 2505 oculorum
874 2455 957 2505 νόσου.

281 2517 362 2565 morbo
381 2516 481 2573 dictum,
502 2474 545 2568 sed
563 2521 642 2569 minus
660 2529 753 2569 tantum
772 2527 843 2567 acute
906 2520 946 2569 ³5.
967 2518 1052 2575 Morbi,
1063 2518 1187 2576 averium
1203 2519 1302 2573 morbus,
1315 2524 1343 2588 iit
1351 2516 1434 2573 νόσος,

280 2588 415 2630 cernentem
429 2599 436 2639 ;
462 2583 538 2644 lippus
560 2583 624 2632 enim
644 2584 694 2649 jain
717 2582 843 2650 opponitur
873 2583 902 2632 de
913 2582 976 2632 vitiis
987 2582 1126 2633 hominurn:
1145 2582 1176 2632 el.
1187 2599 1241 2648 sup.
1253 2582 1305 2629 Sat.
1317 2578 1343 2636 ii,
1355 2580 1379 2638 3,
1391 2580 1435 2636 37,

281 2645 302 2692 L
319 2659 381 2692 noco.
414 2645 512 2694 Scilicet
532 2648 655 2704 Horatius,
676 2657 703 2696 ut
721 2649 771 2713 jam
788 2663 842 2711 sup.
873 2649 966 2696 sitos.

323 2709 373 2756 Sat.
384 2708 401 2766 i,
417 2711 439 2764 l,
453 2711 507 2765 120,
519 2719 544 2758 et
554 2713 605 2758 Sat.
617 2712 634 2766 i,
645 2714 670 2767 5,
682 2713 714 2760 30
728 2710 843 2774 suspicati
905 2712 946 2768 36,
959 2712 1000 2760 37.
1018 2711 1113 2760 Tunes?
1130 2709 1283 2776 provulgari,
1296 2708 1382 2773 plenus
1393 2707 1435 2754 est

280 2787 371 2828 sumus,
383 2787 412 2821 ex
425 2773 493 2820 nulla
510 2773 558 2822 alia
571 2789 644 2822 causa
656 2783 704 2822 tam
719 2790 783 2840 sepe
796 2776 841 2836 lip·
873 2790 887 2823 s
904 2773 986 2823 'tarisl
1001 2774 1074 2824 etsie
1091 2784 1166 2822 tumor
1181 2773 1211 2822 de
1228 2774 1312 2838 quavis
1328 2771 1436 2835 graviore

277 2851 361 2897 poi-uin
381 2837 524 2886 mentionem
544 2837 628 2886 iecisse
646 2838 747 2892 videtur,
768 2854 842 2911 quani
935 2839 999 2888 tione
1014 2838 1326 2903 etcupiditate,qiiatotns
1339 2835 1436 2884 animus

280 2908 307 2948 ut
322 2899 475 2956 advenarios,
488 2900 637 2967 lippitudinis
647 2901 729 2950 vitium
741 2901 786 2964 ipsi
797 2917 839 2950 ex·
871 2905 1016 2952 intumescit:
1033 2902 1081 2951 vid.
1100 2903 1225 2950 Bentleiiis
1242 2902 1287 2949 int.
1304 2901 1337 2948 ad
1355 2899 1436 2963 Epist.

279 2963 425 3028 promentes,
435 2965 465 3014 de
475 2964 519 3014 hoc
531 2964 633 3014 absurdo
643 2964 744 3014 convicii
756 2980 842 3026 genere
872 2965 904 3014 ad
922 2967 1007 3014 Pinv.
1022 2968 1077 3015 197.
1110 2966 1171 3014 Sunt
1187 2976 1248 3014 certa
1265 2966 1435 3027 piaculaque

281 3026 375 3076 rideret.
873 3039 903 3086 ts,
915 3039 971 3079 cett.
984 3039 1041 3078 sunt
1051 3037 1116 3079 certa
1131 3029 1244 3084 remedia,
1256 3030 1345 3093 quibus
1356 3027 1436 3075 laudis

311 3093 353 3140 30.
371 3091 456 3141 Inuicti
470 3093 593 3157 Glyconis:
613 3092 704 3142 videtur
719 3093 793 3156 Glyco
803 3093 841 3140 fii·
873 3093 1092 3158 cupiditatemque
1102 3102 1185 3158 pectus
1196 3101 1264 3142 tuum
1274 3101 1435 3166 turgetcom-

279 3155 326 3205 isse
346 3155 433 3204 nobilis
449 3157 591 3213 athleta,ob
607 3155 711 3222 corpoiis
728 3158 801 3205 robur
816 3164 841 3206 et
872 3173 968 3220 pesceie
979 3165 1004 3206 et
1012 3158 1166 3222 comprimere
1177 3167 1252 3222 potes,
1264 3171 1353 3220 sapius
1367 3154 1435 3203 scili-

278 3217 411 3268 vastitatem
423 3220 535 3269 invictus.
872 3229 911 3269 cet
920 3231 945 3270 et
955 3237 1013 3286 puro
1024 3221 1104 3269 aniino
1114 3221 1215 3285 legendo
1224 3220 1318 3268 libellos
1327 3219 1435 3283 pbiloso-

311 3283 352 3330 31.
370 3283 467 3340 Nodosa,
484 3284 608 3342 tuberosa3
629 3283 663 3332 sic
684 3283 747 3347 apud
767 3283 840 3333 Ovid.
873 3284 982 3348 phorum,
994 3300 1095 3349 quorum
1113 3284 1237 3350 preceptis
1256 3299 1326 3348 reque
1339 3298 1369 3331 iic
1381 3280 1435 3348 pia·

281 3345 318 3392 Ex
330 3344 403 3394 Pont.
415 3347 432 3403 i,
445 3348 469 3401 3,
482 3347 523 3402 2³,
533 3350 637 3410 pnlcgrn
649 3345 736 3395 dicitur
746 3350 839 3395 nodoso.
872 3348 934 3396 culis
944 3349 1039 3413 purgari
1050 3357 1121 3412 etque
1132 3348 1223 3460 expiari
1233 3356 1310 3413 potes.

311 3409 351 3456 32.
370 3409 411 3456 Est
437 3413 521 3457 indam
532 3413 633 3472 prodire,
646 3418 703 3459 cett.
712 3411 770 3460 licet
781 3413 839 3475 (ert,
904 3413 946 3461 38.
957 3414 1061 3468 Amator,
1070 3412 1112 3477 qui
1120 3429 1162 3461 mii
1173 3412 1233 3462 ieres
1242 3418 1355 3468 sectatur,
1363 3409 1437 3458 bomo

279 3471 331 3520 ἔστι
349 3486 400 3546 pic,
412 3427 502 3546 idean)
521 3472 551 3521 ad
568 3483 659 3523 certum
678 3489 754 3546 iisque
769 3476 841 3523 linem
873 3475 1024 3524 libidinosus.

295 3535 395 3609 regredi,
415 3552 435 3583 si
457 3537 556 3586 ulterius
577 3536 684 3603 progredi
707 3553 755 3586 non
776 3538 841 3588 licet.
907 3541 948 3588 40.
967 3541 1081 3597 Cultura,
1093 3540 1225 3605 preceptis,
1237 3539 1325 3604 quibus
1339 3537 1438 3586 animus

329 3607 418 3648 tionem
435 3603 534 3663 qaedam
546 3611 620 3658 tenni,
633 3602 777 3668 provulgari
794 3604 842 3651 lec·
873 3604 1003 3652 excolatur.

278 3661 341 3710 tione
363 3665 460 3736 quodum
483 3665 520 3713 vel
542 3668 655 3728 quoddam
677 3676 751 3724 tenses,
774 3675 837 3716 recte
902 3669 942 3715 43.
960 3667 1077 3731 Exiguum
1096 3685 1196 3723 censum,
1214 3667 1327 3731 exiguum
1345 3666 1379 3714 rei
1397 3664 1434 3713 ia·

279 3724 384 3774 defendit
403 3727 544 3788 Bentleius3
562 3738 627 3778 tenus
642 3729 716 3784 enim,
728 3730 770 3778 ubi
783 3746 837 3797 pro·
869 3730 969 3779 militiis
978 3730 1090 3778 modum:
1107 3748 1185 3780 cenem
1195 3734 1277 3786 tresis,
1284 3746 1339 3794 sup.
1348 3727 1397 3776 od.
1406 3727 1436 3784 ii,

279 3789 416 3838 nominibus
429 3791 547 3856 jungitur,
565 3792 696 3840 ablativum
714 3794 739 3840 in
753 3809 839 3857 genere
873 3797 912 3849 tt,
926 3795 973 3853 i³;
990 3811 1068 3842 censui
1084 3798 1170 3850 tennis,
1182 3795 1225 3842 int.
1237 3795 1315 3859 Epist.
1325 3793 1343 3849 i,
1355 3793 1380 3847 7,
1391 3793 1435 3840 56.

278 3851 392 3902 feminino
410 3854 492 3932 exigit,
510 3855 581 3904 utin
600 3857 716 3913 hamensis,
736 3869 838 3915 eotenus,
904 3860 945 3906 44.
963 3859 1061 3920 Capitis,
1079 3858 1152 3918 vitm
1168 3859 1225 3908 liiiic
1246 3855 1387 3930 apudlLiv.
1406 3855 1435 3912 ii,

278 3920 839 4048 {titiitlt'stttid‘ittttttt}
871 3920 1435 4050 strictitudinem.

279 4044 433 4120 Huicsimilis
444 4049 618 4110 quadamtenus,
629 4067 677 4112 que
690 4050 839 4112 roceturCy·
872 4049 967 4097 Livium
988 4049 1077 4123 passim
1094 4051 1180 4097 iuberes
1199 4059 1224 4099 et
1242 4051 1346 4112 periculo
1360 4048 1435 4112 jungi

275 4109 442 4220 pndldfimliilda
461 4184 483 4222 et
500 4191 577 4224 uoces:
599 4175 755 4241 philosophiis
778 4190 838 4240 prm·
872 4113 1435 4239 ffiffl25113btvifi÷,ffiizlgaacmtamg·

278 4243 357 4346 cepta,
366 4236 456 4299 quibus
467 4237 576 4286 liouiines
586 4239 708 4288 avaritiam
720 4255 749 4288 eii
760 4239 840 4288 animo
872 4243 962 4289 boribus
973 4243 1125 4304 munitisque
1135 4244 1249 4289 interesse.

278 4315 307 4362 pe
318 4298 365 4348 lere
384 4299 508 4364 jubentur,
525 4303 577 4366 jam
597 4311 710 4376 vocantur
732 4306 799 4352 uerba
818 4315 839 4351 et
905 4305 946 4378 46.
964 4305 1093 4369 Perigner,
1104 4319 1146 4368 per
1157 4320 1251 4379 summa
1265 4318 1367 4376 queque
1377 4299 1435 4350 rite

266 4368 840 4479 ‘tttt{intelttzttttttt'tttt
872 4368 1000 4480 ttlti
1016 4368 1214 4480 {siddimi}
1226 4368 1352 4480 lidii&
1354 4403 1360 4422 ¹
1373 4381 1437 4477 tt?

277 4490 352 4538 morbi
367 4505 397 4540 ex
412 4491 550 4557 corporibus
565 4491 628 4556 abigi
648 4447 840 4556 atqae'eliioveri
869 4449 918 4560 Jqne
940 4448 1071 4560 duculum
1094 4448 1275 4551 subiieqaudet,
1296 4493 1336 4543 διὰ
1356 4447 1436 4558 iispdc
