3150 5200
724 352 1022 420 CARMINUM

472 515 594 578 Nudus
609 521 716 577 castra
731 519 821 593 peto,
836 518 870 572 et
885 505 1054 590 transfuga
1068 505 1205 571 divitum

730 610 846 674 Partes
861 608 1007 692 linquere
1022 608 1139 691 gestio,

407 720 452 782 25
473 719 657 782 Contemtae
671 713 821 778 dominus
837 709 1037 794 splendidior
1050 709 1110 782 rei,

474 818 583 892 Quam
599 818 637 894 si,
653 813 814 899 quidquid
829 821 900 876 arat
913 811 1051 894 impiger
1066 806 1232 892 Appulus,

475 918 651 983 Occultare
667 916 745 980 meis
761 913 888 978 dicerer
902 911 1040 986 horreis,

735 1013 876 1098 Magnas
891 1014 976 1075 inter
991 1033 1072 1094 opes
1087 1013 1192 1095 inops.

477 1121 575 1185 Purae
590 1119 678 1182 rivus
693 1137 799 1200 aquae,
816 1114 960 1196 silvaque
970 1113 1124 1197 jugerum

413 1223 457 1286 30
480 1222 673 1295 Paucorum,
689 1228 723 1281 et
739 1216 859 1300 segetis
874 1225 964 1279 certa
976 1213 1061 1277 fides
1076 1235 1167 1289 meae,

476 1321 670 1404 Fulgentem
684 1319 820 1403 imperio
835 1315 951 1380 fertilis
966 1313 1091 1379 Africae

734 1419 843 1483 Fallit.
890 1417 985 1482 Sorte
1000 1417 1137 1493 beatior,

478 1524 684 1606 Quamquam
698 1543 758 1585 nec
774 1519 924 1584 Calabrae
938 1517 1034 1583 mella
1049 1518 1158 1582 ferunt
1174 1541 1263 1602 epeS,

476 1623 551 1689 Nec
567 1623 793 1707 Laestrygonia
809 1620 961 1684 Bacchus
976 1621 1010 1683 in
1025 1618 1181 1703 amphora

412 1725 455 1788 35
477 1725 678 1809 Languescit
693 1723 783 1800 mihi,
799 1743 858 1786 nec
873 1722 1007 1806 pinguia
1023 1719 1159 1784 Gallicis

735 1825 897 1887 Crescunt
912 1823 1030 1886 vellera
1045 1821 1192 1906 pascuis:

477 1929 666 2012 Importuna
681 1937 787 1990 tamen
802 1924 981 2007 Pauperies
996 1925 1106 1999 abest3

304 2101 411 2160 quissent.
452 2096 495 2144 Nil
516 2101 658 2160 cupientium
681 2095 767 2142 Nudus
788 2102 865 2142 costra
897 2093 964 2142 silvis
975 2108 1105 2159 paucorum
1113 2091 1234 2156 jugerum,
1245 2091 1358 2140 velcerto
1372 2091 1464 2155 regetis

303 2171 371 2223 peto:
395 2175 448 2224 ego,
472 2160 514 2234 qui
536 2162 616 2210 nullas
637 2158 733 2208 divitias
757 2157 865 2223 possideo
897 2172 957 2206 meae
978 2164 1092 2221 proventu
1114 2155 1250 2219 perfundor,
1271 2155 1329 2203 latet
1344 2170 1399 2204 eum
1416 2158 1463 2220 qui

305 2225 421 2336 Snudns),
444 2224 531 2274 lectam
553 2241 609 2273 curn
630 2224 660 2272 iis
681 2223 724 2287 qui
746 2221 832 2286 pariter
851 2235 866 2268 a
898 2221 1077 2270 latifundiomm
1100 2221 1125 2268 in
1147 2219 1217 2268 fertili
1238 2219 1321 2268 Africa
1340 2233 1365 2267 sc
1388 2219 1465 2267 'aetat

322 2288 439 2337 iritiarum
472 2289 620 2353 possessione
652 2287 788 2335 abhorrent.
834 2283 865 2331 Et
897 2285 1094 2350 possessionibus.
1129 2284 1202 2332 Sort'u
1219 2284 1291 2348 igitur
1307 2299 1366 2331 mee
1391 2283 1462 2331 elici-

307 2351 434 2462 trsnsppgo
449 2354 548 2399 divitum
566 2353 649 2399 Partes
666 2353 769 2423 linquere
783 2351 865 2423 gestio,
898 2356 971 2422 tatem
991 2363 1085 2423 mecum
1104 2355 1225 2460 reputans,
1245 2347 1324 2396 ridear
1342 2361 1385 2410 ego
1400 2346 1464 2394 mibi

306 2415 366 2488 etlu
398 2430 426 2463 ns
437 2415 566 2478 volensque
576 2413 750 2488 meadivrtum
762 2413 867 2486 partibus
899 2412 1018 2486 ejusmodi
1039 2412 1125 2460 lstrlun
1143 2426 1219 2484 rorum
1237 2425 1371 2482 possessore
1389 2410 1463 2484 longe

305 2493 415 2540 sejungo.
448 2479 514 2526 Usus
529 2479 688 2526 estHorstrus
708 2477 868 2524 locutrombus
900 2478 1007 2538 beauor3
1025 2491 1171 2540 quamquem
1182 2489 1423 2585 emmnoneanng
1452 2501 1463 2514 ·

306 2556 360 2605 que
371 2539 478 2589 similiter
487 2541 575 2589 elissa
584 2541 669 2590 militis
677 2541 708 2588 ad
716 2539 868 2652 philosopho·
901 2541 946 2588 bus
969 2540 1042 2605 vulgo
1068 2546 1196 2589 censentur
1220 2538 1318 2592 divitias.
1343 2537 1406 2603 possi
1423 2553 1462 2595 eo,

306 2620 360 2652 rum
370 2613 448 2654 sectas
455 2606 495 2654 vel
503 2605 642 2670 disciplinas
652 2614 718 2653 trans
727 2605 772 2654 erri
783 2620 810 2651 so
820 2614 869 2653 ent.
902 2605 962 2653 nihil
974 2614 1052 2653 tamen
1064 2604 1094 2653 ad
1105 2606 1159 2653 vitre
1170 2618 1242 2652 usum
1253 2602 1311 2651 mibi
1321 2604 1395 2659 daem,
1404 2612 1463 2652 cett.

307 2670 392 2718 Senec.
411 2669 488 2734 Epist.
506 2671 531 2725 2,
548 2670 611 2718 Soleo
625 2680 648 2717 ct
662 2672 687 2717 in
701 2670 779 2718 alieno
794 2678 870 2717 castro
902 2668 1001 2719 Scilicet
1014 2686 1070 2717 cum
1086 2684 1156 2717 voces
1167 2670 1232 2716 Sorte
1246 2670 1333 2716 beatior
1344 2682 1391 2715 uon
1404 2682 1463 2715 curn

307 2734 416 2787 transire,
433 2749 475 2780 nee
492 2742 600 2795 tanquan
615 2732 749 2798 transfuga,
760 2736 799 2781 ssd
816 2742 868 2780 tan·
900 2734 979 2782 verbis
996 2733 1200 2787 antecedentibus,
1215 2732 1257 2780 sed
1273 2746 1329 2779 cum
1347 2739 1464 2795 sequente

307 2797 518 2859 quomexplorator.
549 2796 670 2843 Cantante
679 2798 783 2843 domim
793 2798 868 2857 urlan-
901 2794 1463 2861 sententiajungendaeomninoessevidaantur.

307 2862 385 2907 didior
402 2862 445 2916 rei,
464 2860 540 2913 Quom
558 2863 586 2916 ri,
603 2862 716 2922 quidquid
733 2868 797 2915 urst,
812 2868 869 2909 cett.
901 2860 1114 2935 interpunctionem
1126 2860 1239 2924 majorem
1251 2858 1381 2925 postssllit
1392 2874 1422 2907 eo
1434 2860 1463 2906 li·

308 2922 456 2972 Sententiam
466 2923 492 2971 in
503 2921 699 2971 antecedentibus
708 2922 808 2986 positam
817 2938 868 2970 am·
900 2924 996 2973 dentrus
1006 2926 1082 2990 posui,
1094 2925 1159 2988 quod
1174 2924 1198 2971 in
1214 2924 1324 2979 eandem,
1336 2938 1391 2987 que
1401 2922 1464 2971 mihi

307 2986 397 3052 plificat
412 2996 438 3036 et
453 2995 552 3037 exornet
568 2986 654 3062 magis.
676 2986 780 3035 Sensus:
794 2987 870 3035 multo
899 2988 951 3050 jam
970 2989 1028 3037 olim
1048 2996 1203 3044 succurreret,
1223 2988 1287 3036 hunc
1310 2986 1389 3034 locum
1411 2994 1464 3035 tam

307 3051 391 3115 majori
399 3050 701 3116 mibiceditbouon,quod
713 3066 761 3099 rem
772 3057 869 3098 tenuem
900 3051 1063 3114 distinguendi
1084 3068 1157 3117 quam
1182 3050 1320 3117 explicandi
1346 3050 1463 3099 rationem

307 3116 374 3165 stab
388 3115 442 3165 aliis
457 3123 599 3165 contentam
614 3132 668 3164 meo
682 3114 778 3179 imperio
792 3112 868 3177 subji-
902 3114 1084 3165 Wakefieldium
1092 3130 1188 3179 quoque
1198 3115 1310 3164 incidisse
1321 3114 1378 3162 vidi.
1396 3116 1464 3163 Nam

307 3196 360 3229 cere
371 3180 453 3237 didici,
460 3196 532 3244 quam
540 3179 562 3227 si
572 3195 609 3229 res
616 3178 697 3243 ampla
707 3193 745 3225 me
756 3192 799 3225 suo
811 3178 867 3225 sub·
901 3180 943 3241 qui
954 3194 1025 3228 voces
1036 3190 1094 3227 sorte
1104 3181 1190 3227 beatior
1201 3194 1256 3227 cum
1267 3177 1465 3228 antecedentibus

304 3244 389 3307 jiceret
405 3244 519 3309 imperi03
535 3244 560 3291 lr.
573 3259 596 3292 e.
614 3243 728 3292 tenuitate
741 3256 796 3289 mes
811 3256 868 3288 con·
897 3240 995 3305 junctas
1005 3242 1037 3290 ad
1046 3242 1156 3291 Gracsm
1168 3242 1282 3307 loquendi
1293 3242 1416 3297 rationem,
1427 3258 1465 3291 sc.

307 3314 388 3355 tentus
399 3308 470 3371 longe
484 3306 575 3355 beatior
585 3322 639 3354 sum
651 3305 734 3361 divite,
746 3305 788 3369 qui
803 3320 869 3368 mag·
900 3306 946 3361 ὢν,
963 3308 1011 3361 vel,
1032 3322 1092 3362 esse,
1111 3306 1239 3371 explicant,
1261 3316 1320 3355 sarta
1341 3309 1465 3355 tendam

308 3386 352 3417 nas
373 3370 434 3418 inter
457 3385 514 3435 opes
538 3370 616 3417 multa
640 3369 719 3417 adbuc
742 3368 869 3417 desiderat.
901 3386 952 3427 esse,
965 3370 1010 3435 ipsi
1022 3370 1052 3418 de
1063 3371 1109 3419 hec
1119 3370 1247 3419 Latinitate
1257 3369 1367 3419 viderint.
1400 3370 1466 3428 Quis

309 3432 361 3480 Alii
378 3434 458 3490 verbs,
477 3435 598 3481 Contemte
610 3436 713 3480 dontinus
727 3434 870 3493 splendidior
901 3450 1010 3497 unquam
1021 3436 1059 3483 vel
1070 3438 1154 3489 risun,
1166 3436 1205 3483 val
1220 3436 1310 3490 siluam,
1322 3434 1360 3483 rel
1377 3446 1465 3482 certans

308 3496 496 3561 nonexplicat,
515 3495 869 3544 “divitiascontemnendolo-
895 3499 970 3561 fidem
996 3502 1182 3562 segetis-sorte
1207 3501 1328 3547 beatiorem
1354 3498 1464 3547 dixerit!

308 3574 339 3607 cu
357 3558 426 3607 letior
445 3574 498 3607 sum
517 3559 635 3615 dominus,
654 3576 726 3624 quam
745 3558 794 3615 si,''
814 3568 869 3608 cett.
904 3562 974 3610 Pnnc
984 3566 1049 3610 ricus
1059 3568 1135 3625 uque:
1147 3561 1248 3611 breviter
1258 3560 1371 3610 describit
1380 3560 1465 3610 villam

307 3576 357 3670 Sed
370 3639 427 3671 cum
441 3633 552 3671 contenta
563 3640 599 3672 res
609 3624 717 3689 opposita
728 3624 761 3671 sit
772 3624 869 3687 amplis·
901 3640 969 3673 suam
978 3626 1003 3673 in
1012 3626 1116 3683 Sabinis,
1123 3626 1165 3673 ubi
1171 3627 1262 3675 fluebat
1268 3626 1333 3673 rivus
1339 3626 1465 3689 Digentia,

307 3686 420 3734 simorum
431 3686 613 3735 latifundiorum
627 3689 752 3742 messibus,
762 3702 806 3735 nec
818 3689 869 3736 llo·
901 3704 915 3737 e
932 3690 996 3739 sonte
1009 3690 1134 3739 Bandusio
1154 3690 1200 3753 (cl.
1212 3689 1312 3755 euplii,
1325 3692 1365 3747 13,
1379 3688 1406 3749 l)
1419 3689 1462 3739 de·

307 3749 779 3815 ratiuadiritiamm,quascontemsen't,
792 3752 868 3800 domi-
901 3752 991 3803 siliaua.
1025 3756 1130 3818 Silvaque
1133 3758 1247 3818 jugerum
1256 3755 1399 3802 Paucos-usn:
1418 3754 1464 3803 inl.

309 3829 355 3861 nus
368 3814 446 3869 luerit,
462 3832 511 3862 rem
527 3825 661 3863 contemtum
677 3814 708 3865 de
724 3831 754 3864 ea
768 3832 823 3878 quta
838 3816 870 3865 sb
901 3818 1464 3885 quoqneHoratiusSat.ii,6,2,³,praeteraica'-

308 3878 362 3925 aliis
379 3879 548 3936 contemnitur,
564 3878 589 3928 h.
598 3895 621 3928 e.
637 3895 718 3945 parra,
735 3879 811 3935 tenui,
828 3896 870 3928 ex·
901 3900 957 3929 num
968 3900 1031 3945 apice
1037 3884 1259 3949 sontem-pontum
1269 3885 1330 3931 silae
1347 3882 1393 3930 sibi
1403 3898 1463 3931 oon·

309 3941 397 4008 plicare
413 3952 524 4009 prestet:
542 3946 691 4006 splendidior,
710 3942 775 4007 quod
789 3942 811 3990 is
826 3946 869 4008 qui
901 3944 982 4009 tigisse
1000 3947 1042 3995 ait.
1074 3948 1160 4011 Segetts
1178 3956 1240 3995 certa
1250 3948 1312 4010 fider
1328 3964 1389 4002 nec,
1406 3961 1465 4010 eger

308 4007 390 4071 paucis
401 4015 527 4056 contentus
541 4016 585 4064 est,
598 4008 721 4073 sapientias
731 4006 806 4071 gloria
817 4024 867 4057 rna·
901 4009 992 4066 lertilis,
1008 4011 1058 4075 qni,
1072 4020 1136 4059 certa
1147 4010 1202 4065 tide,
1219 4011 1284 4074 quod
1301 4010 1323 4059 ei
1347 4010 1463 4059 creditum

307 4070 345 4135 gis
359 4070 470 4135 effulget:
488 4074 601 4135 quidquid
615 4082 678 4127 arat,
690 4070 808 4136 quidquid
819 4072 867 4121 fru-
901 4081 938 4122 est
953 4091 1008 4123 cnm
1027 4075 1117 4124 foenore
1133 4074 1227 4124 reddit:
1245 4074 1275 4123 de
1291 4074 1405 4139 loquendi
1422 4090 1463 4137 ge-

308 4144 440 4185 mentomm
451 4150 480 4183 sx
491 4137 563 4183 cultis
573 4136 637 4200 agris
646 4136 745 4199 colligit,
768 4135 869 4199 Magnos
901 4152 956 4187 uere
982 4154 995 4187 e
1024 4154 1047 4187 re
1073 4139 1212 4205 pecuniaria
1237 4138 1268 4187 ad
1292 4140 1463 4201 agriculturam

308 4203 370 4248 inter
389 4216 440 4261 opes
459 4202 536 4261 inops:
559 4200 667 4249 similiter
690 4202 774 4249 Senec.
793 4200 867 4248 llere.
900 4202 1140 4267 translatorid.sup.
1153 4202 1184 4250 ed
1198 4201 1234 4257 iii,
1249 4205 1324 4258 l,30.
1357 4203 1463 4266 Fulgen-

308 4264 659 4320 sustenementum
675 4280 798 4327 pauperem
814 4282 867 4311 con·
901 4275 944 4313 tana
962 4268 1056 4329 imperio
1064 4268 1159 4331 fertilis
1174 4268 1269 4331 Aj'ricoe,
1286 4282 1351 4322 eum,
1383 4266 1408 4314 ui
1425 4266 1464 4315 di-

305 4340 369 4392 gesto
385 4330 412 4376 in
433 4346 492 4376 auro
513 4326 589 4375 dixit:
607 4328 639 4376 ci.
658 4328 759 4377 Mitscb.
776 4335 802 4377 et
822 4327 865 4377 inl.
899 4329 1009 4378 vitiatum
1027 4330 1153 4395 splendore
1169 4331 1315 4394 conspicuus
1329 4330 1372 4379 lati
1400 4329 1466 4377 ndiis

309 4393 386 4455 Epist.
397 4392 415 4447 i,
426 4394 451 4448 2,
463 4392 504 4449 66,
515 4408 600 4453 senaper
611 4408 696 4439 cannas
705 4404 764 4466 eget.
899 4394 949 4441 suis
966 4393 991 4442 in
1009 4394 1080 4442 fertili
1100 4392 1183 4442 Africa
1199 4394 1231 4441 im
1263 4403 1314 4453 rat;
1332 4397 1464 4456 inparium,

340 4457 446 4505 29-44.
462 4458 551 4505 Sensus
562 4464 586 4503 et
600 4471 691 4504 nexus:
709 4456 867 4520 liquidissima
899 4466 926 4504 ut
945 4474 1016 4521 regno
1035 4458 1099 4522 apud
1113 4459 1135 4505 V
1136 4458 1181 4521 irg.
1195 4458 1247 4506 Ec.
1262 4458 1279 4515 i,
1291 4460 1334 4513 70,
1347 4458 1378 4507 de
1395 4472 1465 4521 egro·

307 4518 350 4567 illa
364 4520 481 4586 voluptas,
499 4534 548 4583 qus
567 4534 611 4583 ego
626 4518 663 4567 vel
682 4535 742 4583 puro
758 4521 816 4576 siro,
829 4521 866 4569 vel
900 4537 951 4569 rum
970 4521 1176 4587 possessionibus:
1194 4522 1224 4571 cl.
1243 4538 1298 4587 sup.
1310 4522 1341 4571 sd
1361 4522 1388 4579 ii,
1398 4524 1424 4577 2,
1437 4524 1465 4572 9.
