3150 5200
509 396 512 403 ·
593 363 757 429 LIBER
780 362 807 441 1,
830 365 862 428 6.

240 512 299 578 Me
315 513 510 579 Satureiano
525 515 646 579 vectari
660 536 738 578 rura
751 512 889 589 caballo,

174 613 218 679 60
240 614 318 691 Sed,
334 617 424 699 quod
439 638 538 693 eram,
553 636 666 680 narro:
689 615 871 699 respondes
886 614 936 695 (ut
950 623 1028 677 tuus
1043 614 1191 696 astutos)

240 715 369 781 Pauca:
393 718 494 793 abeo;
518 727 552 781 et
565 738 699 781 revocas
715 738 802 779 nono
816 725 893 797 post
906 736 1029 791 mense,
1040 715 1204 799 jubesque

240 816 326 882 Esse
340 820 374 881 in
390 819 564 882 amicorum
578 838 723 881 numero.
770 816 930 899 Magnum
944 814 1007 879 hoo
1021 836 1084 899 ego
1098 815 1195 891 duco,

242 918 343 990 Quod
357 918 465 1002 placui
482 919 551 994 tibi,
568 919 624 1001 qui
640 918 728 1001 turpi
744 916 887 980 secernis
901 915 1087 993 honestum,

241 1018 320 1083 Non
335 1030 429 1103 patre
443 1019 611 1103 preculam,
629 1020 688 1083 sed
702 1019 769 1081 vita
783 1028 818 1081 et
831 1028 966 1101 pectore
981 1040 1076 1102 puro.

178 1120 221 1183 65
242 1118 347 1203 Atqui
363 1120 391 1183 si
404 1120 490 1183 vitiis
502 1120 722 1185 mediocribus
737 1142 775 1182 ac
790 1140 863 1181 mea
876 1120 990 1202 paucis

242 1218 405 1284 Mendosa
418 1231 468 1284 est
483 1230 610 1297 natura,
626 1220 748 1304 alioqui
762 1230 865 1296 recta,
881 1220 982 1301 (velut
997 1222 1024 1283 si
1052 1274 1055 1278 .

243 1322 389 1407 Egregio
404 1324 569 1406 inspersos
584 1322 761 1406 reprendas
776 1344 914 1405 corpore
930 1344 1039 1385 noevos
1050 1322 1072 1403 ς)

244 1422 280 1487 Si
295 1446 400 1511 neque
413 1424 590 1499 avaritiam,
606 1446 712 1507 neque
727 1425 853 1499 sordes,
868 1433 926 1486 aut
940 1424 1024 1487 mala
1038 1423 1142 1487 lustra

244 1522 389 1608 Objiciet
403 1546 478 1589 vere
494 1526 664 1608 quisquam
679 1524 775 1601 mihi3
799 1546 902 1608 purus
917 1536 951 1589 et
965 1526 1089 1601 insons,

180 1626 222 1689 70
244 1624 305 1707 (Ut
319 1647 370 1689 me
385 1624 590 1709 collaudem)
606 1628 680 1691 siet
694 1627 767 1690 vivo
782 1648 878 1691 carus
893 1628 1023 1705 amicis3

243 1726 352 1790 Causa
365 1725 427 1789 fuit
441 1737 535 1810 pater
549 1726 613 1804 his,
626 1729 683 1810 qui
698 1749 807 1793 macro
821 1748 948 1812 pauper
960 1728 1067 1813 agello

244 1828 361 1893 Noluit
376 1828 408 1889 in
425 1826 517 1891 Flavi
528 1827 641 1892 ludum
656 1850 706 1893 me
721 1830 868 1905 mittere;
890 1831 1000 1913 magni

246 1931 323 2003 Quo
336 1930 441 2013 pueri,
458 1932 582 2013 magnis
597 1954 616 1994 e
631 1930 876 1995 centurionibus
891 1932 965 2005 orti,

190 2022 192 2027 ’
245 2030 345 2095 Laevo
360 2032 510 2114 suspensi
524 2031 647 2095 loculos
662 2030 871 2113 tabulamque
885 2030 1007 2094 lacerto

180 2134 222 2195 75
244 2132 341 2197 Ibant
356 2133 481 2197 octonis
497 2130 674 2197 referentes
690 2130 806 2196 Idibus
820 2152 904 2207 aera3

245 2232 313 2297 Sed
326 2256 464 2317 puerum
478 2243 529 2297 est
544 2255 642 2297 susus
659 2232 798 2297 Romam
813 2242 944 2315 portare
960 2233 1143 2298 docendum

244 2333 357 2410 Artes,
373 2356 454 2417 quas
470 2334 587 2397 doceat
601 2335 705 2416 quivis
721 2355 822 2416 eques
837 2342 936 2417 atque
952 2345 1083 2398 senator

159 2517 296 2575 ambitione.
308 2519 335 2567 b.
347 2535 369 2568 e.
385 2518 529 2573 adulatione,
544 2520 659 2574 alienum,
677 2534 716 2567 as-
748 2518 858 2567 homines
871 2520 969 2566 sordidi.
1001 2521 1121 2567 dutmala
1134 2520 1223 2567 lustror
1239 2520 1309 2569 intel·

159 2599 251 2632 sumas.
293 2582 409 2633 Amicitia
435 2583 527 2634 scilicet
553 2584 604 2633 sola
630 2582 718 2632 virtuto
748 2581 797 2646 lige
816 2582 871 2632 loca
889 2582 1016 2638 latebrosa,
1037 2591 1066 2632 nt
1083 2582 1188 2647 loquitur
1206 2584 1310 2636 Plautus

159 2647 222 2720 apud
233 2649 392 2697 Maecenatem
403 2647 533 2722 comparari
578 2657 631 2697 test.
652 2648 716 2696 Rec·
750 2647 843 2696 Bacch.
852 2646 887 2704 iii,
899 2649 924 2704 3,
934 2649 974 2702 20,
986 2647 1003 2695 i.
1013 2664 1035 2697 e.
1047 2648 1072 2695 ln
1106 2647 1181 2696 naria.
1204 2644 1308 2700 Yeroebrae

159 2721 207 2758 uns
219 2719 297 2760 autem
308 2711 441 2760 invidemus
451 2727 490 2768 us,
502 2711 544 2776 qui
562 2727 590 2761 us
607 2712 658 2760 solo
669 2711 715 2759 ior·
749 2711 875 2759 lustrorum
887 2710 951 2776 apud
963 2711 1017 2760 Cic.
1029 2728 1053 2776 p.
1063 2663 1130 2762 sbit.
1143 2728 1167 2760 c.
1178 2713 1204 2762 9.
1227 2713 1308 2763 Purus

158 2782 224 2824 tuan
244 2775 324 2824 lavore
343 2775 434 2839 aliquid
454 2776 563 2840 obtingit,
583 2791 657 2841 quam
676 2775 715 2829 iia,
748 2775 1025 2839 ctinsons,cett.junge:
1036 2779 1056 2824 εἰ
1066 2779 1309 2841 ραηωεεὶηωηε(ιιε

177 2837 201 2886 ui
211 2838 349 2888 felicitatem
360 2855 428 2888 suam
440 2840 521 2889 virtuti
532 2850 556 2889 et
566 2840 656 2888 meritis
666 2838 717 2887 suis
748 2840 935 2901 meramnum)
947 2850 969 2888 et
980 2842 1137 2888 romanicis
1148 2841 1207 2888 sivo.
1232 2841 1309 2890 Οαιιια

159 2853 254 2952 debent.
273 2904 358 2962 forsit,
367 2919 413 2952 vox
425 2905 577 2960 Lucretiam,
587 2920 637 2968 pro,
650 2902 716 2952 torsi·
742 2901 799 2966 suit
809 2913 877 2964 pater
888 2905 932 2959 lis,
943 2902 974 2951 iis
984 2919 1039 2967 quos
1055 2903 1086 2951 ds
1099 2918 1138 2952 me
1150 2903 1231 2960 laudo,
1243 2913 1309 2968 pater

159 2973 212 3014 tan.
273 2970 278 2980 '
312 2983 343 3024 os,
361 2983 396 3016 sc.
412 2967 532 3028 amicitia;
551 2983 606 3016 nam
625 2969 718 3032 quoties
750 2976 834 3014 auctor
849 2965 944 3025 extitir3
960 2983 1036 3014 macro
1050 2983 1140 3028 pauper
1186 2969 1239 3022 etto,
1254 2985 1309 3032 pos-

159 3031 246 3104 digrnu
265 3047 279 3078 a
296 3031 373 3081 solute
392 3031 494 3097 ponitur,
514 3032 583 3081 toties
602 3047 649 3088 res,
670 3045 718 3095 qua
750 3045 828 3078 sessor
844 3030 926 3094 exigui
942 3029 1010 3078 tundi
1026 3046 1041 3078 o
1059 2983 1308 3094 ponituralatiiundio-

161 3109 215 3156 qurs
235 3093 322 3158 dignus
340 3103 385 3152 est,
405 3111 434 3145 ex
455 3095 515 3144 serie
531 3095 644 3144 orationis
660 3111 717 3160 sup·
749 3109 803 3141 rurn
815 3094 998 3158 possessoribus.
1048 3093 1142 3140 nFtaot
1155 3094 1251 3142 tudam:
1264 3095 1311 3143 tuit

158 3156 303 3222 plendsest.
750 3156 823 3220 igitur
845 3157 944 3206 Flavius
971 3155 1047 3205 ludim
1078 3157 1135 3204 'ter
1158 3157 1307 3216 Venusinus,

193 3223 300 3271 52-55.
317 3223 370 3270 Nem
385 3223 432 3278 loc,
451 3237 499 3270 non
518 3220 586 3271 ideo:
604 3223 636 3271 cf.
649 3222 679 3270 ad
694 3239 718 3271 v.
750 3221 793 3284 qui
803 3237 888 3286 pueros
897 3221 923 3269 in
933 3221 1056 3270 subducen
1073 3218 1205 3269 incalculis
1214 3237 1309 3271 exerce·

161 3285 205 3332 41.
240 3283 291 3333 Titi
306 3303 347 3344 rna,
366 3287 448 3335 Bentl.
459 3294 526 3334 vetus
536 3284 607 3334 lectio
620 3289 677 3334 mitt
689 3297 718 3334 te.
751 3293 796 3332 ret.
829 3286 1110 3349 Magniproeri-mngnir
1123 3287 1308 3335 centurionibus:

162 3348 219 3396 Post
234 3349 294 3397 banc
313 3350 409 3398 Varius:
431 3349 462 3398 de
480 3349 550 3397 Vario
569 3350 601 3398 ct.
618 3365 671 3414 sup.
688 3349 720 3398 ad
751 3347 830 3422 lepide
845 3356 870 3397 et
884 3349 947 3398 salse
963 3349 1076 3398 Horatius
1090 3347 1239 3397 centuriones
1253 3365 1310 3398 curn

162 3409 212 3460 Od.
227 3411 245 3466 i,
262 3415 285 3468 6,
303 3415 324 3461 l.
359 3414 423 3468 Quid
437 3430 512 3468 essem,
531 3413 611 3477 qualis
627 3429 718 3474 essem
752 3412 869 3461 filiissuis
880 3411 1310 3478 magnosvocnt.quarnvismngniilli

161 3475 231 3524 sicr.
242 3477 340 3540 eoquod
351 3494 423 3525 nom.
751 3475 796 3523 viri
806 3476 868 3524 tilios
876 3477 1042 3540 suosvulgnris
1052 3485 1145 3524 tantum
1154 3475 1312 3540 ludimagistri

193 3541 299 3589 57-64.
317 3541 426 3590 Suaviter
441 3544 516 3604 pudor
530 3539 617 3588 dicitur
631 3541 718 3652 iffm’
752 3539 887 3604 disciplinis
907 3541 1048 3600 tradebant;
1076 3549 1101 3589 at
1119 3539 1213 3588 Horatii
1234 3551 1309 3606 pater.

177 3603 219 3652 uia
228 3603 364 3669 pudibundi
378 3621 455 3670 pauca
467 3603 510 3653 fari
521 3603 607 3652 solent.
664 3623 719 3660 ura,
751 3621 828 3651 macro
841 3605 1108 3668 ponperngclto,lilium
1124 3620 1194 3652 suurn
1206 3603 1311 3654 Romam

158 3619 341 3732 dindossgros.
358 3669 626 3718 Satureiano-caballo:
638 3669 719 3718 Schol.
752 3667 891 3722 deductum,
911 3667 936 3715 in
956 3667 1079 3716 altioribus
1095 3667 1208 3716 doctrinar
1227 3669 1312 3718 studiis

160 3731 261 3798 Porph„
271 3733 406 3781 Satureiani
416 3737 505 3781 nornine
508 3733 586 3798 fundi
597 3736 623 3779 in
632 3735 720 3795 Apulia
751 3731 908 3779 erudiendum
921 3733 1028 3780 curabat.
1060 3732 1236 3794 Iaeaorarpensi
1246 3735 1308 3781 locu·

159 3796 207 3844 illis
225 3799 361 3859 torporibus
369 3797 447 3862 fuisse
458 3800 571 3846 dicuntur
580 3798 635 3844 satis
648 3799 720 3860 ampli
753 3795 784 3842 los
800 3797 944 3858 tabulamque
960 3797 1053 3850 monto,
1064 3796 1170 3843 tabulam
1183 3802 1208 3843 et
1218 3795 1311 3846 loculos

160 3877 187 3906 ac
205 3862 300 3916 noiitm
310 3877 353 3924 par
365 3877 418 3924 quos
436 3864 556 3924 Appntum
572 3875 655 3922 equam
672 3863 719 3924 sig·
752 3857 813 3906 laevo
824 3859 912 3908 lacerto
923 3874 1049 3923 suspensos
1091 3867 1194 3906 nantes:
1211 3865 1313 3920 ruspmt

159 3925 264 4002 oiston..
296 3927 414 3988 Appulum
436 3935 512 3974 autam
537 3941 619 3988 equum
641 3927 720 3987 utiquo
753 3922 856 3982 (Graeca
873 3924 1027 3997 constructio,
1043 3923 1053 3970 l
1070 3941 1085 3982 η
1102 3921 1202 3984 τημένοι
1220 3925 1265 3972 τὸν
1283 3925 1311 3997 ᾅ-

158 3991 544 4118 mttttqttttttttqt,
567 3987 719 4101 iiiiii?
752 3985 844 4114 §tm
860 3987 1075 4105 ididiam&
1093 3987 1314 4112 tttttztt'ztt

162 4121 213 4162 tum
230 4123 276 4173 est,
291 4117 395 4166 secernis
413 4117 444 4164 ab
460 4133 489 4165 eo
505 4068 573 4181 quod
589 4123 626 4163 est
643 4123 719 4181 turpe,
753 4113 778 4162 in
791 4113 854 4162 ludis
865 4114 1011 4177 vulgaribus,
1024 4123 1091 4179 porta
1108 4121 1190 4160 antur:
1209 4115 1312 4162 atatam

161 4179 634 4294 tt”.ttttt;ttt⁵ttltt‘tat‘¹
651 4197 719 4246 ‘'¹⁰¹''
753 4178 1311 4290 titttttt.tt”.ttttd“ttt.stttil·

194 4308 301 4356 65-75.
319 4262 392 4372 Arioi
405 4261 440 4366 ¹ii,
460 4316 518 4357 cett.
535 4261 628 4372 iirnge:
650 4309 722 4372 Atqui
754 4309 817 4355 bant.
852 4277 984 4371 Rffnerrtis
1002 4324 1065 4354 nro:
1081 4304 1203 4370 explicant
1221 4321 1267 4354 nra
1281 4306 1312 4355 de

162 4369 227 4435 (Jam
243 4373 311 4435 vero)
329 4379 348 4420 si
364 4391 413 4420 rua
430 4383 517 4421 notura
536 4375 684 4421 oudiocribnr
700 4383 722 4420 et
754 4369 874 4419 subducta
889 4385 904 4418 a
920 4369 999 4435 pueris
1015 4371 1040 4418 in
1059 4371 1157 4431 exemplo
1171 4370 1314 4420 arithooetico

159 4437 241 4497 praru
252 4439 316 4484 vitiis
323 4447 356 4486 est
367 4439 481 4486 mendosa.
509 4437 598 4492 Sordes,
606 4436 723 4484 sordidam
756 4434 846 4484 ratione
857 4451 991 4492 usurarum,
1002 4433 1083 4483 idibus
1093 4433 1212 4497 cujusque
1224 4435 1314 4482 mensis

160 4497 333 4562 tenacitatem
350 4501 406 4550 hinc
422 4501 521 4566 turpiter
532 4501 595 4548 avari
611 4499 724 4548 dicuntur
756 4515 770 4546 n
793 4497 939 4548 debitoribus
958 4498 1142 4557 solvendarum,
1166 4497 1207 4546 scd
1226 4497 1314 4547 rectius
