3150 5200
599 351 764 418 LIBER
787 351 869 431 1‚s.

246 503 293 567 Ut
307 523 446 586 quoeque
459 513 521 579 est,
533 503 578 568 ita
593 503 760 587 suppliciis
776 503 896 568 delicta
910 509 1060 591 coercet?

181 605 224 668 80
246 603 370 687 Siquis
386 624 459 668 eum
475 624 613 680 serrum,
630 605 772 688 patinam
788 605 845 687 qui
860 605 973 671 tollere
983 608 1098 691 jussus

247 705 396 770 Semesos
411 705 518 789 pisces
533 705 744 790 tepidumque
758 705 937 790 ligurrierit
947 709 1014 791 jus,

247 807 286 871 In
300 829 397 872 cruce
412 806 563 891 suffigat3
588 807 744 872 Labeone
759 808 903 873 insanior
917 809 1003 874 inter

247 907 351 974 Sanos
367 910 519 974 dicatur?
564 909 698 982 Quanto
713 907 776 972 hoc
792 908 946 974 laudosias
959 921 1058 994 atque

248 1008 360 1095 Majus
375 1023 545 1096 peccatum
559 1021 626 1077 est:
650 1008 795 1095 paullum
809 1010 947 1095 deliquit
960 1013 1094 1088 amicus,

183 1111 228 1174 85
249 1111 363 1193 (Quod
378 1113 440 1177 nisi
455 1113 627 1188 concedas,
643 1111 785 1177 habeare
800 1113 969 1195 insuavia)
982 1114 1120 1178 acerbus

248 1212 360 1277 Odisti
374 1226 407 1278 et
422 1213 520 1298 fugis,
536 1226 573 1276 ut
588 1212 756 1276 Rusonem
772 1213 901 1277 debitor
916 1215 1002 1290 aeris,

249 1313 317 1386 Qui
332 1315 405 1390 nisi,
421 1337 521 1398 quum
535 1315 645 1378 tristes
660 1313 779 1377 misero
792 1334 910 1378 venere
925 1314 1090 1390 Calendae,

249 1413 437 1480 Mercedem
452 1427 509 1480 aut
523 1436 669 1480 nummos
685 1415 772 1478 unde
787 1414 875 1478 unde
889 1416 1040 1491 extricat,
1055 1436 1180 1479 amaras

249 1515 405 1580 Porrecto
416 1516 532 1601 jugulo
548 1515 711 1591 historias,
726 1515 874 1598 captivus
888 1525 937 1591 ut,
952 1515 1055 1580 audit.

182 1617 227 1681 90
249 1616 445 1682 Comminxit
457 1618 577 1682 lectum
592 1627 700 1702 potus,
715 1637 866 1682 mensave
881 1616 1024 1680 catillum

250 1719 396 1782 Evandri
410 1721 558 1784 manibus
574 1720 685 1783 tritum
694 1717 837 1810 dejecit:
861 1718 904 1782 ob
918 1717 1003 1782 hanc
1018 1739 1097 1796 rem,

250 1818 321 1884 Aut
336 1823 478 1905 positum
493 1831 568 1885 ante
583 1842 654 1885 mea
668 1820 745 1902 quia
760 1817 884 1902 pullum
898 1819 932 1881 in
946 1830 1040 1903 purte
1054 1821 1153 1885 catini

251 1921 390 2000 Sustulit
404 1924 562 2000 esuriens,
576 1923 681 1985 minus
696 1919 759 1985 hoc
768 1920 936 2003 jucundus
950 1922 1073 1986 amicus

251 2023 302 2086 Sit
315 2023 414 2087 mihil
437 2025 517 2107 quid
533 2023 658 2098 faciam,
675 2022 703 2084 si
717 2021 841 2086 furtum
856 2021 980 2099 fecerit,
996 2035 1053 2087 aut
1071 2026 1099 2087 si

183 2128 227 2188 95
249 2125 438 2189 Prodiderit
453 2125 623 2189 commissa
637 2123 715 2199 fide,
733 2146 927 2206 sponsumve
943 2128 1090 2210 negarit?

251 2223 337 2299 Quis
351 2226 442 2310 paria
456 2248 529 2290 esse
544 2225 612 2290 fere
627 2223 750 2309 placuit
764 2236 910 2308 peccata,
926 2225 1086 2304 laborant,

249 2327 359 2400 Quum
374 2337 504 2390 ventum
519 2327 685 2391 adrerum
697 2335 765 2389 est:
790 2341 905 2390 sensus
920 2348 1090 2411 moresque
1105 2344 1301 2414 repugnant,

158 2468 231 2570 poeta
247 2459 311 2538 lianc
327 2462 469 2540 locutionem
487 2463 518 2512 ad
533 2463 558 2511 id
575 2461 639 2528 quod
655 2461 681 2510 in
698 2479 720 2510 r.
752 2461 831 2525 pisces
855 2469 880 2509 at
894 2460 1006 2535 ¹tepidum
1031 2461 1074 2525 jus
1098 2459 1268 2536 degustaverit,
1288 2475 1313 2516 ct

176 2523 277 2580 idmst,
289 2543 315 2574 m
331 2535 424 2574 tentans
438 2529 634 2590 mroetnrmdem.
667 2526 719 2572 Mo·
752 2534 842 2589 quanto
852 2524 1199 2601 majuaouodtncommrttrs,
1209 2536 1246 2575 est
1256 2545 1313 2593 pec·

159 2589 232 2646 dalis,
244 2589 275 2638 ad
291 2606 353 2655 quos
370 2606 406 2639 res
421 2589 532 2640 metimur
541 2609 549 2651 3
565 2593 621 2649 sois,
633 2589 721 2655 qulbus
753 2598 843 2646 catum,
859 2605 880 2638 sr
898 2606 1010 2647 amicum,
1027 2587 1069 2654 qui
1082 2589 1194 2665 paullum
1211 2590 1314 2706 delipit

160 2653 221 2701 ratio
233 2661 347 2718 tanquam
358 2654 405 2703 sibi
415 2656 516 2721 propriis
527 2655 649 2705 utidebet.
677 2656 719 2712 Ac,
754 2654 816 2718 (nisi
829 2654 893 2703 anim
903 2663 1029 2720 peccatum
1043 2654 1120 2701 lenus
1134 2654 1206 2703 amici
1223 2672 1268 2705 con
1285 2675 1311 2707 o-

159 2732 196 2763 m
214 2717 246 2765 Ut
264 2736 354 2781 queque
370 2729 411 2775 ast,
429 2724 473 2775 ito,
489 2728 546 2768 cett.
563 2734 591 2767 ac
610 2735 653 2767 cur
671 2733 720 2766 non
752 2718 855 2774 navaria,
872 2720 926 2784 jure
945 2718 1052 2766 insuavis
1072 2717 1205 2782 habearis),
1226 2723 1312 2771 acerbo

159 2779 228 2837 ratio,
246 2781 282 2829 uti
297 2783 410 2847 quodque
425 2783 539 2832 delictum
556 2790 720 2847 comparatum
753 2782 833 2830 animo
854 2791 882 2831 ut
903 2782 1022 2831 hominem
1045 2782 1215 2831 invisissimum
1238 2784 1310 2849 iugis,

159 2854 204 2902 est,
213 2844 255 2901 ita,
267 2846 287 2893 si
298 2846 406 2909 graviora
418 2855 484 2904 sunt,
493 2846 617 2913 suppliciis
628 2844 720 2909 gravio·
753 2854 811 2895 cett.
843 2847 892 2895 Hoc
902 2847 928 2895 in
940 2846 1045 2895 ablativo
1055 2846 1085 2893 de
1095 2847 1165 2895 modo
1175 2846 1240 2897 dicto
1252 2849 1311 2898 levi·

159 2908 226 2957 ribus
237 2912 351 2959 coerceri
753 2926 794 2959 ore
807 2908 868 2959 servi
883 2920 997 2975 peccato;
1013 2909 1116 2986 suppleri
1130 2910 1194 2959 enim
1209 2912 1313 2964 debebat

192 2974 234 3021 80.
253 2974 349 3030 Tollere,
362 2990 397 3024 sc.
408 2975 438 3025 de
449 2990 541 3023 mensa.
753 2976 794 3023 bor
803 2974 828 3022 in
839 2974 944 3023 ablativo
956 2974 987 3022 ad
990 2973 1118 3038 sanosa'as,
1131 2974 1176 3021 nisi
1190 2975 1311 3039 adjectum

192 3036 234 3083 el.
251 3037 406 3101 Lignaricrit,
417 3038 585 3103 degustaverit.
753 3038 854 3098 luisset;
871 3038 913 3103 qui
927 3041 968 3087 boc
984 3038 1010 3085 in
1025 3036 1171 3086 nominativo
1181 3040 1312 3104 accipiunt,

193 3101 235 3149 82.
252 3100 356 3150 Labeone
373 3106 475 3151 insanior
492 3106 553 3151 inter
567 3104 637 3150 Sanos
653 3103 718 3149 dica·
752 3111 780 3149 ut
800 3102 839 3159 sit,
857 3118 960 3167 sequens
977 3109 1113 3166 peccatum,
1131 3102 1245 3150 orationis
1262 3106 1312 3154 ele·

160 3166 217 3210 tar?
249 3166 322 3213 Hunc
339 3164 429 3223 locum,
446 3167 514 3229 signo
531 3164 721 3228 interrogationis
752 3166 859 3229 gantiam
870 3167 981 3215 turbant:
992 3165 1254 3230 furiosius,peccatum
1262 3170 1311 3234 su·

160 3234 216 3291 post
226 3230 320 3277 dicotur
331 3230 418 3294 posito,
429 3230 464 3278 ita
478 3230 602 3303 intelligo:
621 3244 677 3277 num
689 3228 720 3284 is,
752 3233 846 3286 mmm,
857 3231 922 3294 quod
938 3229 1065 3279 committit
1080 3228 1151 3276 homo
1167 3229 1244 3279 lurore
1258 3248 1311 3297 per·

161 3290 205 3353 qui
223 3306 314 3340 serrum
332 3294 364 3341 ob
381 3294 496 3344 delictum
516 3295 592 3342 levius
608 3292 633 3340 in
650 3308 720 3341 cruce
752 3294 824 3341 citus.
849 3295 961 3342 Psallam
969 3295 1081 3357 deliquit:
1097 3308 1139 3358 pro
1150 3293 1251 3359 vulgari,
1263 3297 1311 3344 “si

161 3355 265 3418 suffigat.
274 3357 385 3406 Labeone
394 3374 452 3407 sane
463 3357 644 3413 insanior‚inter
651 3372 721 3405 sanos
753 3358 866 3415 amicum,
888 3358 931 3422 qui
953 3358 1059 3424 paullum
1080 3356 1191 3421 deliquit,
1212 3358 1311 3416 odisti,”

160 3417 290 3467 reseraturi
324 3422 396 3480 Quod
412 3422 433 3470 si
450 3431 529 3471 autem
541 3422 579 3471 hic
591 3422 659 3469 locus
669 3420 721 3469 sine
752 3421 867 3471 viridiore
881 3420 1008 3471 orationei
1065 3436 1170 3486 peccans
1182 3421 1312 3474 inducitur.

159 3480 343 3547 interrogatione
359 3485 493 3535 efferendus
509 3486 549 3541 sit,
561 3500 603 3549 pro
618 3488 720 3541 dicotur,
755 3486 841 3541 Odisti,
853 3503 888 3535 sc·
898 3501 962 3535 eum.
1020 3502 1118 3542 ruonsm,
1130 3486 1245 3536 lanosum
1260 3496 1313 3538 tum

160 3548 252 3603 malim,
264 3550 370 3608 dicatum
388 3558 414 3599 ut
429 3550 469 3607 sit,
481 3550 501 3599 is
515 3564 573 3599 sane
586 3552 722 3597 intersertos
754 3548 928 3607 faeneratorem,
936 3550 1008 3614 cujus
1017 3549 1180 3606 acerbitatem,
1188 3566 1243 3599 cum
1252 3552 1313 3611 dies,

161 3609 353 3673 (interhomines
364 3614 417 3662 sani
426 3613 524 3679 judicii,
534 3628 548 3661 a
559 3612 638 3676 sanis)
651 3612 722 3660 bomo
754 3629 803 3677 quo
817 3620 868 3663 sort
882 3623 925 3662 aut
939 3630 1019 3662 usurae
1035 3613 1155 3663 solvende
1171 3625 1259 3673 essem,
1270 3633 1312 3666 ve-

159 3674 213 3739 ipso
220 3676 621 3743 Labeouainsaniorappellabitur.
634 3678 721 3726 Utrum
755 3676 837 3733 nisset,
856 3678 924 3726 nulla
939 3678 988 3726 alia
1003 3694 1028 3725 re
1043 3677 1152 3743 mitigare
1169 3687 1194 3727 et
1209 3680 1313 3744 effugere

159 3739 333 3802 intelligendus
360 3742 392 3790 sit
419 3744 458 3791 Μ.
485 3741 604 3790 Antistius
630 3742 720 3797 Labeo,
753 3749 863 3806 poterant
878 3741 1004 3797 debitores,
1022 3757 1096 3806 quam
1114 3742 1134 3789 si
1152 3741 1176 3790 ei
1194 3743 1312 3801 recitanti,

161 3802 300 3861 Pretorius,
313 3814 338 3853 et
353 3806 418 3854 sama
434 3806 643 3861 celebratissimus,
655 3804 720 3869 (qui,
754 3821 816 3869 quas
836 3805 969 3871 scripserat,
987 3804 1098 3853 historias
1113 3806 1230 3871 patienter
1245 3824 1314 3857 auras

160 3868 219 3931 quia
234 3868 311 3916 multa
327 3870 506 3925 contumaciter.
518 3879 546 3917 ut
561 3868 591 3917 nd
604 3868 669 3916 bunc
685 3869 721 3916 lo-
753 3868 941 3917 commodarent.
975 3870 1089 3925 colende,
1102 3870 1192 3933 quibus
1206 3879 1249 3919 aut
1263 3888 1314 3921 sora

160 3946 216 3979 cum
233 3933 345 3981 observat
356 3941 423 3983 vetus
441 3932 595 3989 Scholiastes,
608 3932 722 3981 adversus
753 3933 840 3981 t'oenori
850 3933 916 3987 data,
927 3940 971 3980 aut
982 3949 1059 3980 usura
1075 3933 1240 3982 nioeneratore
1251 3935 1313 3983 redi·

160 3995 283 4044 Cesaram
302 3996 390 4045 dixerit
406 3996 543 4061 feceritque,
562 3998 593 4045 ab
611 3996 719 4051 Horatio,
754 3997 888 4060 gabantur;
912 3996 968 4045 binc
987 3996 1091 4044 suaviter
1110 3998 1186 4044 tristes
1203 3996 1315 4048 dicuntur

159 4066 188 4106 ut
197 4060 309 4133 Augusto
320 4061 465 4117 adularetur,
477 4076 542 4109 nunc
557 4068 584 4108 ut
598 4060 669 4107 horno
684 4059 720 4107 in·
753 4064 834 4108 mucro
847 4060 955 4114 debitori,
967 4059 1019 4124 qui,
1031 4060 1095 4124 quod
1110 4059 1188 4115 debet,
1202 4076 1249 4109 non
1265 4063 1313 4110 sol·

160 4137 234 4171 sanus
244 4124 358 4173 inductus
373 4125 416 4187 sit)
423 4142 430 4183 ;
447 4140 478 4173 an
490 4124 569 4189 (quod
580 4123 656 4173 multo
666 4139 720 4189 pm·
753 4140 808 4173 vere
818 4132 909 4188 potest:
928 4124 960 4171 ci.
977 4139 1030 4188 sup.
1046 4123 1076 4171 ad
1095 4123 1171 4187 Epod.
1182 4126 1207 4178 2,
1220 4126 1261 4181 69,
1273 4127 1314 4175 70.

160 4186 279 4250 habilius)
289 4188 352 4237 alius
360 4189 458 4253 quidam
471 4189 541 4236 homo
551 4187 673 4249 ignobilis,
684 4188 721 4235 in·
756 4188 810 4236 Nisi
822 4190 949 4237 Mercedem
963 4197 1005 4235 aut
1015 4204 1116 4235 nummos
1128 4190 1190 4235 ande
1204 4193 1266 4237 anda
1275 4208 1313 4238 er·

159 4250 235 4300 sanim
251 4252 353 4316 quodum
371 4262 523 4317 generatum
540 4261 626 4311 notus3
643 4251 667 4299 id
679 4251 722 4301 do·
754 4256 835 4309 trient,
843 4252 889 4299 nisi
898 4260 941 4299 aut
949 4266 1033 4300 usuras
1044 4261 1085 4300 aut
1092 4258 1179 4299 sortem
1187 4251 1312 4303 undecun-

159 4315 264 4363 csndum
273 4316 311 4373 iis,
337 4332 380 4365 uos
391 4316 416 4364 in
426 4316 484 4364 talia
492 4316 630 4380 diligentius
642 4316 721 4381 inqui·
754 4332 802 4381 que
812 4316 907 4365 tandem
917 4315 1013 4381 expedit
1024 4324 1049 4364 et
1058 4316 1134 4380 cogit:
1152 4332 1203 4372 nos,
1214 4334 1315 4366 manner

158 4394 209 4429 rers
219 4376 295 4435 'urst
307 4333 473 4445 rilinquimus.
755 4383 820 4429 nicht
837 4381 920 4429 zaroen
936 4384 990 4428 oder
1007 4382 1110 4442 Gnmtal,
1126 4396 1160 4427 roo
1174 4396 1200 4427 er
1215 4397 1238 4428 er
1253 4386 1312 4431 ancl

226 4445 300 4493 -86.
319 4446 412 4499 Quanto
430 4446 479 4499 ltro,
490 4454 545 4494 cett.
559 4453 650 4510 quanto
667 4458 722 4507 gra·
755 4446 834 4492 immor
856 4446 896 4492 ier
913 4446 1038 4493 bekommen
1064 4462 1126 4508 mog,
1143 4444 1244 4509 sclnffen
1264 4452 1313 4496 und

158 4506 211 4555 vius
223 4509 267 4557 hoc
280 4507 368 4559 leviore
381 4518 480 4573 peccato
491 4510 610 4574 sarvi,qui
621 4523 724 4557 semesos
757 4509 900 4573 aafhrr'ngen
917 4510 988 4557 lana.
1021 4510 1127 4563 Amaras,
1145 4523 1181 4558 sc.
1198 4509 1315 4560 audienti.
