3150 5200
725 336 1021 403 CARMINUM

451 494 490 555 10
513 492 651 569 Vernis3
675 514 780 575 neque
797 514 861 556 uno
879 490 974 555 Luna
988 492 1109 555 rubens
1124 491 1205 556 nitet

555 593 677 658 Vultu:
690 593 782 676 'quid
797 594 927 657 aeternis
941 593 1098 655 minorem

598 692 749 758 Consiliis
764 695 905 758 animum
919 692 1062 777 fatigas?

511 797 579 859 Cur
594 817 658 859 non
671 797 732 860 sub
748 795 814 858 altu
827 794 879 859 vel
892 792 1034 878 platano,
1051 793 1102 857 vel
1115 793 1178 859 hac

513 898 598 961 Pinu
609 899 755 981 jacentes
772 897 818 961 sic
834 907 965 972 temere,
981 907 1015 959 et
1028 918 1104 959 rosa
1170 894 1176 900 ’

449 1002 489 1063 15
556 1000 663 1064 Canos
679 999 807 1063 odorati
822 996 967 1081 capillos,

599 1100 688 1164 Dum
704 1099 790 1176 licet,
806 1097 1008 1181 Assyriaque
1024 1100 1127 1161 nardo

512 1202 666 1265 Potamus
682 1201 794 1265 uncti?
840 1198 991 1282 Dissipat
1006 1198 1110 1262 Evius

513 1304 617 1367 Curss
633 1303 762 1367 edaces.
809 1300 894 1373 Quis
909 1322 993 1384 puer
1007 1301 1097 1364 ocius

557 1404 756 1487 Restinguet
771 1402 915 1466 ardentis
930 1400 1060 1465 Falerni

449 1508 491 1570 20
599 1504 723 1569 Pocula
737 1512 956 1588 praetereunte
970 1502 1123 1586 lympha?

514 1609 599 1681 Quis
615 1607 744 1671 devium
760 1615 902 1668 scortum
916 1603 1023 1668 eliciet
1038 1604 1134 1667 domo

515 1708 655 1792 Lyden?
678 1708 813 1782 eburna,
830 1707 883 1771 dic
898 1728 970 1790 age,
986 1728 1059 1771 cum
1072 1706 1142 1790 lyra

558 1809 714 1885 Maturet,
732 1810 903 1873 incomtsm
919 1807 1069 1872 Lacaenae

600 1910 694 1974 More
711 1932 834 1974 comam
849 1908 986 1993 religata
1000 1912 1098 1973 nodo.

298 2100 339 2131 sior
356 2082 445 2129 Vernis.
477 2080 547 2128 Hanc
564 2079 705 2128 sententium
725 2094 753 2127 co
771 2077 854 2134 iosius,
887 2093 940 2143 sup.
959 2076 990 2125 ad
1007 2076 1024 2134 i,
1043 2079 1085 2134 31,
1104 2079 1178 2133 ines
1193 2076 1260 2134 adii,
1274 2079 1334 2133 7‚s.
1369 2078 1465 2137 Boius,¹

298 2154 324 2195 ut
340 2146 430 2195 ierebst
446 2144 559 2192 carminis
576 2142 691 2209 pastoritii
702 2095 803 2197 indoles,
814 2155 855 2188 er·
889 2141 1020 2189 Bacchus:
1042 2141 1092 2189 vid.
1102 2157 1157 2253 sup.
1172 2140 1203 2189 sd
1219 2142 1237 2198 i,
1256 2144 1295 2199 13,
1313 2145 1339 2191 9.
1374 2144 1451 2191 Dissi-

297 2218 394 2259 secutus
415 2216 452 2258 est
473 2208 615 2256 Theocritus
638 2206 710 2272 idyll.
732 2204 800 2262 xxiii,
824 2206 856 2253 28
887 2216 930 2266 pat
943 2222 1019 2253 curas.
1062 2204 1452 2257 ct.1siuch.sfferslocumex

298 2290 351 2339 sqq.
372 2274 421 2325 Καὶ
433 2274 461 2323 τὸ
480 2271 501 2289 “’
518 2270 635 2322 ανααλόν
648 2270 708 2325 lori,
723 2272 764 2320 sai
775 2268 788 2317 d
800 2269 857 2333 χρό-
890 2268 1008 2319 Atheneo
1021 2270 1047 2325 ii,
1065 2272 1087 2327 1,
1107 2286 1133 2334 p.
1143 2272 1176 2319 ³5
1192 2270 1243 2334 (est
1259 2270 1301 2319 iile
1312 2286 1342 2318 en
1354 2271 1452 2336 Cypriis

298 2356 342 2396 soc
363 2338 425 2387 atri
480 2336 565 2401 puiset.
598 2336 648 2385 nat
670 2337 699 2385 τὸ
719 2335 759 2384 ἴαν
778 2332 858 2383 καλόν
889 2334 1059 2413 carminibus),
1081 2333 1151 2383 oivdv
1177 2352 1224 2390 ros,
1252 2333 1372 2391 Mese'lae,
1396 2337 1452 2385 desi

298 2402 366 2451 ieris
382 2401 410 2450 ἐν
428 2354 499 2464 eiiii,
515 2400 555 2449 sai
574 2400 640 2463 ταχὺ
658 2418 690 2464 γη
765 2398 858 2447 Λευκὸν
892 2397 1004 2457 ποίησαν
1028 2414 1133 2462 ‹specs-ov
1187 2412 1243 2446 uem
1265 2412 1348 2447 vocem
1370 2398 1451 2447 omisit

297 2467 325 2514 τὸ
336 2464 423 2529 κρίνον
438 2463 499 2519 los-l,
508 2463 656 2527 μαραίνεται
670 2417 746 2513 iiiia
763 2462 859 2542 nimy:
891 2460 1008 2525 Mitsch.)
1020 2464 1128 2521 θνητοῖς
1136 2398 1450 2527 ἇ11ρόπαισινάτοσκεδά·

298 2530 383 2578 -Καὶ
398 2524 490 2586 κάλλος
504 2527 582 2577 καλόν
598 2526 650 2575 1ατι
668 2525 791 2583 παιδικὸν,
802 2526 853 2575 ἀλλ
891 2542 933 2575 σαι
942 2524 1089 2591 μελιδῦνας.
1117 2526 1211 2582 Edam,
1219 2526 1370 2591 puordpooc.
1380 2531 1450 2593 μαλε-

299 2593 388 2658 ὁλίγον
398 2593 439 2666 ἕν’.
472 2592 513 2642 Cl.
531 2590 631 2640 Mitscli.
647 2606 699 2640 com
718 2601 769 2640 erat
785 2594 857 2641 Strat-
889 2588 979 2649 δῶνας,
991 2607 1055 2656 que,
1067 2600 1095 2640 ut
1112 2590 1225 2640 Catullus
1243 2591 1349 2648 111113
1369 2591 1450 2656 loqui·

299 2659 345 2722 Ep.
361 2656 439 2714 lxxiii,
451 2657 476 2714 3,
489 2659 513 2714 t,
525 2655 550 2704 in
567 2654 667 2704 Anthot.
712 2672 767 2704 rec.
780 2657 810 2705 T.
821 2655 857 2711 iii,
889 2664 936 2712 tur,
946 2658 1039 2718 penitus
1050 2657 1163 2704 medullas
1171 2659 1278 2704 esedsnt.
1301 2655 1450 2720 Restisguet,

299 2737 323 2786 p.
336 2723 376 2776 35,
389 2719 484 2779 Ἀνθος
498 2721 547 2786 γὰρ
560 2721 601 2768 καί
617 2718 710 2778 κάλλος
725 2720 782 2770 ἴσον
800 2719 857 2802 χρό-
889 2719 1037 2783 temperabit.
1062 2721 1172 2768 Ardentis
1183 2720 1325 2784 (uidem),
1337 2720 1362 2768 h.
1370 2736 1392 2769 e.
1404 2721 1451 2770 ier-

297 2803 346 2835 νον
355 2785 406 2834 ieri
417 2785 540 2849 λαχόντα.
561 2786 645 2834 Ταῦτα
654 2782 673 2832 δ’
679 2783 740 2848 ὁμοῦ
749 2785 858 2848 poeseos
889 2782 999 2842 vidiosis3
1010 2784 1092 2832 utini.
1102 2785 1180 2848 Epod.
1189 2786 1228 2841 11,
1239 2786 1279 2842 ll,
1293 2799 1344 2841 nos,
1355 2785 1451 2850 fang,

297 2847 428 2915 ἐξεμάρανε
453 2849 554 2914 χρόνος·
581 2847 622 2898 ubi
648 2848 718 2915 plura
743 2847 769 2895 in
793 2847 856 2897 hanc
888 2861 944 2894 nem
961 2849 1024 2912 φλὸξ
1040 2848 1110 2898 cisso
1126 2848 1167 2911 (ut
1177 2849 1261 2914 Eusip.
1274 2848 1332 2897 ste.
1346 2837 1392 2898 ior
1414 2850 1451 2897 lo·

299 2913 441 2963 sententiam
463 2913 600 2980 suppeditet
619 2913 718 2962 Jacobs.
743 2911 769 2959 in
793 2912 856 2960 Ani·
888 2911 984 2976 quitur)
993 2911 1123 2977 θερμαίνει
1139 2913 1195 2961 Huc
1204 2913 1305 2978 pertinet
1314 2913 1382 2962 locus
1394 2915 1451 2962 Me-

299 2977 379 3027 rnsdv.
397 2978 447 3026 vol.
458 2977 484 3034 ii,
501 2993 555 3043 pars
574 2976 609 3035 iii,
626 2994 651 3042 p.
664 2978 721 3025 114.
755 2977 855 3033 Rubens,
888 2974 962 3038 leegr.
979 2977 1026 3042 Ep.
1042 2976 1108 3032 cxiii,
1125 2977 1149 3033 3,
1167 2976 1193 3024 in
1204 2975 1305 3025 Anthol.
1321 2979 1405 3028 Grae.
1419 2979 1451 3028 T.

299 3043 393 3100 lucens,
401 3046 484 3091 sidens
498 3044 555 3090 nitet
566 3041 672 3090 ernstius
701 3056 727 3088 ro
738 3039 855 3106 simplice,
889 3038 906 3096 i,
924 3057 949 3105 p.
966 3041 1008 3098 33,
1024 3041 1133 3090 Τοῦνεκα
1150 3043 1197 3091 σὺν
1215 3042 1330 3106 Νύμφαις
1346 3040 1396 3106 Βρό

300 3107 380 3168 lucet;
398 3105 518 3156 nsbsrede
529 3105 593 3154 lune
612 3057 736 3170 splendore
752 3105 855 3171 passim:
890 3103 969 3167 φίλος,
981 3105 1017 3166 ἣν
1032 3103 1058 3154 di
1074 3123 1118 3156 νιν
1129 3106 1214 3171 εἲργῃς
1231 3105 1380 3171 moysesne,
1395 3061 1454 3174 iiiii

300 3171 343 3220 ini.
356 3174 407 3220 Set.
420 3171 436 3228 i,
449 3173 473 3228 s,
484 3171 524 3228 36,
537 3171 644 3235 Propert.
653 3170 669 3226 i,
681 3171 721 3227 10,
731 3171 755 3217 3.
778 3169 857 3217 AEter·
892 3171 943 3228 πῦρ
955 3169 991 3218 irs
1001 3169 1054 3220 καιὸ
1084 3189 1142 3221 ναν.

299 3239 335 3284 nis
352 3239 460 3284 minorem
478 3235 585 3282 Consiliis
602 3236 713 3290 animum,
732 3233 857 3281 1111.αηί-
922 3234 1029 3283 21-24.
1070 3237 1153 3293 esium,
1172 3233 1198 3282 in
1216 3233 1281 3282 urbis
1299 3232 1354 3281 loco
1373 3247 1451 3283 temo·

300 3315 366 3348 mum
383 3298 414 3346 sd
430 3298 543 3347 brevioris
562 3307 609 3347 tem
642 3296 674 3345 ris
689 3295 796 3364 spatium
814 3297 857 3345 tibi
889 3294 948 3346 tiore
964 3297 1003 3347 vel
1018 3298 1153 3373 angiportu,
1169 3297 1212 3346 ubi
1227 3297 1363 3347 meretrices
1377 3298 1453 3349 tatere

300 3377 449 3418 concessum,
468 3377 541 3427 qutun
560 3370 588 3411 ut
605 3362 647 3411 ile
663 3376 759 3426 equare
773 3361 812 3410 vel
830 3361 861 3409 ed
891 3359 1009 3419 solebant,
1029 3363 1155 3424 habitem,
1172 3362 1229 3411 hinc
1250 3360 1315 3427 apud
1334 3360 1452 3411 Ovidium

300 3427 390 3475 exitum
411 3427 537 3491 perducere
554 3427 630 3493 possit
648 3426 749 3475 consilis
765 3436 859 3484 eterna,
891 3439 988 3490 quoque
1004 3426 1078 3475 Trist.
1093 3427 1129 3485 iii,
1147 3427 1172 3484 7,
1186 3428 1227 3482 33,
1238 3428 1305 3474 desis
1313 3425 1452 3490 sessissde

301 3490 326 3538 h.
337 3505 361 3539 e.
371 3489 398 3537 in
409 3491 565 3540 remotissime
579 3500 691 3556 tempora,
704 3490 774 3556 quasi
792 3499 859 3538 eter-
891 3490 1012 3540 merenies
1021 3507 1028 3537 2
1037 3492 1114 3540 eiiciet
1122 3494 1194 3547 dono,
1202 3490 1274 3539 domo
1281 3497 1405 3563 nopotem
1414 3506 1453 3539 sr-

302 3562 860 3677 ..nm
890 3554 1453 3684 effluimus*

301 3681 381 3731 nain
402 3680 465 3732 hanc
487 3699 579 3748 pinum,
599 3684 644 3732 sub
666 3698 717 3748 qus
737 3682 861 3732 considere
891 3679 981 3739 ἔτιζῶ,
995 3683 1119 3748 Μύρισον,
1134 3634 1215 3747 §diosc
1232 3682 1347 3748 &epora
1366 3683 1452 3733 lisim-

300 3745 366 3805 licet,
386 3745 524 3804 incidimus,
543 3747 610 3796 nullo
627 3745 690 3794 slius
708 3746 799 3794 arboris
817 3747 859 3796 de·
893 3746 1026 3802 camsiles
1039 3746 1124 3797 d'irui
1173 3781 1182 3796 .
1215 3747 1398 3796 Eiursmcuml
1444 3786 1452 3807 ‚

301 3810 366 3860 lectu
384 3809 474 3859 habito.
506 3809 621 3859 Similiter
635 3809 700 3875 apud
717 3809 787 3874 virg.
800 3812 860 3859 AEn.
892 3809 992 3860 leviores
1002 3811 1066 3860 enim
1078 3764 1172 3877 puelli:
1182 3811 1229 3860 sub
1243 3826 1319 3860 censs
1332 3812 1453 3876 pssilendi

300 3873 335 3932 in,
346 3873 630 3932 :insusurrantem
641 3873 667 3922 in
677 3875 739 3930 loco,
750 3873 792 3938 qui
804 3882 860 3924 ente
891 3875 1108 3940 compotationibus
1127 3877 1240 3925 interesse
1258 3875 1377 3924 solebant.
1410 3877 1451 3924 Is·

298 3938 374 4004 'pedes
388 3938 472 3995 iuerat,
483 3938 542 3988 iorte
559 3939 654 3987 fortune
667 3938 858 4005 procubuissent,
891 3949 986 3988 comtum
999 3957 1084 3988 comm
1098 3943 1201 4005 religato
1216 3942 1283 3996 nodo,
1295 3953 1344 3988 non
1358 3947 1416 3988 snte
1426 3955 1453 3991 ss

301 4011 382 4052 temere
395 4006 457 4052 inter
472 4005 518 4052 teis
526 4006 630 4065 jacuisse
646 4002 768 4060 dicuntur,
785 4011 811 4052 et
825 4003 859 4051 sic
890 4016 996 4059 corneus,
1007 4003 1049 4053 sed
1061 4003 1190 4053 inconstans
1200 4019 1293 4053 contens
1304 4002 1455 4067 negligenter

301 4070 589 4116 temerssubormisstroti
601 4067 688 4117 milites
697 4067 762 4144 apud
774 4067 858 4124 Lim,
889 4066 954 4115 nodo
969 4067 1073 4133 seligens
1090 4078 1116 4117 et
1131 4083 1251 4118 coercens.
1284 4067 1350 4116 Dedi
1365 4083 1453 4134 nempe

300 4132 342 4182 43.
383 4133 465 4190 Ganos,
483 4145 609 4181 canescere
626 4139 689 4182 certe
709 4131 859 4198 incipientes,
892 4130 1020 4181 lectionem
1037 4133 1175 4182 sBentieio
1274 4133 1404 4189 itssn,tsm
1420 4135 1454 4182 rei

301 4194 411 4261 adeoque
419 4195 448 4245 de
459 4193 573 4259 fugientis
584 4197 660 4246 estatis
671 4213 716 4245 usu
731 4205 861 4260 utrumque
891 4211 966 4259 quam
976 4196 1101 4245 Lstiniteti
1111 4198 1189 4261 magis
1198 4213 1230 4246 vn
1240 4205 1304 4262 gnte,
1315 4199 1342 4244 is
1351 4207 1454 4245 essemus

299 4260 578 4324 eogrsviusnsonsntes.
610 4261 860 4326 Compersntrtnecr.
892 4263 1218 4324 -oomusreligutnnoduss,
1232 4269 1261 4310 ut
1274 4260 1334 4308 mihi
1349 4260 1455 4318 ridetur,

303 4324 385 4381 xxxvi,
399 4325 425 4382 9,
443 4325 533 4374 Πολια1
554 4323 668 4389 στέφουσι
690 4325 779 4390 stipas.
813 4326 861 4382 Δὸς
891 4323 1019 4374 laventem.
1036 4326 1101 4375 Mors
1110 4325 1355 4384 Iamne,edmorem
1364 4326 1455 4390 puelle

300 4386 628 4454 113ωρ,βάλάἳνον,ὦπαῖ.
663 4389 769 4444 odorati,
785 4388 860 4452 signi·
892 4391 1034 4454 Spartam
1051 4390 1160 4454 quemvis
1176 4391 1216 4440 liic
1229 4389 1362 4456 puellarum
1379 4391 1454 4455 Sper·

302 4451 400 4502 licenter
420 4453 451 4502 de
471 4453 501 4501 iis
522 4452 565 4518 qui
584 4462 654 4508 seno,
672 4469 757 4504 sueves
777 4454 861 4503 odores
892 4462 1002 4503 unimus
1016 4454 1106 4503 crinem
1121 4454 1147 4502 in
1159 4455 1248 4503 nodum
1260 4452 1389 4518 colligendi
1399 4469 1453 4502 snos

302 4513 414 4580 spirante,
426 4517 527 4583 capillos
538 4526 662 4568 coronent.
690 4521 783 4582 Assyria
793 4538 800 4565 :
811 4517 861 4568 vid.
893 4518 966 4567 solius
978 4519 1071 4568 llos-etii
1082 4518 1218 4569 testimonio
1228 4517 1321 4568 nititur.
