3150 5200
608 346 771 413 LIBER
794 350 822 427 Ι,
845 352 877 415 6.

254 496 399 561 Ludiora
414 496 505 579 quid,
522 498 667 581 plausus,
683 511 717 565 et
731 503 825 567 amici
839 502 926 568 dona
942 506 1104 579 Quiritis?

252 597 330 671 Quo
346 599 525 682 spectanda
538 601 646 677 modo,
662 624 728 685 quo
744 624 842 667 sensu
856 606 964 670 credis
978 618 1012 672 et
1027 613 1105 674 orel

252 700 320 773 Qui
336 701 427 764 timet
442 698 493 763 his
509 702 657 779 adversa,
673 702 741 767 fere
756 706 892 771 miratur
906 708 1033 785 eodem,

189 800 229 864 10
252 800 329 874 Quo
345 804 492 886 cupiens,
509 817 623 886 pact03
648 827 748 888 pavor
763 818 815 869 cst
829 810 1003 892 utrobique
1019 812 1185 891 molestus,

250 902 430 987 Improvisu
446 904 540 967 simul
556 906 681 989 species
696 917 842 972 exterret
856 919 1040 995 utrumque.

249 1005 417 1083 Gaudeat,
433 1029 476 1070 an
490 1006 599 1071 doleat
608 1035 617 1084 ;
640 1010 762 1093 cupiat,
778 1020 961 1090 metuatne3
984 1015 1064 1098 quid
1079 1016 1122 1080 ad
1137 1039 1215 1093 rem,

251 1107 298 1184 Si,
314 1108 472 1192 quicquid
486 1108 568 1171 vidit
583 1108 697 1173 melius
713 1112 848 1195 pejusve
864 1134 924 1176 sua
938 1136 1009 1196 spe,

249 1207 380 1273 Defixis
396 1210 510 1286 oculis,
526 1212 697 1294 animoque
712 1222 746 1276 et
761 1234 899 1297 corpore
915 1219 1047 1299 torpet?

187 1310 227 1372 15
249 1309 359 1387 Insani
375 1312 504 1394 sapiens
519 1334 636 1376 nomeu
651 1312 746 1391 ferat,
763 1337 876 1397 aequus
889 1317 1003 1400 iniqui,

248 1410 343 1475 Ultra
358 1436 455 1497 quarn
471 1414 549 1477 satis
564 1423 615 1478 est
630 1415 781 1479 virtutem
797 1418 825 1479 ei
839 1429 930 1501 petat
944 1420 1058 1502 ipsam.

247 1513 263 1578 I
278 1536 374 1589 nunc,
391 1526 562 1599 argentum
576 1526 610 1579 et
624 1538 762 1580 marmor
778 1528 882 1594 vetus,
898 1542 1029 1602 aeraque
1043 1529 1078 1584 et
1092 1530 1179 1585 artes

248 1614 397 1699 Suspice,
414 1638 486 1680 cum
502 1618 636 1700 gemmis
651 1616 771 1699 Tyrios
786 1618 903 1683 mirare
919 1618 1061 1684 colores:

248 1715 379 1794 Gaude,
396 1718 484 1800 quod
500 1728 649 1802 spectant
664 1718 749 1783 oculi
765 1730 797 1783 te
812 1717 897 1783 mille
911 1720 1114 1804 loquentem:

181 1818 226 1881 ,⁶20
247 1817 383 1881 Gnarus
398 1841 491 1883 ruane
506 1818 623 1896 forum,
639 1830 672 1883 et
687 1823 892 1904 vespertinus
907 1833 982 1905 pete
998 1832 1137 1901 tectum;

245 1919 299 1983 Ne
315 1920 388 2005 plus
403 1920 555 1984 frumeuti
571 1920 734 1985 dotalibus
749 1933 870 1986 emetat
885 1925 972 2007 agris

246 2020 373 2098 Mutua,
390 2032 434 2097 et,
451 2022 639 2106 indignum!
662 2024 751 2107 quod
768 2024 811 2087 sit
825 2024 993 2108 pejoribus
1007 2036 1111 2102 ortus,

246 2121 312 2187 Hic
328 2124 387 2187 tibi
403 2126 444 2186 sit
459 2126 580 2207 potine,
596 2148 693 2208 quam
708 2136 745 2189 tu
759 2124 915 2189 mirabilis
931 2125 994 2203 illi;

245 2224 412 2307 Quicquid
429 2226 490 2288 sub
507 2235 592 2288 terra
607 2236 668 2302 ent,
684 2227 718 2291 in
732 2228 879 2310 apricum
893 2227 1039 2310 proferet
1054 2238 1146 2304 aetas,

177 2326 221 2389 25
243 2323 401 2390 Defodiet
415 2326 599 2410 condetque
614 2328 770 2407 nitentia;
794 2351 894 2412 quum
905 2331 989 2394 bene
1004 2340 1118 2393 notum

156 2514 254 2559 mentis:
270 2518 295 2560 et
305 2519 407 2575 quatuor
418 2512 475 2562 anni
490 2520 597 2627 tempora
614 2514 645 2562 ad
660 2514 716 2562 nolis
750 2512 867 2563 admirare
876 2513 947 2563 modo
962 2520 1096 2577 argentum,
1109 2521 1165 2563 cett.
1177 2529 1262 2580 supera
1272 2514 1309 2564 di-

156 2590 253 2624 currum
265 2574 396 2641 prestituto
408 2587 528 2627 momento

189 2642 214 2697 t,
226 2643 250 2688 5.
268 2641 401 2689 Pomidina
417 2644 485 2690 nulla
497 2643 584 2691 imbuti
600 2653 715 2704 spectem:
748 2641 773 2690 in
790 2643 869 2692 lucem
885 2643 996 2708 proferet,
1007 2651 1033 2691 at
1048 2658 1077 2691 ea
1091 2658 1146 2707 qun
1162 2658 1234 2709 super
1247 2651 1311 2693 terra

156 2703 208 2753 siue
218 2705 272 2753 ulla
282 2705 407 2755 formidine
419 2707 620 2772 contemplentur.
706 2746 711 2757 ,
748 2705 834 2764 nitent,
846 2709 988 2756 suburram
1002 2705 1151 2756 defodientur
1161 2714 1235 2772 atque
1249 2723 1307 2756 con-

188 2770 277 2818 5—11.
304 2771 412 2819 Sensus:
442 2778 467 2817 nt
488 2770 546 2834 quid
568 2770 663 2834 judicas
685 2769 716 2820 de
747 2769 1009 2830 deutur51icetenim
1028 2769 1118 2819 divitiis
1135 2779 1161 2820 et
1180 2772 1308 2820 honoribus

155 2833 292 2883 muneribus
315 2851 370 2900 que
391 2843 452 2884 terra
475 2833 581 2900 prolertl
609 2834 667 2898 quid
685 2834 715 2885 de
748 2835 892 2900 conspicuus
902 2835 986 2883 oculos
1001 2834 1102 2883 aliorum
1114 2835 1308 2885 inteconverte·

155 2897 294 2947 muneribus
309 2898 381 2948 maria
399 2899 551 2964 (unionibus,
566 2900 647 2955 cett),
660 2899 714 2964 qui·
747 2897 788 2954 ris,
806 2898 852 2946 ibis
869 2908 949 2948 tamen
969 2915 998 2949 eo
1017 2915 1065 2964 quo
1082 2899 1165 2947 Numa
1182 2907 1206 2948 et
1222 2901 1308 2949 Ancus

155 2959 201 3010 bun
224 2962 315 3037 Arabes
337 2973 361 3012 et
380 2964 437 3012 Indi
458 2963 582 3038 ditautprl
605 2963 664 3028 quid
685 2963 715 3014 de
747 2961 822 3010 delati
832 2973 898 3012 sunt.
1201 3026 1206 3035 .
1232 3025 1259 3035 ..

153 3026 714 3157 attttlbtttlttlttttltttltt
742 3025 1187 3165 ,dilltttsstmdttbttt
1197 3041 1307 3139 {22:32³

150 3151 715 3284 ldltitlttltttbltttlltttlt
744 3153 1138 3270 litlz‘ldllllmtt
1146 3163 1306 3266 ”iffi

153 3296 208 3345 quie
225 3283 343 3332 contraria
360 3291 385 3333 et
405 3284 504 3334 adversa
525 3293 582 3334 sunt
597 3284 643 3342 his,
659 3284 712 3334 haec
745 3282 770 3331 h.
783 3300 873 3334 orata
886 3291 1006 3348 argentea·
1068 3298 1145 3329 armar
1154 3287 1305 3337 muote-

152 3345 237 3394 eodem
251 3355 321 3412 pacto
336 3347 441 3405 miratur,
453 3365 501 3414 quo
516 3349 537 3397 ie
552 3349 595 3414 qui
609 3349 653 3398 illa
669 3365 712 3397 cn·
745 3362 782 3396 rea
802 3357 902 3405 statuae
913 3357 1020 3398 veterum
1032 3345 1172 3396 Graecorum
1189 3345 1307 3394 artificum

153 3408 207 3484 pit;
229 3425 303 3474 pavor
321 3419 410 3469 autem,
428 3412 529 3462 simulac
547 3429 583 3462 res
601 3412 712 3478 quedam
744 3426 818 3476 opera
839 3429 869 3462 er
891 3427 1007 3462 mamone
1028 3410 1149 3460 conlecta.
1189 3409 1307 3473 AEmqno:

153 3474 280 3538 improvisa
297 3481 426 3540 utrumque
437 3475 557 3542 opprimit,
569 3478 600 3525 ab
611 3484 712 3542 utreque
743 3473 852 3540 intellige
870 3492 935 3533 rana,
949 3476 1048 3532 lebetes,
1060 3483 1085 3525 et
1101 3474 1151 3522 alin
1169 3472 1258 3522 affabre
1275 3488 1306 3524 cx

150 3545 217 3602 puta
233 3554 289 3588 curn
304 3538 385 3588 dolore
400 3547 425 3588 et
440 3539 550 3588 molestia
565 3540 711 3604 conjunctus
745 3553 792 3589 nte
808 3540 889 3590 lacta:
906 3556 961 3605 sup.
973 3539 1022 3590 od.
1034 3539 1067 3595 iv,
1079 3542 1104 3596 8,
1116 3539 1142 3594 2,
1157 3548 1230 3602 grato
1249 3553 1305 3587 era.

151 3609 198 3652 ent.
744 3603 777 3651 Et
787 3614 858 3661 ortes,
869 3603 927 3652 artis
942 3619 1031 3670 opera:
1049 3603 1099 3652 vid.
1110 3601 1194 3668 aupl.
1206 3599 1305 3651 Ladv.

187 3665 226 3723 1³,
240 3668 279 3716 14.
296 3667 443 3732 Si—Defitir
458 3669 539 3725 oculis,
551 3675 608 3716 cett.
620 3665 709 3732 signifi·
743 3669 768 3724 6,
780 3675 804 3716 et
814 3668 845 3717 nd
856 3671 907 3716 Sat.
918 3667 936 3724 i,
948 3671 973 3725 t,
985 3670 1026 3717 28.

151 3738 233 3780 canter
248 3746 301 3798 pro,
313 3731 343 3788 ni,
354 3740 459 3797 quantun
475 3740 581 3798 quantus
599 3739 644 3787 est,
657 3747 710 3796 per·
777 3732 816 3779 19.
834 3732 981 3796 Laqueum,
993 3731 1065 3781 verba
1080 3729 1207 3781 facientem
1225 3726 1305 3780 colam

150 3794 257 3843 cutiturl
288 3795 468 3861 Quirealiqua
481 3805 544 3845 totus
557 3795 679 3860 abripitur,
691 3795 712 3842 is
744 3810 775 3861 po
794 3795 843 3843 ulo.

151 3859 236 3908 oculos
252 3859 279 3908 in
293 3875 323 3909 ea
333 3860 423 3924 defigit,
436 3870 461 3909 et
472 3860 551 3909 animo
570 3869 642 3926 atque
658 3875 710 3908 cor-
776 3811 817 3906 lo.
836 3859 932 3906 vartr
942 3873 1008 3905 mana
1015 3858 1113 3923 somn.-
1130 3859 1161 3907 ad
1177 3857 1266 3911 loenua,
1277 3865 1305 3930 pt

151 3938 207 3988 pore
218 3930 242 3970 to
284 3939 309 3972 re
319 3933 345 3973 et
355 3925 455 3974 deficere
467 3923 558 3990 incipit.
743 3921 845 3978 videtur,
857 3921 1025 3977 exercendum,
1036 3922 1075 3970 vel
1088 3922 1130 3984 (ut
1146 3937 1202 3985 nup.
1213 3921 1265 3970 Sat.
1277 3933 1303 3976 u,

143 4009 149 4022 =
185 3987 224 4036 16.
267 3991 391 4050 braquam
403 3991 508 4046 ratiaert,
521 4003 571 4055 pro,
584 3987 648 4036 ultra
659 4003 709 4035 mo·
743 3988 768 4042 6,
779 3986 826 4050 23)
838 3985 869 4033 ad
879 3984 950 4032 fidem
961 3984 1087 4049 oponsione
1098 3983 1290 4056 praestandam..

149 4050 226 4112 dum;
244 4051 286 4116 qui
297 4051 323 4101 in
333 4052 428 4100 virtutis
439 4052 518 4102 studio
530 4067 644 4126 unqueeo
656 4067 710 4117 pro·
774 4051 816 4098 21.
839 4050 969 4104 Donatum,
987 4063 1034 4095 non
1053 4048 1144 4114 patriis,
1162 4047 1205 4097 ted
1222 4061 1304 4096 uxorin

148 4115 215 4178 gredi
229 4123 314 4171 tentat,
325 4132 374 4181 quo
389 4131 458 4165 nemo
470 4116 579 4182 progredi
591 4123 676 4181 potent,
690 4115 710 4162 is
742 4113 798 4162 dote
809 4112 923 4177 acceptia.

148 4193 245 4244 operam
256 4179 340 4246 perdit
773 4179 816 4226 22.
835 4177 926 4234 Mutus,
938 4175 1010 4224 bomo
1024 4174 1144 4240 ignobilia,
1157 4175 1238 4223 uxoris
1248 4175 1302 4226 dote

183 4245 288 4292 17-27.
307 4243 417 4293 Distinxi
438 4243 501 4293 huno
521 4243 600 4292 locum
620 4243 663 4298 ita,
683 4251 711 4290 ut
742 4241 810 4290 dives
820 4241 906 4298 lactus,
914 4239 1053 4339 puicunque
1063 4239 1159 4288 demum
1167 4238 1209 4288 ille
1221 4239 1302 4314 luerit,

149 4306 271 4367 ἀπόδοσις
281 4323 296 4356 a
307 4323 376 4358 versu
387 4309 420 4356 24
431 4309 538 4373 incipiat,
550 4317 574 4356 et
588 4321 664 4372 usque
680 4306 710 4354 nd
742 4317 773 4362 et,
783 4308 920 4370 indignum.
940 4306 1000 4369 quod
1010 4307 1050 4362 rit,
1063 4311 1120 4352 cett.
1130 4303 1211 4360 ethic,
1222 4303 1302 4378 rudig-

147 4387 172 4420 v.
178 4374 210 4420 27
217 4371 371 4437 producatur.
392 4373 477 4422 Nexus
485 4370 654 4422 sententiarum
663 4371 710 4419 lere
743 4385 800 4418 num
812 4383 870 4418 sane
880 4378 905 4418 et
913 4369 953 4417 vix
965 4367 1105 4417 serendum!
1124 4383 1178 4415 cum
1189 4367 1302 4440 ignobilr-

147 4435 203 4484 hic:
219 4436 290 4494 Quod
300 4443 379 4486 autem
390 4436 421 4485 ad
429 4436 610 4486 admirationem
623 4449 708 4488 rerum,
742 4449 781 4483 ore
793 4435 846 4482 loco
857 4441 927 4481 natus
937 4434 1092 4487 sitammam
1103 4439 1170 4479 tuum
1213 4431 1303 4480 trunnd

149 4500 239 4565 quibus
255 4500 373 4554 beatiores
390 4501 598 4568 exsplendeecunt,
616 4498 709 4554 attinet,
742 4513 776 4609 sp,
787 4514 860 4563 quam
871 4506 898 4547 tu
910 4497 1016 4546 animum
1027 4496 1082 4560 ejus
1094 4495 1124 4545 ad
1135 4503 1157 4545 te
1169 4509 1183 4543 a
1200 4503 1286 4546 vertar.

689 4577 734 4626 ⁰3

553 2577 684 2628 ecedentia.
748 2577 813 2627 vitiis
824 2578 885 2628 elion
889 2596 897 2639 ς
914 2578 1029 2643 quicquid
1040 2578 1086 2626 sub
1098 2586 1159 2628 terra
1169 2577 1237 2636 latet,
1249 2588 1308 2629 etan
