3150 5200
675 335 862 395 HORA'l'Il
884 337 1049 400 METRA.

681 489 919 645 Terruitlurbem.

363 671 439 730 Est'
431 692 462 730 m
477 682 569 732 metro
582 675 619 733 vi.

285 762 331 822 14.
354 764 465 825 Versus
487 767 704 830 Archilochins
710 773 812 844 minor,
827 798 849 836 s.
864 778 988 839 dimeter
1001 777 1261 857 hypercatalectus,
1274 797 1297 838 s
1311 778 1435 856 penthe-

361 861 488 922 mimeris
503 861 718 946 (πενθημιμερ1ς)
724 868 875 948 dactylica

519 1061 624 1119 Pulvis
596 960 704 1120 lt
678 1065 779 1134 umbra
760 962 949 1126 inmite.
940 1069 979 1138 iv,
995 1070 1023 1138 7,
1039 1069 1085 1128 16.

363 1151 504 1213 Horatius
517 1157 650 1234 spondeis
663 1178 720 1217 non
735 1161 838 1218 utitur.

359 1246 436 1308 Est'
429 1271 459 1308 1n
472 1255 564 1311 metro
577 1254 624 1310 ix:
650 1254 687 1312 of
701 1275 780 1312 num
797 1256 836 1315 20
849 1268 879 1316 et
893 1258 941 1326 21,
956 1269 1063 1336 atquae
1077 1259 1117 1316 ibi
1131 1250 1383 1335 praemissasunt.

282 1338 328 1396 15.
351 1339 461 1404 Versus
474 1346 632 1424 dactylicus
646 1357 816 1408 tetrameter
829 1353 995 1422 mtalectus,
1009 1374 1032 1411 s
1046 1363 1215 1412 tetrameter
1227 1353 1364 1413 heroicus.

459 1647 461 1652 ·
519 1440 654 1686 Carmine
662 1639 801 1704 perpetuo
812 1633 965 1692 celebrare.
1005 1636 1026 1703 i,
1041 1633 1069 1704 7,
1084 1637 1111 1692 o.

518 1721 544 1779 0
550 1723 649 1798 fortes
658 1723 818 1802 pejoraque
825 1729 918 1803 passi.
960 1731 980 1798 i,
995 1731 1023 1799 7,
1037 1732 1085 1789 30.

516 1815 677 1874 Mensorum
692 1814 831 1896 collibeat
845 1820 996 1902 Arichyta.
1037 1826 1057 1894 i,
1075 1825 1123 1894 28,
1147 1827 1176 1893 2,
1197 1828 1246 1904 qui
1268 1825 1431 1883 rarissimus

1235 1931 1288 1979 est.

357 2003 497 2064 Horatius
518 2029 654 2069 caesuram
676 2015 827 2073 constitnit
848 2025 912 2091 post
933 2015 1055 2089 primam
1073 2015 1213 2092 syllabam
1238 2027 1288 2074 aut
1309 2014 1435 2074 secundi
1540 2077 1545 2085 ,

354 2109 405 2157 aut
418 2101 498 2160 tertii
512 2104 613 2180 pedis;
636 2111 765 2187 exceptis
778 2121 824 2170 ter
837 2110 966 2167 versibus
981 2109 1053 2167 Odae
1066 2109 1106 2168 28
1119 2109 1169 2168 lib.
1184 2111 1203 2167 i.

355 2192 409 2251 Est
423 2194 452 2251 in
468 2207 559 2256 metro
573 2200 633 2258 xiii.

277 2285 323 2344 16.
344 2286 456 2348 Versus
469 2290 649 2365 Alcmunius,
663 2299 713 2375 qui
727 2309 771 2358 est
785 2300 946 2377 dactylicus
960 2309 1128 2359 tetrameter
1142 2299 1324 2360 acatalectus.

353 2569 389 2626 cf.
404 2589 485 2630 num.
503 2573 513 2630 l
541 2617 547 2631 .

276 2659 320 2729 l7.
352 2660 463 2725 Versus
477 2574 645 2732 heiameter
660 2672 830 2753 (heroicus),
844 2678 895 2754 qui
908 2688 952 2737 est
965 2680 1130 2739 catalectus.

388 2774 1029 2957 llll

394 2948 450 3005 Vos
476 2952 579 3029 quibus
605 2964 646 3013 est
676 2958 768 3015 virtut
794 2874 957 3018 muliebrein
984 2963 1075 3021 tollite
1101 2962 1214 3019 luctum.

1127 3057 1219 3135 Epod.
1236 3056 1282 3128 16,
1295 3058 1343 3117 39

349 3136 502 3198 Interdum
525 3144 668 3219 spondeus
686 3159 731 3206 est
753 3148 783 3206 in
805 3149 874 3209 sede
894 3153 1007 3229 quinta,
1024 3154 1044 3222 i,
1063 3155 1112 3223 28,
1129 3155 1185 3224 21;
1213 3154 1307 3231 Epod.
1323 3152 1368 3220 13,
1382 3155 1420 3222 9,

350 3230 396 3302 16,
413 3232 458 3301 17.
502 3234 665 3314 Aliquoties
686 3260 793 3301 caesura
810 3264 867 3302 non
887 3246 918 3303 in
936 3247 1020 3306 initio
1037 3249 1118 3325 pedis
1135 3251 1216 3309 tertii
1233 3249 1283 3308 sed
1300 3246 1420 3307 secundi

346 3328 584 3404 etquartisimul
603 3335 822 3406 constituitur,
814 3358 833 3405 1,
849 3339 876 3407 7,
891 3340 948 3410 29;
970 3340 1061 3409 28,5
1102 3344 1197 3420 Epod.
1212 3344 1258 3413 16,
1273 3343 1320 3400 21.
1362 3339 1421 3399 Ter

347 3440 384 3478 ne
397 3422 445 3479 hrc
458 3422 575 3499 quidem
589 3427 789 3499 observatur
780 3451 801 3499 1,
816 3431 864 3501 28,
881 3433 916 3491 15
930 3436 1031 3505 etse
1053 3437 1147 3515 Epod.
1165 3438 1211 3507 15,
1225 3439 1253 3497 9.

347 3513 426 3573 Est
417 3536 448 3573 1n
462 3520 609 3589 metroix,
623 3542 653 3592 x,
668 3524 730 3593 xiii,
745 3526 805 3595 xvi,
820 3528 888 3585 xvii.

680 3697 838 3757 Versus
852 3697 1010 3779 logooedict'.

345 3796 435 3856 Sic'
415 3820 436 3857 u
456 3801 604 3863 dicuutur
606 3825 715 3876 versus,
737 3810 767 3866 in
788 3812 894 3888 quibus
915 3815 1018 3873 seriem
1039 3816 1210 3893 dactylicam
1232 3775 1417 3897 subsequitur

265 3891 352 3967 series
362 3896 512 3955 trochaica.
540 3899 657 3959 Nomen
667 3902 889 3979 logaoedicorum
904 3910 973 3968 inde
984 3923 1167 3988 acceperunt,
1178 3912 1254 3989 quod
1264 3913 1417 3991 rhythmus

266 3984 423 4064 dactylicus
439 3995 513 4050 ἀοιδ“
496 4020 521 4065 y,
536 3995 695 4055 trochaicus
709 3999 775 4074 λόγῳ
790 4004 1026 4063 accommodatior
1039 4018 1093 4065 est

265 4079 310 4137 18.
344 4082 455 4145 Versus
469 4086 606 4149 Alcaicus
619 4091 828 4171 decasyllabus,
839 4110 972 4157 constans
986 4120 1003 4157 c
1018 4099 1129 4159 duobus
1143 4100 1266 4181 dactylis
1278 4102 1416 4163 totidem·

342 4198 400 4255 que
414 4181 553 4241 trochaeis.

532 4277 847 4361 -vauvvy-U-

525 4363 674 4442 Purpurci
688 4376 813 4427 metuunt
827 4373 972 4449 tyranni.¹
997 4375 1018 4443 i,
1033 4375 1082 4444 35,
1098 4375 1143 4433 12.

341 4451 395 4511 Est
409 4453 440 4511 in
455 4466 547 4516 metro
561 4459 620 4517 viii.
653 4505 656 4509 .
1131 4496 1134 4501 ·
