3150 5200
285 408 331 471 xii
725 399 995 468 PRAEFATIO.

283 615 371 658 erem
391 593 422 655 in
443 592 550 655 verbis
575 591 655 655 scite
678 592 763 654 inter
783 613 818 654 se
834 588 1042 655 conciliandis
1057 598 1091 653 et
1106 599 1182 674 apte
1197 589 1437 674 distinguendis

284 733 394 776 curam
409 712 515 795 posui,
531 711 608 795 quia
623 732 688 774 non
703 731 776 773 raro
796 708 860 774 loci
879 707 1010 772 obscuri
1029 707 1162 770 mutatis
1176 717 1211 772 et
1224 708 1345 771 rectius
1360 729 1438 772 con-

284 830 406 893 stitutis
430 829 691 894 distinctionibus
712 827 818 892 lucem
838 823 1161 908 accipiunt-Quod
1175 825 1218 888 ad
1233 825 1437 909 conjecturas

284 948 410 1024 attinet,
426 971 508 1032 quas
531 947 653 1031 passim
676 945 778 1029 oequis
802 944 933 1008 arbitris
956 941 1184 1027 dijudicandas
1207 942 1242 1004 in
1261 943 1347 1006 notis
1361 964 1438 1026 pro-

284 1067 391 1152 posui,
415 1089 526 1131 earum
552 1075 630 1140 tres,
651 1084 733 1146 quas
756 1063 791 1126 in
815 1072 940 1127 textum
961 1061 1150 1144 reciperem,
1173 1059 1263 1123 haud
1287 1060 1437 1144 indignas

284 1185 396 1262 habui,
417 1185 570 1259 rationes,
588 1204 631 1246 ex
653 1181 773 1266 quibus
792 1180 856 1244 hoc
876 1180 996 1243 factum
1015 1190 1077 1256 est,
1093 1179 1251 1242 neminem
1271 1177 1364 1241 facile
1379 1177 1438 1240 im-

284 1305 498 1388 probaturum
522 1321 594 1364 esse
620 1297 780 1377 confisus3
813 1296 936 1362 scilicet
960 1297 1069 1381 Epist.
1094 1298 1116 1373 i,
1141 1297 1191 1372 10,
1206 1297 1260 1373 47,
1284 1317 1356 1380 pro,
1380 1303 1438 1359 out

284 1422 395 1499 sarcit,
412 1421 500 1497 dedi,
516 1420 604 1484 laud
620 1419 737 1492 serravit,⁸
761 1417 870 1502 Epist.
886 1417 909 1493 i,
926 1415 979 1492 20,
995 1436 1092 1478 versu
1108 1412 1231 1490 ultimo,
1247 1436 1308 1498 pro
1322 1415 1435 1499 inepta

284 1539 434 1616 lectione,
466 1510 569 1616 duait,
593 1537 729 1603 exhibui
756 1535 862 1610 dnu,·
891 1534 1002 1618 Epist.
1025 1532 1069 1597 ad
1095 1532 1164 1596 Pis.
1189 1534 1265 1610 245,
1291 1554 1364 1616 pro,
1394 1555 1436 1596 ac

278 1680 364 1744 pene
372 1658 534 1742 formes,
550 1653 778 1720 excudendum
794 1654 915 1729 curavi,
931 1661 988 1716 out
1002 1673 1088 1736 pene
1099 1650 1437 1736 foramen—Eodem

284 1776 423 1841 fortasse
442 1777 517 1860 jure
541 1773 610 1836 Sat.
635 1773 657 1848 i,
682 1772 732 1848 10,
754 1771 807 1848 59,
828 1793 901 1855 pro,
916 1791 955 1834 ac
969 1769 999 1832 ei
1012 1770 1046 1832 in
1061 1778 1154 1832 textu
1172 1767 1237 1852 legi
1256 1770 1372 1854 possit,
1394 1791 1438 1832 an

283 1895 325 1970 ri,
340 1893 429 1977 quod
453 1893 553 1957 totius
576 1891 639 1956 loci
663 1911 776 1955 sensus
798 1899 832 1953 et
845 1909 950 1982 nerpus
965 1886 1131 1971 postulare
1146 1887 1293 1966 videtur3
1316 1898 1350 1952 et
1364 1887 1436 1951 Sat.

285 2011 319 2090 ii,
335 2013 367 2088 4,
388 2012 438 2087 18,
456 2031 575 2095 param
596 2031 669 2094 pro,
690 2009 818 2083 malum,
842 2029 916 2070 nam
938 2005 1121 2088 exemplum
1145 2006 1203 2070 ubi
1224 2006 1340 2070 malum
1361 2027 1435 2090 pro,

284 2130 367 2194 mae
389 2129 531 2214 positum
558 2128 611 2205 sit,
636 2128 690 2190 vix
713 2126 876 2211 reperias:
909 2124 967 2190 sed
989 2124 1051 2188 has
1073 2135 1108 2188 et
1130 2124 1209 2188 alias
1233 2126 1437 2208 conjecturas

285 2247 466 2312 doctiorum
477 2247 603 2331 judicio
616 2246 799 2330 relinquere
813 2244 922 2308 malui.

330 2364 472 2443 Deinde,
494 2386 568 2429 cum
586 2363 746 2427 Horatius
768 2364 810 2426 ab
829 2383 895 2425 una
916 2362 1077 2425 sententia
1096 2360 1138 2423 ad
1154 2359 1288 2424 alteram
1302 2370 1440 2444 repente

285 2492 320 2546 et
344 2487 415 2559 παρὰ
442 2483 591 2559 προσδοκίαν
621 2481 759 2543 transire
787 2479 902 2555 soleat,
925 2479 960 2541 ld
983 2478 1150 2563 proeclpue
1171 2461 1251 2542 milli
1275 2477 1440 2562 agendum

287 2620 360 2665 esse
383 2598 506 2683 putavi,
528 2610 565 2662 ut
587 2596 726 2664 lectores
750 2599 793 2663 ad
818 2598 1050 2662 sententiarum
1072 2620 1192 2662 nexum
1215 2599 1439 2676 adverterem

286 2716 450 2805 quomodo
465 2715 564 2780 altera
581 2715 673 2780 alteri
688 2717 898 2802 respondeat,
915 2701 1084 2794 docerem3
1105 2727 1139 2781 et
1154 2718 1234 2802 quid
1249 2718 1292 2781 ad
1308 2726 1440 2781 senten-

285 2838 348 2902 tias
371 2838 455 2900 inter
479 2856 513 2900 se
537 2836 771 2900 consociandos
789 2835 1008 2920 supplendum
1022 2846 1057 2900 et
1071 2837 1177 2900 animo
1192 2836 1368 2901 tenendum
1383 2835 1438 2912 sit,

285 2953 634 3027 monerem-Quodsi
657 2965 763 3018 tamen
788 2954 927 3019 fortasse
942 2954 1017 3030 sint,
1033 2955 1153 3037 quibus
1169 2952 1325 3017 inhaere
1340 2952 1441 3037 paulo

285 3074 453 3138 verbosior
467 3072 567 3137 fuisse
583 3073 705 3149 videar,
721 3071 767 3136 illi
787 3072 972 3137 uberiorem
993 3071 1224 3136 sententiarum
1247 3072 1382 3135 invicem
1403 3093 1440 3135 se

285 3193 516 3277 excipientium
537 3190 773 3274 expositionem
794 3214 815 3255 a
833 3191 974 3255 tironum
993 3189 1173 3254 rationibus
1193 3178 1283 3253 haud
1301 3188 1440 3254 alienam

286 3334 359 3375 esse
377 3312 531 3396 cogitent.

330 3429 483 3513 Denique
507 3430 540 3492 in
563 3429 736 3493 verborum
759 3429 1027 3514 interpretatione
1050 3427 1097 3490 ita
1121 3438 1269 3491 versatus
1290 3448 1373 3503 sum,
1387 3436 1437 3504 ut,

286 3546 443 3631 quicquid
458 3545 500 3608 ad
512 3566 552 3609 ea
564 3555 652 3611 recte
664 3546 869 3631 explicanda,
881 3545 1085 3621 illustranda,
1098 3555 1132 3609 et
1142 3546 1269 3610 idoneis
1280 3543 1439 3629 exemplis

286 3662 507 3729 confirmanda
536 3675 672 3749 spectat,
702 3665 876 3749 diligenter
912 3666 1128 3739 observarem,
1158 3684 1367 3746 exponerem,
1405 3673 1439 3728 et

287 3806 416 3848 sensum
429 3782 476 3845 rei
488 3783 604 3866 cuique
618 3794 729 3868 aptum
744 3785 821 3849 inde
835 3784 994 3848 elicerem.
1024 3782 1105 3847 Non
1119 3781 1288 3867 compilavi
1303 3780 1440 3845 aliorum

287 3902 415 3977 scrinia,
432 3900 490 3964 sed
513 3923 587 3984 quae
610 3903 726 3985 cuique
751 3902 924 3978 debentur,
946 3900 1134 3964 nominatim
1157 3901 1344 3965 doctissimo
1367 3898 1439 3963 Ho-

285 4021 359 4083 ratii
383 4019 553 4102 interpreti
579 4018 738 4084 Lambino
766 4020 821 4099 (ex
844 4020 937 4104 cujus
961 4020 1111 4083 ubertate
1131 4020 1241 4103 plures
1262 4019 1440 4102 irrigarunt

287 4160 362 4201 suos
378 4136 549 4218 hortulos),
564 4136 731 4201 bonafide
746 4136 896 4201 indicavi.

304 4254 386 4319 -Ad
416 4254 547 4319 Horatii
577 4254 701 4318 Satires
731 4267 832 4331 recte,
863 4258 953 4333 scite,
982 4268 1015 4320 et
1045 4265 1196 4320 accurate
1224 4254 1435 4339 explicandas

286 4384 397 4437 nostra
412 4382 507 4436 aetate
522 4371 634 4447 multa,
648 4374 744 4437 immo
765 4374 860 4458 plura
880 4373 1018 4438 fortasse
1039 4395 1136 4457 quam
1157 4395 1239 4458 opus
1260 4384 1342 4450 erat,
1363 4394 1439 4436 con-

287 4490 359 4554 tulit
383 4490 445 4553 Vir
468 4490 731 4567 Eruditissimus‚
757 4491 989 4569 Heinrlorlius3
1013 4516 1031 4555 a
1056 4492 1149 4575 cujus
1165 4491 1225 4555 viri
1240 4501 1348 4555 tamen
1363 4512 1439 4553 auc·
