3150 5200
556 357 721 425 LIBER
744 356 807 437 111,
833 361 863 425 7.

348 507 486 573 Portare
501 509 616 588 firstes,
633 511 682 576 sol
696 513 754 576 ubi
768 513 925 576 montium

347 609 496 676 Mutaret
509 615 653 690 umbras,
668 624 702 678 et
712 614 795 697 juga
809 613 954 678 demeret

392 711 507 776 Bobus
523 712 679 798 fatigatis,
693 715 830 778 amicum
911 711 917 720 ’

436 813 585 899 Tempus
600 839 700 900 agens
716 817 857 880 obeunte
872 839 981 882 curru.

282 916 325 980 46
346 917 514 981 Damnose
528 917 609 1000 quid
622 939 687 981 non
700 918 860 982 imminuit
875 918 969 982 diest

347 1017 446 1080 AEtas
462 1028 646 1100 parentum,
662 1021 849 1103 pejoratis,
867 1021 941 1084 tulit

388 1118 462 1182 Nos
477 1119 662 1202 nequiores,
677 1141 753 1183 mox
768 1119 904 1193 daturos

434 1219 629 1304 Progeniem
643 1220 850 1285 vitiosiorem.

553 1542 759 1609 CARMEN
783 1543 862 1609 Vll.

501 1774 568 1822 AD
620 1773 912 1822 ASTERIEN.

304 1933 398 2007 Qum
412 1933 484 2010 fles,
500 1931 645 2010 Asterie,
661 1954 758 2016 quem
772 1933 834 1998 tibi
847 1932 979 1998 condidi

302 2033 412 2100 Primo
426 2035 600 2100 restituent
615 2056 692 2098 vere
706 2033 854 2110 Favonii,

345 2135 466 2221 Thyna
479 2158 587 2200 merce
601 2137 745 2212 beatum,

390 2237 581 2311 Constantis
589 2239 743 2322 juvenem
754 2236 833 2314 fide,

114 2368 179 2402 eam
197 2359 289 2401 mature
305 2351 376 2401 duros
392 2351 418 2400 in
478 2353 483 2364 '
513 2355 605 2404 labores
615 2353 689 2403 susti·
722 2353 959 2417 confluentem)
972 2353 1037 2419 quod
1051 2354 1156 2418 vulgere,
1168 2362 1196 2402 ut
1211 2353 1282 2404 dece·

115 2432 181 2467 nere
198 2417 338 2472 docuerunt,
353 2424 410 2466 cett.
434 2368 530 2483 'grilion
546 2436 621 2482 equor
635 2435 688 2467 tun-
721 2417 764 2464 bet
778 2431 893 2480 magnum
907 2427 1010 2482 poetam,
1024 2417 1171 2467 suavissimis
1187 2427 1212 2467 et
1227 2418 1282 2466 dul-

113 2486 199 2545 μένω
209 2482 309 2530 Punico:
326 2489 374 2529 tres
384 2481 545 2531 nobilissimas
559 2483 615 2531 illas
627 2498 688 2556 pnq·
720 2479 830 2529 cissimos
846 2481 901 2530 vite
915 2482 1009 2532 rustice
1024 2497 1109 2532 sensus
1122 2481 1281 2534 excitantibus

115 2561 167 2594 nas
187 2544 285 2594 navales
304 2545 408 2611 respicit,
428 2545 516 2611 quibus
536 2546 688 2611 Carthagini·
721 2544 915 2598 adumbravitim
948 2546 1043 2607 'nibus3
1062 2545 1279 2606 Mutaretumbrus,

114 2626 197 2659 enses
213 2609 239 2657 in
257 2610 322 2659 bello
338 2611 433 2659 Punico
465 2610 524 2659 rimo
541 2627 556 2659 a
572 2611 689 2660 Romanis
721 2610 773 2659 sole
788 2610 854 2659 enim
868 2610 912 2659 dec
944 2619 998 2661 ente
1015 2611 1113 2669 umbre,
1125 2619 1154 2660 ut
1164 2611 1282 2676 Virgilius

116 2674 279 2737 adAEgates,
288 2674 390 2724 ducibus
401 2676 453 2724 Dur
463 2674 486 2722 ‘o
496 2684 522 2723 et
532 2675 629 2724 Lutatio
639 2676 687 2724 Ca·
720 2673 729 2720 l
763 2675 836 2733 uitur,
845 2684 956 2723 crescunt
964 2676 1053 2741 majore
1083 2674 1282 2725 uedemontibus

116 2740 188 2795 tulo,
199 2738 323 2802 splendide
333 2738 390 2787 victi
404 2746 477 2787 sunt:
495 2740 529 2788 cl.
541 2755 595 2804 sup.
606 2740 633 2794 ii,
647 2742 686 2795 12,
720 2753 734 2785 c
766 2746 820 2786 unt.
859 2740 924 2803 lugu
945 2742 1042 2789 demeret
1086 2742 1139 2789 obus
1155 2740 1280 2805 fatigatis,

117 2804 145 2850 3.
165 2803 297 2866 Pyrrhum,
310 2802 461 2868 Epirotarum
472 2818 550 2867 regem
560 2812 585 2851 et
596 2804 686 2853 Taren·
719 2800 777 2849 hinc
796 2803 890 2852 Grecis
906 2812 1000 2869 tempus
1011 2804 1170 2869 vespertinum
1188 2803 1280 2852 dictum

116 2866 229 2914 tinorum
241 2867 343 2923 socium,
354 2882 371 2915 a
382 2866 456 2916 Curio
471 2876 497 2916 et
511 2867 621 2917 Fabricio
635 2884 687 2933 per-
719 2874 757 2913 est
765 2865 894 2928 βούλυσις,
904 2867 1037 2931 βουλυτὸς,
1049 2867 1172 2917 Theocrit.
1182 2868 1225 2925 vii,
1238 2868 1279 2924 56,

114 2929 253 2979 domitum:
267 2932 332 2981 l‘lor.
343 2932 361 2988 i,
374 2933 414 2980 ltl.
447 2932 594 2988 Antiochum,
662 2948 687 2981 m
720 2930 819 2979 Homer.
829 2930 903 2979 Iliad.
912 2932 960 2989 xvi,
972 2930 1194 2987 treatment.
1215 2932 1279 2979 Ami·

116 2994 211 3059 Syrie,
230 3011 245 3044 a
264 2994 393 3053 Romam
414 3011 476 3059 quos
495 2996 526 3043 ab
548 2947 687 3045 llanisilile
718 3010 770 3042 cum
781 2994 954 3058 Tnnpruagcns
965 2998 1061 3043 absume
1071 3012 1155 3050 curru,
1168 2994 1193 3041 b.
1205 3008 1227 3043 e.
1239 2994 1280 3058 ju·

115 3059 269 3108 sollicitatus
289 3058 356 3107 bello
373 3060 481 3124 petierat,
497 3059 605 3132 primum
626 3059 686 3108 mari
718 3057 835 3116 cundum,
850 3058 946 3123 quando
960 3058 1055 3107 decedit
1068 3072 1140 3106 curru
1157 3072 1209 3112 suo,
1221 3058 1279 3106 be.

114 3123 189 3173 duce
209 3123 311 3172 AEmilio
337 3123 445 3187 Regillo,
466 3121 553 3172 deinde
572 3132 634 3172 terra
654 3124 686 3172 nb
718 3122 816 3179 occidit,
833 3130 927 3187 tempus
944 3121 1076 3176 adducens,
1094 3136 1129 3169 sc.
1143 3119 1248 3176 rusticis,
1265 3136 1281 3169 a

115 3187 208 3237 Acilio
219 3187 352 3237 Glabrione
361 3194 386 3235 et
397 3188 469 3236 Corn
481 3186 593 3253 Scipione
602 3188 685 3236 debel·
717 3192 813 3249 peracto
824 3201 894 3251 opere
905 3184 991 3233 diurno
1002 3192 1052 3234 tum
1063 3201 1088 3233 re
1105 3184 1279 3244 uiescentibus;

115 3251 217 3310 latum
232 3255 356 3315 ingentem,
374 3250 405 3299 ad
420 3250 472 3315 ejus
490 3251 593 3300 nominis
606 3259 684 3316 etpo-
717 3265 796 3313 qens,
815 3249 923 3299 similiter
938 3249 1002 3315 apud
1014 3250 1083 3313 Virg.
1133 3248 1150 3297 l.
1167 3246 1218 3305 viii,
1239 3248 1278 3307 17,

115 3315 207 3364 tende
215 3314 402 3377 magnitudinem
413 3314 593 3378 designandam.
615 3316 684 3363 Han·
717 3313 816 3379 Lucifer
827 3316 913 3361 ulmum
927 3315 985 3361 diem
1003 3330 1071 3378 agore
1085 3328 1136 3380 pro,
1151 3311 1278 3371 adducere,

114 3380 227 3426 nitatem
244 3382 338 3426 dirum:
361 3379 469 3428 similiter
489 3379 533 3427 inl.
551 3378 585 3434 iv,
608 3381 633 3434 t,
654 3381 687 3427 42
716 3376 830 3443 ἐπάγειν,
841 3377 937 3426 dicitur.

116 3442 264 3496 Hannibal,
281 3443 312 3489 ob
327 3443 389 3491 diras
402 3444 523 3507 irasquas
537 3450 620 3491 contra
634 3443 686 3490 Ilo·
751 3442 858 3491 45-40.
886 3443 1000 3489 Damnum
1021 3444 1079 3505 quid
1099 3458 1143 3489 non
1162 3444 1278 3491 imminuit

115 3510 480 3619 ttttffltt‘tddt.
500 3507 689 3633 tttttt
719 3505 1278 3635 difflui.llllllffiffssldlblll

116 3605 388 3699 ligonibuimruatepro
399 3606 501 3699 vulgaii,
518 3634 606 3690 fodere,
621 3634 687 3698 quod
718 3650 781 3690 sum,
794 3633 882 3682 damno
898 3635 1003 3683 efficiens
1017 3642 1040 3683 et
1051 3607 1178 3683 ittenuaus
1188 3634 1276 3683 omnia.

117 3698 247 3772 Virgilius
263 3697 288 3746 in
302 3698 355 3747 loco
367 3700 410 3747 illo
421 3697 451 3747 de
462 3698 534 3747 veteri
545 3699 625 3747 Italis
635 3698 685 3746 dis·
719 3698 789 3760 Pejor
800 3702 857 3755 nois,
868 3698 944 3747 multo
958 3714 1056 3746 avorum
1074 3706 1144 3747 etate
1157 3698 1274 3747 deterior:

115 3762 215 3827 ciplrns
235 3762 385 3819 suaumimo,
405 3764 466 3811 AEn.
483 3762 517 3818 ix,
537 3763 594 3819 6⁰⁸,
612 3761 686 3809 simili
717 3761 752 3809 sic
763 3762 812 3811 lere
822 3778 876 3827 sup.
887 3762 903 3819 i,
916 3764 940 3818 7,
957 3764 997 3819 25,
1016 3762 1122 3811 Fortuna
1139 3765 1219 3811 melior
1233 3780 1276 3824 pu·

115 3835 209 3875 ornatu
224 3826 286 3875 dixit
301 3837 388 3875 terrum
403 3830 486 3875 muro
500 3829 600 3876 domare.
633 3828 685 3893 Op·
716 3836 781 3875 rcntc
801 3842 852 3901 pro,
876 3827 960 3875 melior
977 3826 1081 3891 parentis
1103 3826 1206 3881 senuna,
1227 3827 1278 3874 sive

115 3890 686 4005 muttitstntets‘ttut
716 3890 1276 4004 sustulissemusest:

116 3971 152 4066 ii
177 3991 264 4067 usn.
280 4020 326 4069 us.
347 4018 365 4075 i,
385 4018 457 4067 ems.
472 3962 547 4082 1diii.
580 3991 686 4077 nuere}
717 4017 859 4066 namnum
867 3970 1152 4082 litnrdnemiomnim
1166 3970 1276 4088 nicor-

117 4083 146 4130 lr.
159 4084 308 4142 e.Scbinis;
325 4083 389 4148 apud
405 4083 506 4131 Sabinos
522 4081 587 4131 enim
603 4098 686 4132 severa
717 4082 780 4145 poris
807 4081 886 4135 robur,
915 4094 989 4144 quam
1015 4080 1089 4127 animi
1110 4079 1277 4141 integnutem,

115 4146 349 4211 illadisciplina,de
360 4162 408 4211 qus
420 4162 496 4196 sermo
507 4156 551 4202 est,
561 4146 600 4195 vel
608 4148 685 4195 maxi-
717 4144 793 4208 magis
818 4144 942 4208 magisque
966 4156 1111 4207 unaquaque
1136 4150 1205 4191 etate
1226 4158 1278 4190 cor-

117 4227 161 4259 me
169 4210 260 4274 viguit:
274 4211 306 4259 cl.
315 4212 385 4274 virg.
393 4212 454 4261 Geo.
464 4210 490 4268 ii,
500 4212 546 4259 167
555 4226 610 4275 sqq.
627 4212 686 4259 Fus-
718 4208 806 4272 rumpi,
819 4208 843 4253 in
858 4222 901 4255 sua
915 4215 962 4255 tem
994 4221 1021 4254 ra
1035 4206 1279 4271 poetaaccommoda·

116 4283 302 4329 tes,sarmenta.
319 4276 687 4323 ScucrcMcrricadarbttrlum:
720 4272 763 4320 vit.
797 4270 909 4319 Laudant
925 4272 950 4318 in
985 4286 1030 4319 ane
1051 4270 1192 4320 seutentiam
1211 4270 1280 4318 Atat.

116 4354 150 4386 en
162 4340 285 4402 egregium
297 4355 385 4387 severas
397 4340 531 4405 discipline
542 4339 687 4403 exemplum,
722 4336 847 4385 Phaenom.
860 4337 914 4392 123,
926 4345 951 4384 et
961 4335 1057 4384 Homer.
1070 4335 1158 4400 Odyss.
1170 4334 1194 4392 ii,
1206 4334 1264 4382 276.

9 4413 18 4428 ¹·
115 4402 164 4450 nbi
175 4403 207 4450 ad
222 4405 305 4451 matris
322 4402 382 4452 adeo
400 4413 487 4453 nutum
502 4403 535 4453 ita
551 4412 691 4452 exercentur

8 4492 12 4515 ι
116 4466 180 4514 filii!
216 4468 255 4513 Sol
268 4470 308 4515 not
326 4468 433 4515 Mutant
443 4470 545 4524 umbros,
560 4475 617 4515 cett.
629 4476 689 4515 tem·
884 4464 1037 4513 CARMEN
1057 4464 1120 4513 VII.

116 4545 179 4595 porc
202 4531 347 4597 vespertino,
368 4540 438 4581 nocte
464 4539 599 4598 appetente,
624 4533 690 4596 (uos,
757 4528 875 4584 Asterien,
888 4528 918 4577 de
930 4528 1034 4593 longiore
1049 4529 1160 4577 amatoris
1172 4527 1218 4585 sui,
1230 4528 1284 4593 Gy·'

713 4612 729 4643 r.
