3150 5200
270 331 335 395 iso
496 300 497 303 ‘
649 325 1042 392 nprsronnaun

273 500 277 505 '
359 482 524 547 Ostendat
539 482 599 545 tibi
614 490 664 559 te3
688 504 728 545 ne
743 481 829 544 fidos
844 482 929 544 inter
943 480 1063 543 amicos

293 585 336 647 25
358 584 419 661 Sit,
436 586 491 667 qui
508 583 595 649 dicta
610 582 698 647 foras
713 581 872 658 eliminet;
896 593 933 644 ut
947 589 1041 644 coeat
1051 581 1116 664 'par

357 685 587 768 Jungaturque
602 685 683 768 pari.
730 682 868 747 Butram
883 682 955 758 tibi,
972 681 1227 771 Septiciumque,

359 786 406 849 Et
421 787 483 850 nisi
498 808 592 850 coena
606 786 696 869 prior
711 785 884 868 potiorque
898 782 1008 867 puella
1024 782 1182 846 Sabinum

358 888 506 965 Detinet,
523 910 700 951 assumam:
723 886 815 951 locus
831 896 882 949 est
895 896 930 949 et
943 883 1093 968 pluribus
1108 884 1250 961 umbris3

359 988 427 1053 Sed
442 990 536 1053 nimis
552 1000 642 1053 arcta
655 998 808 1073 premunt
822 986 919 1051 olida
934 986 1083 1051 convivia
1095 1006 1214 1068 caprae.

293 1090 338 1154 30
358 1088 424 1167 Tu,
440 1100 560 1174 quotus
575 1112 648 1154 esse
663 1089 754 1166 velis,
770 1089 933 1166 rescribe;
955 1097 1000 1163 et,
1017 1087 1116 1150 rebus
1131 1086 1270 1161 omissiS,

358 1190 453 1256 Atria
470 1202 650 1257 servantem
666 1192 792 1275 postico
806 1190 880 1253 falla
896 1189 1056 1254 clientem.

686 1461 926 1528 EPISTOLA
949 1462 1010 1527 Vl.

643 1677 710 1723 AD
751 1675 1055 1723 NUMICIUM.

359 1818 430 1881 Nm
445 1818 597 1881 admirari
611 1838 715 1901 prope
731 1838 782 1880 res
797 1826 848 1879 est
863 1838 938 1891 una,
955 1815 1099 1890 Numici,

359 1918 514 2002 Solaque,
530 1940 604 2002 quae
620 1919 723 2003 possit
738 1918 846 1981 facere
862 1929 895 1981 et
911 1939 1040 1981 servare
1054 1919 1197 1982 beatum.

361 2020 461 2085 Hunc
477 2021 587 2097 solem,
604 2032 637 2085 et
653 2020 773 2096 stellas,
791 2031 824 2083 et
839 2019 1032 2084 decedentia
1046 2021 1143 2083 certis

359 2121 526 2206 Tempora
540 2123 720 2198 momentis,
738 2132 824 2197 sunt,
841 2122 897 2203 qui
912 2119 1082 2185 formidine
1097 2119 1186 2184 nulla

315 2226 335 2287 5
357 2223 479 2288 imbuti
493 2234 658 2308 spectent:
683 2223 762 2306 quid
778 2244 891 2286 censes
907 2244 1041 2286 munera
1058 2225 1175 2285 terraet

356 2325 448 2398 Quid
463 2326 560 2389 maris
575 2336 737 2389 extremos
753 2322 884 2388 Arabas
900 2323 1034 2387 ditantis
1047 2333 1081 2387 et
1095 2322 1221 2387 Indos?

272 2512 296 2568 4,
305 2512 345 2567 st,
357 2510 422 2557 illota
434 2512 528 2565 toralia,
541 2508 582 2557 ubi
594 2509 643 2559 vid.
655 2516 704 2557 not.
727 2508 829 2571 Mappa:
862 2508 967 2563 umbras,
980 2508 1071 2557 alarum
1086 2508 1132 2558 iste
1147 2508 1205 2556 odor
1215 2508 1322 2558 conniis
1336 2510 1429 2560 arctius

270 2574 302 2622 ci.
314 2589 367 2639 sup.
380 2573 411 2622 ad
421 2574 473 2622 Sat.
485 2572 511 2630 ii,
523 2577 546 2630 t,
559 2576 600 2623 al.
863 2572 1062 2622 accumbentibus
1086 2588 1115 2623 eo
1138 2572 1230 2638 gravior
1254 2582 1278 2623 et
1305 2573 1430 2625 molestior

305 2639 346 2695 23,
368 2639 409 2684 24.
438 2638 552 2700 Corrago
574 2655 653 2686 nores:
680 2653 757 2693 nares,
776 2654 832 2686 enm
864 2647 936 2686 esset.

271 2701 361 2750 malurn
383 2699 477 2748 odorem
497 2701 602 2758 trahunt,
624 2701 650 2748 in
673 2716 699 2748 ιιι
731 2717 743 2750 s
764 2701 833 2766 quasi
898 2703 937 2750 30.
956 2702 1001 2759 Ta,
1018 2711 1100 2765 quenti
1117 2717 1161 2748 essa
1177 2702 1241 2759 veiis,
1259 2700 1352 2750 scilicet
1369 2719 1427 2752 cum

271 2764 762 2828 contrahi,distorqueri,etdiducisoant.
798 2766 834 2814 Ne
867 2766 966 2822 umbris,
996 2781 1022 2814 ro
1030 2765 1131 2831 vulgari,
1142 2765 1251 2822 rescribe,
1263 2767 1432 2829 quotumbras

272 2846 318 2876 non
328 2839 350 2877 et
365 2830 491 2877 cantharus
500 2837 522 2876 et
534 2830 597 2884 ianr,
611 2829 721 2877 Ostendat
737 2831 780 2878 titi
795 2841 832 2878 ta:
866 2837 946 2878 tecum
958 2783 1104 2879 adducturus
1121 2828 1163 2887 sis,
1174 2829 1222 2886 vel,
1234 2838 1294 2894 quot
1310 2830 1373 2905 apud
1388 2847 1430 2881 me

272 2901 299 2941 ut
320 2901 369 2940 tam
391 2891 508 2946 canthari,
527 2908 599 2956 quam
619 2892 694 2942 lancis
713 2893 774 2942 bene
790 2893 831 2942 de·
864 2909 961 2942 coenare
978 2893 1022 2942 tibi
1036 2894 1140 2959 placeat.
1172 2894 1257 2950 Rebar,
1268 2908 1348 2943 causis
1364 2911 1429 2960 quas

270 2965 339 3005 tersa
355 2967 379 3006 et
397 2957 477 3022 polite
492 2956 604 3022 splendor
621 2957 749 3020 imaginem
766 2965 832 3006 tuam
864 2956 1024 3007 defendendas
1034 2967 1169 3023 susceperat
1178 2959 1322 3022 Torquatus.

271 3020 327 3069 inda
348 3037 508 3088 repercussam
530 3020 574 3069 tibi
596 3030 755 3096 representet.
791 3023 831 3070 De
896 3023 937 3070 at.
954 3023 1024 3070 Atria
1037 3032 1171 3079 meantem,
1188 3022 1214 3070 in
1232 3025 1293 3071 atrio
1311 3031 1335 3072 te
1350 3038 1426 3088 oppe-

270 3088 389 3198 porpgtape,
401 3086 483 3152 poculi
496 3101 590 3149 genere,
607 3087 655 3135 ud.
673 3102 727 3152 sup.
740 3085 771 3135 ad
782 3087 830 3135 Od.
864 3086 971 3136 rientem.

271 3164 289 3206 ι,
336 3185 343 3205 ,
371 3186 377 3198 .

304 3215 410 3262 25-27.
429 3213 547 3272 Etiminet,
564 3214 684 3275 eleganter
699 3231 751 3280 pro,
766 3216 833 3264 evul-
1029 3215 1199 3264 EPISTOLA
1216 3216 1265 3264 vl.

271 3287 319 3340 get,
340 3278 449 3326 effutiat:
473 3295 528 3342 quie
549 3277 619 3326 amici
636 3276 696 3327 inter
713 3295 739 3328 sa
755 3280 830 3328 collo·
898 3279 1037 3327 Humanam
1047 3277 1184 3328 felicitatem
1194 3279 1225 3327 ab
1240 3279 1320 3327 animo
1335 3278 1423 3327 nilad·

271 3349 386 3404 quantur,
399 3356 428 3390 ea
444 3351 510 3388 extra
523 3341 597 3389 limen
615 3341 656 3388 ubi
674 3352 834 3392 convenerant
865 3342 975 3399 mirante,
994 3343 1019 3391 h.
1034 3359 1057 3390 e.
1079 3360 1157 3408 neque
1177 3343 1277 3392 nimium
1298 3351 1427 3409 appetente

272 3419 320 3451 non
331 3419 449 3460 emanue,
460 3404 485 3451 h.
494 3421 516 3453 e.
528 3421 583 3453 cum
597 3403 651 3452 aliis
662 3407 832 3456 communicari
865 3421 944 3470 neque
963 3407 1065 3455 nimium
1083 3407 1182 3457 timente
1198 3407 1339 3472 quidquam,
1357 3423 1424 3471 repe·

271 3476 296 3517 et
317 3467 430 3532 patefieri,
452 3467 548 3517 debent.
584 3470 641 3524 Par,
663 3471 705 3532 qni
724 3471 790 3521 alteri
810 3480 834 3521 et
865 3470 971 3529 tendam,
982 3479 1007 3520 et
1017 3486 1111 3518 omnem
1122 3487 1217 3537 operam
1231 3470 1423 3520 invirtutiastu·

271 3539 341 3582 aetate
359 3541 383 3581 et
400 3532 518 3581 sentiendi
534 3533 667 3645 apendique
686 3534 775 3584 ratione
792 3552 835 3600 par
866 3533 1052 3600 disponendam
1063 3550 1123 3593 esse,
1134 3535 1301 3602 philosophica
1310 3535 1426 3599 gravitate

272 3604 316 3652 est,
328 3595 370 3661 qui
382 3597 464 3646 eadem
475 3613 530 3645 cum
541 3609 614 3646 atero
629 3597 708 3646 studia
723 3608 834 3649 sectatur.
865 3598 944 3648 docet.

272 3659 329 3716 Pro,
348 3663 514 3726 Septiciumque
532 3671 588 3710 anta
607 3662 743 3711 Bentleiurn
765 3663 830 3728 lege-
896 3665 919 3711 l.
938 3662 982 3711 Nit
995 3667 1117 3718 admirari,
1128 3670 1186 3712 cett.
1198 3663 1266 3711 nulla
1280 3663 1377 3713 omnino
1388 3680 1421 3720 re,

270 3724 350 3781 batur,
384 3725 570 3790 Septimiumqae,
604 3734 631 3774 ut
658 3727 832 3791 intelligeretur
862 3726 912 3775 sive
930 3727 986 3775 lata
1007 3727 1056 3775 sive
1079 3727 1147 3782 tristi,
1168 3727 1269 3790 graviter
1288 3729 1360 3786 affici,
1379 3727 1421 3777 sed

273 3787 349 3836 Titius
369 3789 499 3851 Septimius,
517 3789 587 3857 cujus
601 3805 655 3855 sup.
672 3791 749 3856 Epist.
766 3795 791 3850 3,
808 3811 831 3840 v.
864 3806 959 3855 equam
969 3791 996 3839 in
1009 3793 1079 3840 rebus
1095 3791 1175 3840 arduis
1185 3791 1272 3856 pariter
1284 3792 1347 3856 (Od.
1357 3791 1384 3848 ii,
1396 3794 1421 3847 3,

271 3853 462 3902 9mentiosacta
476 3863 521 3902 est.
556 3855 831 3921 Coenaprior,adquam
866 3856 894 3916 l)
912 3864 984 3921 atque
1002 3855 1027 3902 in
1049 3855 1117 3904 bonis
1135 3864 1239 3904 mentem
1258 3872 1358 3912 servare,
1377 3856 1422 3904 hoc

269 3915 322 3982 jam
341 3919 373 3966 ab
391 3917 438 3966 alio
459 3929 558 3967 vocatus
579 3927 630 3967 est:
654 3923 736 3980 potior,
754 3937 831 3969 coena
863 3935 937 3968 unum
955 3935 999 3968 noa
1013 3919 1096 3968 beatos
1110 3919 1208 3969 reddere
1223 3930 1248 3969 et
1258 3929 1368 3986 prestare
1379 3937 1423 3985 po-

270 3981 335 4094 apff
366 3981 592 4095 met'praelerenda:
626 3998 676 4048 pro,
704 3987 830 4048 potiorque,
863 3992 917 4057 teat.
930 4047 936 4058 ι
951 3986 1071 4096 Αὲωξζαή
1089 3984 1193 4096 jtiprlpe
1212 3984 1297 4048 quavis
1344 3984 1424 4097 81le

270 4061 294 4092 m
321 4063 363 4102 nn,
387 4064 480 4095 orosae.
864 4063 964 4095 animia
982 4063 1084 4097 acrone.
1203 4063 1283 4097 arasa
1300 4065 1316 4097 u
1406 4083 1422 4104 .‚

303 4111 344 4158 29.
363 4065 436 4159 gilde
453 4128 535 4172 capra,
547 4111 659 4176 caprinus
676 4109 714 4158 vel
729 4109 835 4161 hircinus
865 4111 942 4176 μηδὲν
957 4112 1101 4176 θαυμάζειν·
1142 4064 1217 4161 ebeatgis
1233 4065 1316 4162 tabdla
1327 4130 1352 4178 p.
1363 4114 1423 4169 2³2,

270 4172 341 4222 loetor
358 4177 403 4223 sub
421 4173 465 4222 alis
485 4173 625 4234 hominum3
646 4177 726 4238 gravis
745 4177 831 4231 tirsus,
864 4175 1148 4259 τὸΔαιμΙόνιονικεὶῖεύει,
1159 4179 1193 4241 μή
1211 4177 1389 4252 Θαυμάζεηζ,14,
1401 4195 1427 4226 τι

270 4239 434 4375 ddiiffl‘tli,
447 4239 833 4353 sipflsgudrdpgietflffiffiaspp
865 4241 1427 4362 pgmffigpmpfflffipfflpssffiap

270 4377 347 4428 spexit
361 4365 474 4432 aliquem,
485 4382 566 4429 quem,
578 4365 622 4413 hoc
641 4367 705 4414 malo
721 4367 831 4416 laboran-
856 4367 952 4417 divitiis
979 4383 1051 4432 qnam
1077 4370 1102 4418 in
1127 4369 1258 4418 honoribus
1283 4369 1425 4436 appetendis

270 4431 441 4485 tem,umbram
450 4429 536 4478 adduci
546 4429 650 4484 nolebat,
659 4430 739 4479 addita
748 4445 830 4487 causa,
864 4432 961 4481 nimius.
1339 4478 1343 4484 .

270 4507 310 4550 ne,
321 4493 340 4541 si
354 4496 489 4559 Torquatos
506 4493 586 4558 plnres
604 4509 684 4544 securn
703 4494 831 4546 adduceret
895 4499 920 4553 3,
932 4500 957 4545 4.
976 4496 1007 4544 Et
1023 4499 1153 4546 rimatio
1169 4499 1237 4547 certis
1249 4497 1357 4560 Tempora
1376 4515 1426 4544 rno-

1529 4590 1573 4883 l

174 5017 378 5158 N
