3150 5200
548 352 718 417 LIBER
742 354 805 431 111,
828 356 881 418 al.

306 509 327 570 5
362 507 473 580 Quum
488 527 547 589 per
561 507 729 570 obstantes
740 507 897 589 juvenum
912 519 1057 572 catervas

355 609 422 671 Ibit
436 609 596 691 insignem
610 618 762 691 repetens
778 609 980 688 Nearchum,

356 711 494 774 Grande
509 721 683 787 certamen,
699 711 759 774 tibi
771 712 886 794 praeda
901 713 996 777 cedat

661 811 782 896 Major,
797 835 838 876 an
853 813 910 878 illi.

358 913 502 989 Interim,
518 914 596 976 dum
611 924 648 976 tu
662 912 784 978 celeres
801 915 937 998 sagittas

295 1016 336 1080 10
357 1015 495 1091 Promis,
511 1015 583 1078 hoec
598 1015 713 1078 dentes
729 1017 817 1079 acuit
832 1017 1004 1094 timendos,

355 1116 491 1181 Arbiter
505 1137 625 1201 pugnae
640 1117 789 1199 posuisse
805 1117 894 1180 nudo

661 1218 732 1281 Sub
746 1218 832 1301 pede
848 1217 985 1301 palmam

358 1319 488 1396 Fertur,
505 1330 539 1383 et
552 1319 618 1383 leni
633 1341 781 1383 recreare
797 1330 894 1382 vento

357 1421 514 1505 Sparsum
529 1421 674 1484 odoratis
686 1420 857 1484 humerum
873 1420 1014 1503 capillis:

298 1523 338 1586 15
360 1522 475 1596 Qualis
490 1532 548 1586 aut
561 1521 685 1585 Nireus
700 1521 773 1598 fuit,
788 1533 845 1585 aut
860 1545 982 1604 aquosa

659 1622 791 1707 Raptus
807 1625 849 1686 ab
864 1622 933 1686 Ida.

555 1826 759 1891 CARMEN
788 1826 888 1891 XXI.

506 2003 574 2049 AD
613 2002 934 2050 AMPHORAM.

363 2127 396 2190 O
413 2147 505 2190 Nara
519 2147 645 2188 mecum
659 2124 792 2188 consule
808 2124 945 2200 Manlio,

361 2227 429 2290 Seu
443 2238 480 2290 tu
494 2226 655 2310 querelas,
672 2225 739 2288 sive
754 2227 841 2309 geris
852 2226 959 2309 jocos,

144 2413 202 2458 ralis
213 2412 281 2474 ponit
289 2429 298 2470 ς
314 2411 393 2474 cogita
403 2410 476 2474 igitur
488 2427 531 2476 per
544 2413 705 2472 meantesja-
739 2414 769 2458 tis
787 2413 906 2460 laeseram
920 2414 1020 2473 capillis,
1036 2413 1060 2460 h.
1072 2428 1094 2462 e.
1110 2413 1243 2472 humamm,
1257 2435 1297 2468 su·

142 2491 227 2522 vescas
248 2484 350 2523 carneas
372 2476 479 2530 comites,
502 2475 545 2538 qni
566 2489 593 2521 se
615 2475 706 2530 leenae,
739 2489 780 2586 per
792 2491 841 2540 quo
858 2476 941 2540 capilli
956 2479 1084 2550 unguentis
1098 2479 1197 2528 delibuti
1208 2482 1297 2532 dellua-

142 2548 261 2604 raptorem
280 2539 415 2587 catulorum
431 2553 528 2586 suorum
547 2538 707 2603 persequenti,
756 2547 807 2587 ant.
825 2540 950 2588 Horatium
958 2539 1062 2590 imrtatus
1073 2550 1110 2590 est
1121 2543 1223 2593 Ovidius
1232 2546 1299 2595 Fast.

145 2611 279 2667 opponant.
312 2602 438 2667 lmignem,
457 2618 492 2651 sc.
508 2604 600 2661 forma,
616 2606 659 2651 ibit
670 2620 707 2650 re·
740 2602 767 2656 ii,
780 2606 837 2659 509,
851 2604 902 2653 lltat
917 2608 1017 2653 odoratis
1033 2609 1135 2655 humeros
1148 2610 1243 2675 perjissa
1259 2629 1298 2659 ca·

143 2676 230 2727 petens,
250 2683 301 2731 pro,
322 2665 367 2715 ibit
386 2674 413 2715 ut
434 2674 533 2731 repetat,
556 2666 595 2714 vel
616 2666 702 2731 repeti-
733 2670 799 2727 pillis
818 2669 921 2716 lllaaais.
963 2669 1022 2716 Leni
1037 2687 1139 2720 recreare
1158 2684 1232 2730 venta,
1254 2677 1296 2725 lla-

143 2738 205 2786 turn,
227 2738 255 2777 nt
273 2746 327 2794 sup.
349 2730 384 2786 iii,
406 2732 445 2785 14,
467 2732 491 2785 6,
516 2730 615 2777 Prodest
630 2734 704 2793 justis
735 2730 800 2779 bello
812 2732 848 2780 vel
861 2731 950 2779 tabella
965 2731 1087 2794 adhibita,
1097 2737 1220 2799 flabellum
1232 2740 1296 2788 enim

143 2803 239 2855 operata
258 2795 328 2841 Dinis
345 2810 396 2859 pro,
414 2802 442 2841 ut
458 2802 575 2858 operetur.
609 2794 706 2841 Grande
736 2794 775 2841 vel
784 2797 870 2843 tabella
889 2795 951 2857 (vid.
966 2796 999 2844 N.
1012 2798 1097 2845 Heius.
1109 2798 1140 2846 ad
1153 2800 1224 2848 Ovid.
1241 2804 1296 2851 Art.

143 2866 268 2914 remansa,
280 2860 324 2905 tili
335 2861 414 2919 preda
427 2860 493 2905 aedat
507 2858 594 2919 Major,
603 2874 635 2905 aa
650 2860 690 2906 illi
696 2875 705 2915 ;
739 2858 797 2906 Am.
812 2858 829 2915 i,
849 2859 909 2917 161)
929 2858 961 2907 ad
978 2860 1135 2910 instrumenta
1155 2864 1296 2927 pertinebat,

143 2919 170 2966 h.
186 2936 210 2969 e.
227 2920 325 2983 grandis
341 2921 487 2976 certaminis,
507 2930 588 2969 utrum
607 2921 651 2970 tibi
673 2936 705 2969 an
737 2937 793 2984 quse
804 2922 951 2971 mollioribus
966 2922 996 2971 ad
1011 2940 1096 2988 corpus
1112 2927 1243 2975 curandum
1259 2930 1296 2977 in-

143 2982 179 3030 illi
200 2985 325 3047 contingat
342 2985 450 3039 notoria,
470 2999 570 3033 causam
591 2984 705 3033 futuram.
737 2985 866 3045 servirent,
883 2986 994 3050 exempla
1004 2986 1028 3034 in
1039 2988 1101 3035 hanc
1113 3004 1161 3037 rem
1173 2990 1246 3039 vida
1265 2994 1296 3041 ud

144 3047 274 3120 lleaschns
282 3059 396 3097 certamen
410 3064 462 3113 pro,
474 3046 612 3099 certaminis
623 3064 704 3104 eausa,
739 3047 779 3096 Cl.
797 3048 897 3097 Mitsch.
936 3051 992 3097 Jarn
1010 3052 1147 3115 vero-quod
1172 3010 1297 3105 Nearclus

144 3110 241 3159 dsertur.
738 3112 870 3167 certamini,
884 3112 959 3177 ipsius
975 3128 1048 3161 causa
1062 3116 1124 3162 inter
1140 3116 1258 3179 Pyrrhum
1272 3128 1296 3169 et

173 3176 267 3223 9-16.
284 3173 497 3232 interimebantur
511 3178 592 3224 celeres
609 3178 706 3238 sagittas
738 3176 844 3240 puellam
855 3184 945 3233 exorto,
956 3176 990 3223 ita
1001 3176 1084 3227 adesse
1098 3178 1193 3234 dicitur,
1205 3189 1233 3227 ut
1244 3198 1295 3231 cor-

144 3238 244 3285 Proms's.
268 3238 345 3301 Atqui
366 3255 390 3286 v.
413 3241 437 3296 ³,
457 3248 484 3287 ut
501 3242 605 3287 innodas
626 3249 706 3299 raptor
753 3255 783 3287 us
806 3255 876 3288 suum
902 3240 991 3289 interea
1012 3249 1082 3290 vento
1109 3258 1151 3307 per
1174 3244 1295 3295 flabellum

142 3303 204 3349 dara
222 3304 297 3349 lenta
312 3304 395 3363 pratia
413 3302 532 3366 fugiturus
546 3301 704 3351 essediceba-
737 3256 801 3351 lacto
822 3304 948 3367 refrigeret,
972 3304 997 3351 id
1018 3304 1162 3355 incuriosum
1187 3308 1240 3373 ejus
1265 3311 1296 3359 de

143 3373 196 3413 tur:
214 3365 309 3413 scilicet
323 3381 372 3413 non
387 3366 468 3414 statim
484 3367 515 3415 ab
525 3366 603 3422 initio,
614 3366 665 3423 sed,
678 3374 706 3414 ut
737 3367 860 3431 utriusque
872 3383 951 3415 amore
961 3368 1067 3417 animum
1079 3370 1172 3435 egregie
1183 3372 1296 3422 declarat.

142 3428 177 3475 ibi
194 3427 299 3482 additur,
355 3432 468 3491 tpatsllo.
501 3432 596 3477 Arbiter
609 3448 704 3492 pugne,
739 3430 842 3478 Nireus:
857 3433 955 3480 Homer.
967 3432 1039 3480 Iliad.
1052 3434 1077 3489 ii,
1090 3436 1147 3491 673,
1161 3439 1258 3503 Νιρεὺς,
1268 3442 1297 3498 ὃς

143 3491 280 3566 Nearchus
296 3445 456 3565 'Kadara-sn,
477 3510 492 3542 a
512 3493 582 3557 cujus
608 3493 705 3542 arbitrio
736 3494 1096 3558 καἋλιστοςιίνὴρὺπὸἸλιον
1109 3500 1180 3559 ἦλθε.
1205 3502 1296 3564 Raptae

142 3563 326 3603 atetrtvsctona.
361 3556 466 3605 Palmam
476 3560 518 3605 salt
531 3559 587 3618 pede
596 3560 704 3619 posuisse,
736 3560 764 3604 ab
777 3559 830 3615 Ida,
848 3560 1018 3623 Ganymedes:
1042 3564 1208 3627 aquosc,quod
1226 3566 1296 3615 multi

142 3618 205 3666 nibil
222 3632 329 3673 curasse,
351 3619 397 3667 utri
449 3621 523 3669 lmarn
540 3620 616 3675 daret,
634 3620 660 3669 b.
680 3636 703 3669 e.
736 3622 815 3669 sontes
835 3621 861 3669 in
883 3630 963 3671 monte
985 3624 1031 3671 Ida
1049 3628 1187 3676 scatebant:
1222 3628 1295 3679 Ovid.

143 3690 224 3729 utrum
241 3681 385 3745 puellamP
416 3636 464 3741 lb,
481 3700 512 3732 an
531 3684 704 3757 Pyrrhumpp-
738 3686 801 3733 Met.
822 3685 848 3741 ii,
870 3687 928 3741 218,
953 3688 1096 3736 celeberrima
1111 3692 1221 3755 jbntibas
1242 3694 1295 3744 lala.

142 3744 197 3793 elle
214 3746 351 3810 praeferrem
379 3746 451 3811 plane
471 3756 499 3795 ut
517 3748 561 3794 illa
577 3746 664 3795 multer
679 3765 705 3795 sn
732 3746 788 3809 ¹10⁸»,
801 3748 1095 3812 rolvridatmtdriscca.

142 3809 230 3873 cyatho
245 3809 346 3873 caprarii
361 3810 426 3874 apud
442 3811 563 3859 Theocrit.
572 3810 590 3867 i,
601 3813 633 3859 33
650 3828 704 3875 sqq.

142 3871 267 3955 -rrdpdi
287 3872 310 3922 ol
329 3872 420 3955 ἄνδρες,
431 3876 521 3923 Καλὸν
540 3875 705 3955 ὲὼφόζοπξς
894 3877 1049 3949 can-MEN
1066 3880 1138 3927 XXI.
1220 3942 1225 3953 1

141 3935 631 4065 lattl‘rbldablal‘tssaf
648 3940 702 4051 ‘ct
735 3940 1294 4076 ..ll·.ltl{f;l.lbtltr⁰5l.ilttl.ll

138 4066 197 4135 pede
206 4067 270 4125 possi,
283 4064 322 4112 val
336 4068 431 4126 pedibas
446 4068 530 4128 saty'iei
541 4066 626 4130 (virg.
639 4068 702 4115 Geo.
735 4081 788 4114 esse
806 4064 942 4175 promisisse
961 4066 1062 4122 videtur,
1081 4067 1152 4139 quale
1170 4068 1252 4117 vinum
1269 4074 1294 4120 in

141 4126 350 4190 si,492)dicitnr,
368 4129 432 4192 quod
447 4130 630 4186 contemnimus,
643 4130 703 4178 nihil
735 4129 788 4193 ejus
823 4144 918 4177 onorem
934 4128 979 4177 boc
995 4130 1033 4177 die
1048 4128 1094 4176 sibi
1105 4130 1226 4179 latissimo
1237 4150 1294 4199 sup·

141 4205 263 4247 curamus,
278 4207 368 4255 susque
384 4192 461 4257 deque
475 4192 606 4241 habemns:
629 4197 701 4251 trado,
733 4192 882 4258 peditatums
892 4192 931 4247 sit,
941 4191 986 4240 hcc
996 4192 1206 4243 carmineindicat.
1234 4198 1294 4247 'l'ea-

142 4253 284 4311 admoram,
295 4272 343 4319 quo
354 4257 422 4320 pueri
433 4255 582 4307 delicatiores
593 4274 641 4305 nan
651 4258 701 4306 cal-
733 4265 783 4304 tam
804 4271 897 4320 nempe,
916 4271 971 4321 qun
989 4256 1072 4303 vinum
1091 4258 1225 4306 Massicum
1247 4278 1295 4309 uno

142 4318 215 4373 ceati,
238 4317 280 4367 sed
303 4319 388 4368 soleati
413 4320 564 4377 incedebant,
585 4320 703 4381 reiemnt3
735 4336 799 4368 anno
818 4336 899 4369 secum
918 4328 1001 4368 natum
1020 4328 1105 4375 servet,
1121 4321 1151 4370 de
1169 4330 1294 4383 tenturus,

142 4379 201 4428 anibi
217 4380 315 4446 quidem
335 4382 360 4430 in
379 4400 394 4433 e
410 4384 484 4432 itbeto
500 4388 570 4442 auda,
590 4385 655 4448 quod
674 4386 704 4433 ad
736 4393 760 4431 et
773 4384 817 4440 sic,
830 4383 913 4448 quanti
924 4384 1054 4432 Messalam
1065 4400 1135 4433 suum
1147 4338 1227 4443 lbciat,
1240 4405 1294 4453 pro-

141 4454 251 4517 ornamm
271 4446 383 4510 pertinet,
419 4448 468 4496 aud
484 4448 592 4513 urgenda
609 4448 703 4498 videtur
734 4448 832 4495 baturus
843 4459 887 4495 est.
921 4450 976 4505 Quo
986 4447 1083 4512 quidem
1093 4449 1149 4497 vino
1160 4450 1218 4498 satis
1228 4468 1294 4501 com-

142 4508 323 4571 significationis
333 4511 472 4576 proprietas.
504 4513 612 4573 Sparsum
622 4515 702 4560 odora-
735 4512 847 4560 mandata
866 4512 892 4560 in
912 4512 1046 4560 universam
1065 4512 1114 4561 viai
1133 4514 1228 4563 laudem
1248 4516 1294 4581 (cf.
