3150 5200
179 405 181 410 Ι
270 319 335 382 rso
642 314 1036 381 Errsronsnun

355 468 411 533 Ad
426 492 513 534 mare
530 469 707 533 descendet
722 479 812 532 votes
829 479 916 545 tuus,
932 479 967 532 et
982 469 1044 532 sibi
1059 478 1184 553 parcet,

356 569 616 654 Contractusque
631 571 734 654 leget3
759 580 803 647 te,
817 570 921 635 dulcis
937 571 1049 645 amice,
1065 572 1185 635 reviset

355 673 439 736 Cum
457 673 632 757 Zephyris,
650 674 677 736 si
691 673 863 749 concedes
879 683 913 736 et
927 671 1102 735 hirundine
1118 672 1232 755 prima.

355 773 444 851 Non,
461 797 526 858 quo
542 796 630 838 more
646 775 726 858 piris
742 775 829 838 vesci
845 774 985 838 Calaber
995 775 1092 857 jubet
1106 774 1239 859 hospes,

292 875 333 938 15
354 875 409 938 Tu
424 899 474 940 me
490 875 596 940 fecisti
611 875 815 959 locupletem.
862 874 1006 939 Vescere
1023 876 1131 960 sodes.

354 977 429 1040 dam
446 977 526 1040 sotis
540 988 600 1053 est.
646 976 695 1040 At
709 989 745 1039 tu
761 979 966 1060 quantumvis
982 977 1069 1041 tolle.
1116 977 1275 1062 Benigne.

354 1078 434 1142 Non
449 1078 552 1141 invisa
565 1077 652 1146 feres
666 1079 777 1163 pueris
792 1078 984 1141 munuscula
999 1080 1119 1162 parvis.

354 1180 439 1243 Tam
453 1190 567 1244 teneor
582 1181 679 1256 dono,
697 1203 793 1264 quam
809 1181 836 1242 si
851 1180 995 1243 dimittar
1011 1191 1158 1244 onustus.

353 1282 402 1346 Ut
416 1282 513 1346 libet:
536 1282 608 1346 baec
623 1284 731 1366 porcis
746 1281 845 1345 hodie
859 1281 1061 1345 comedenda
1075 1281 1242 1367 relinquis.

289 1383 332 1446 20
355 1382 518 1468 Prodigus
534 1394 568 1448 et
582 1385 700 1448 stultus
715 1385 828 1459 donat,
843 1405 917 1466 quae
932 1383 1057 1466 spernit
1068 1376 1105 1446 ¹et
1120 1383 1200 1446 odit.

312 1531 315 1540 .
354 1485 437 1550 Haec
454 1509 547 1570 seges
562 1488 707 1570 ingratos
721 1485 807 1561 tulit,
822 1495 857 1548 et
871 1484 955 1548 feret
969 1485 1118 1548 omnibus
1133 1485 1237 1546 annis.

353 1586 416 1650 Vir
430 1589 536 1651 bonus
550 1599 583 1650 et
600 1588 729 1670 sapiens
745 1587 854 1670 dignis
870 1587 915 1648 ait
930 1607 1003 1649 esse
1018 1594 1171 1668 paratus3

353 1687 426 1752 Nec
442 1699 548 1753 tamen
565 1691 704 1773 ignorat,
720 1688 800 1772 quid
815 1687 938 1750 distent
953 1709 1019 1749 aere
1032 1685 1164 1769 lupinis.

257 1781 268 1794 ’
353 1789 500 1874 Dignum
515 1791 679 1874 praestabo
694 1811 744 1852 me
760 1790 857 1852 etiem
872 1787 1044 1872 pro'laude
1057 1789 1223 1851 merentis.

267 1973 352 2024 ritimis
370 1977 506 2042 transigam.
546 1979 632 2032 Quodsi
649 1978 700 2043 jam
719 1976 748 2026 de
765 1984 825 2025 tern-
858 1976 910 2040 pira
932 1991 1026 2024 sumere
1042 1942 1136 2031 nolens,
1153 1973 1292 2047 'respondet
1315 1979 1424 2042 henigne.

267 2055 323 2151 itt
343 2057 360 2151 l
361 2041 619 2153 ‘tdtttsittt
630 2040 828 2154 diffindi?
858 2041 968 2152 itti
981 2039 1106 2152 ltin
1118 2054 1160 2150 ‘¹0⁰2'
1177 2040 1423 2170 tittttttidd:

266 2175 314 2230 get,
327 2139 451 2217 inmittet:
465 2141 562 2218 suino
575 2169 671 2233 (schor.
684 2143 760 2232 cinq.
772 2120 824 2216 pdo-
859 2168 930 2223 catio,
946 2119 1027 2230 ’rign
1044 2169 1085 2214 uo
1100 2137 1175 2214 ioh
1202 2183 1256 2222 noi,
1272 2170 1324 2216 un
1339 2173 1421 2234 gurg,

267 2232 337 2292 tinio)
349 2236 421 2295 agris,
433 2243 525 2282 montes
541 2242 604 2282 certe
616 2233 696 2282 Latini
713 2233 766 2282 nive
781 2233 824 2280 ob·
857 2235 911 2281 aher
935 2233 973 2278 ich
992 2233 1066 2279 danice
1080 2230 1173 2294 dofrir3
1200 2231 1234 2279 sic
1255 2234 1338 2290 καλῶς
1356 2234 1421 2297 apud

266 2295 322 2343 tecti
332 2298 539 2362 conspiciebantur
550 2298 636 2346 bieme.
860 2297 969 2344 Grecos.

301 2360 340 2406 tl.
360 2362 653 2417 enharmonicum.
693 2360 826 2409 Lambinus
892 2362 930 2408 18.
949 2359 1005 2407 Tam
1021 2369 1098 2407 teneor
1113 2360 1180 2414 dcam
1195 2367 1252 2407 cett.
1282 2361 1420 2424 Egregiein

265 2422 506 2472 sinuro‘l'arentinunr
517 2425 699 2488 intelligendum
710 2440 761 2472 esse
771 2439 840 2472 sus·-
858 2423 902 2471 boc
922 2438 1018 2488 quoque
1038 2438 1106 2470 versu
1128 2423 1233 2485 vulgaris
1252 2423 1376 2472 bominum
1393 2425 1419 2473 in

265 2485 367 2594 pientur,
394 2488 432 2535 cui
455 2489 584 2562 suspicioni
606 2489 671 2537 savet
692 2505 720 2565 Ιν.Ι
739 2490 778 2544 45,
802 2499 827 2537 et
857 2486 1013 2550 donoaliqrro
1027 2484 1159 2559 recusando
1172 2502 1250 2560 sermo
1264 2489 1417 2565 exprimitum

276 2563 398 2661 ocussup).
412 2551 459 2599 Od.
471 2569 497 2608 n,
510 2553 534 2610 6,
547 2555 642 2663 roipq.
672 2553 825 2615 Sihspareet:
858 2549 947 2600 donum
962 2559 1031 2599 tuum
1047 2549 1186 2613 equennbr
1199 2559 1292 2615 gratnm
1302 2561 1418 2609 estacsr

265 2613 310 2660 sibi
321 2628 378 2662 cave
396 2614 415 2662 it
429 2617 460 2663 eb
471 2615 501 2662 iis
510 2632 567 2727 puae
579 2631 608 2663 va
619 2616 710 2665 etudini
728 2625 823 2672 nocent,
857 2614 919 2663 illud
933 2616 1093 2679 accepissem:
1111 2630 1162 2672 nos,
1180 2616 1217 2664 ich
1234 2619 1314 2664 nehme
1330 2614 1418 2683 es'frir

191 2718 194 2725 .
265 2675 404 2740 diligentem
429 2680 508 2727 valetu

265 2740 299 2788 sic
319 2756 372 2806 sup.
392 2744 443 2790 Sat.
462 2743 479 2797 i,
499 2745 523 2798 4,
546 2744 600 2799 127,
619 2746 697 2791 mortis
710 2748 824 2792 noetosihi
892 2745 930 2791 19.
950 2744 1004 2790 Her
1018 2746 1093 2804 porcis
1110 2745 1176 2791 hedis
1192 2746 1327 2793 comedendo
1345 2748 1417 2793 retin-

262 2821 375 2866 parcere:
405 2821 448 2855 nos
484 2822 563 2870 noque
585 2807 629 2854 hoc
652 2822 723 2855 sensu
746 2807 825 2857 dicere
858 2810 916 2869 quis,
939 2823 971 2855 en
998 2807 1112 2854 rusticum
1140 2806 1178 2855 vel
1206 2806 1325 2857 bominem
1351 2810 1417 2857 inur-

265 2868 379 2927 solemus,
391 2872 438 2917 sich
450 2824 554 2919 editorum.
857 2870 963 2918 bonurn!

299 2934 337 2981 12.
369 2935 548 2997 contractusque
576 2937 650 2999 leget:
684 2943 824 2991 contractus,
888 2936 930 2982 21.
947 2935 1003 2983 Haec
1018 2952 1088 2998 seges,
1102 2944 1160 2984 cett.
1194 2936 1316 2999 Eiusmodi
1333 2951 1420 3000 sparsa

264 3011 298 3044 sc.
318 2997 342 3045 in
364 2998 445 3047 locum
465 3008 601 3064 angustum.
647 2998 760 3046 Horatius
781 2998 823 3054 ait,
857 2999 961 3046 astuitis
972 3008 996 3047 et
1007 2999 1113 3063 prodigis
1128 2998 1192 3047 dona
1204 3014 1324 3062 nunquam
1335 3008 1419 3063 gratos

264 3076 297 3116 se,
315 3077 370 3110 cum
389 3078 418 3111 ex
436 3062 498 3127 agris
516 3064 563 3112 late
574 3062 710 3127 patentibus
722 3078 747 3110 se
759 3078 824 3111 rece·
857 3062 930 3109 animi
951 3079 1035 3111 sensus
1060 3064 1216 3128 protulerunt,
1239 3078 1282 3111 nec
1300 3080 1419 3128 ‚unquam

263 3124 338 3187 pisset
349 3126 374 3174 in
385 3135 475 3176 tectum
487 3128 523 3176 vel
535 3128 675 3176 cubiculum
690 3126 824 3189 angustius,
858 3127 984 3189 proferent.

263 3198 404 3239 contractum
425 3190 655 3255 (συνεσταλμένον)
677 3190 712 3237 ibi
731 3199 826 3254 tempus
889 3192 930 3238 22.
952 3190 993 3238 Vir
1009 3193 1079 3237 bonus
1095 3201 1117 3239 et
1134 3194 1232 3252 sapiens,
1244 3191 1325 3255 qualis
1341 3200 1368 3239 tu
1381 3207 1417 3248 es,

264 3251 364 3315 legendo
382 3255 464 3304 fallere
481 3256 552 3304 velle.
586 3254 700 3303 Similiter
711 3254 826 3303 Horatius
857 3254 990 3310 Mecenas,
1002 3257 1081 3317 dignis
1090 3257 1126 3302 nit
1137 3271 1181 3301 esse
1189 3265 1287 3315 porussis
1299 3255 1327 3318 (d
1341 3257 1418 3313 καλὸς

264 3330 319 3379 sup.
331 3319 381 3365 Set.
393 3318 418 3374 ii,
431 3322 456 3373 3,
470 3322 508 3375 ll,
521 3328 605 3368 tectttm
623 3321 734 3380 tepidum,
747 3326 774 3365 ut
788 3318 824 3366 lo·
857 3316 968 3382 κᾴγαθὸς
987 3322 1039 3376 τοῖς
1058 3318 1135 3375 ἀξίοις
1152 3319 1228 3381 φησὶν
1244 3319 1308 3367 εἶναι
1326 3319 1417 3385 πρόθυ-

263 3392 320 3427 cum
331 3382 478 3431 carminibus
490 3383 620 3431 scribendis
628 3390 719 3447 aptum,
732 3381 822 3430 laudat.
854 3384 925 3446 poc),
937 3383 1025 3431 Graeca
1044 3381 1188 3430 constructio
1205 3398 1256 3446 pro,
1266 3399 1289 3429 se
1308 3394 1419 3443 paratust

297 3444 401 3492 14-19.
419 3445 455 3493 To
471 3464 504 3493 me
513 3447 595 3512 fecisti
615 3448 748 3507 locupletem
766 3454 823 3494 cett.
855 3462 899 3494 esse
908 3449 995 3509 dignis,
1008 3447 1033 3493 h.
1044 3461 1067 3494 e.
1078 3444 1108 3491 iis
1123 3446 1165 3509 qui
1174 3445 1245 3494 donis
1260 3454 1286 3494 et
1296 3446 1419 3495 beneficiis

263 3512 289 3553 tu
306 3522 344 3555 sne
360 3507 437 3556 beasti
454 3508 531 3567 donis,
550 3525 598 3557 non
618 3509 754 3566 levioribus,
775 3525 824 3558 non
856 3510 922 3573 digni
945 3510 1009 3557 sint:
1035 3509 1126 3559 Catull.
1145 3510 1177 3564 iv,
1197 3511 1223 3564 2,
1239 3511 1349 3557 Phosetus
1367 3513 1418 3567 itta,

263 3568 328 3633 piris,
340 3588 404 3635 quae,
419 3572 480 3620 nibil
497 3574 545 3621 iere
561 3574 628 3638 pretii
647 3574 767 3629 habentia,
780 3574 823 3623 ob·
856 3590 921 3636 qoem
941 3576 1032 3631 videtis,
1053 3575 1158 3634 hospites,
1176 3573 1302 3637 Aitfuisse
1323 3578 1418 3621 moion

262 3635 335 3683 trudit
353 3636 456 3685 rusticus
473 3652 498 3685 se
516 3637 667 3693 adeuntibus,
686 3653 733 3685 non
750 3637 819 3685 donis
850 3639 988 3685 celerrimus.

262 3712 317 3769 que
328 3700 440 3764 prodigus
450 3710 475 3750 et
486 3704 582 3758 stultus,
598 3700 655 3766 quia
673 3700 732 3749 nihil
768 3702 821 3749 retii
885 3703 927 3748 23.
944 3702 992 3749 Nec
1008 3711 1092 3756 tomen,
1103 3708 1161 3749 cett.
1178 3699 1241 3749 idem
1253 3709 1333 3750 nmen
1345 3702 1416 3766 probe

262 3760 291 3807 irs
321 3766 413 3823 statuit,
443 3766 523 3831 largiri
554 3768 622 3823 solet,
653 3765 695 3813 sed
724 3718 822 3820 iniibus,
856 3764 909 3821 scit,
921 3765 979 3829 qnid
994 3764 1087 3811 intersit
1097 3765 1158 3813 inter
1170 3765 1344 3820 veraetlalsa,
1355 3764 1416 3813 inter

261 3827 343 3935 pirella
355 3829 390 3876 vir
401 3831 479 3877 bonus
489 3840 513 3878 et
529 3829 623 3896 sapiens
639 3828 677 3885 iis,
695 3844 756 3893 quos
773 3828 823 3876 illis
872 3829 929 3876 roba
940 3837 963 3877 et
974 3829 1005 3876 im
1024 3830 1091 3884 roba,
1103 3828 1165 3877 inter
1176 3828 1270 3877 sincera
1279 3837 1305 3877 et
1315 3829 1414 3877 assimu-

279 3901 448 3954 rgnoscensst,
464 3894 520 3967 dere
537 3902 632 3969 paratus
645 3902 689 3943 est.
725 3895 823 3941 Calaber
855 3844 1057 3967 ilata,.b..e.idem
1070 3892 1304 3967 tamen-prpbeosclit,
1316 3892 1357 3956 qui
1370 3892 1414 3939 do-

261 3954 345 4067 opp,
358 3965 680 4085 lidiilin'iifwbpn.
709 4020 823 4068 nom..
855 3955 1414 4084 ttltttsttttlttttittthints}

261 4082 377 4131 rusticum
396 4085 515 4147 quendam
538 4083 569 4133 ed
591 4086 731 4133 nisticorum
754 4084 821 4157 inge·
855 4086 945 4146 lupinos
961 4093 1040 4132 autem
1056 4099 1105 4131 non
1121 4091 1211 4131 tanturn
1228 4084 1295 4147 pueri
1311 4083 1336 4131 in
1350 4083 1415 4131 ludis

261 4145 326 4193 nium
349 4147 524 4211 colloquentem
543 4148 636 4197 inducit
653 4164 708 4196 cum
727 4148 823 4195 homine
855 4148 988 4211 puerilibus
1000 4162 1042 4211 pro
1054 4148 1167 4201 nummis,
1180 4147 1222 4195 sed
1237 4146 1310 4195 etiam
1321 4146 1413 4195 histrio-

260 4209 303 4271 qui
327 4210 395 4258 illurn
423 4210 553 4259 salutatum
577 4219 689 4260 venerat:
720 4210 823 4259 rusticus
856 4212 935 4258 nesin
950 4210 1413 4274 comoediisproauroannumemeso·

259 4270 346 4337 hospes
357 4274 425 4322 offert
436 4274 522 4340 hospiti
535 4274 594 4339 pira,
607 4292 692 4323 vescere
704 4276 772 4329 sodes,
785 4274 822 4321 in·
856 4274 953 4332 lebant3
970 4274 1026 4323 hinc
1044 4274 1108 4339 opud
1127 4274 1210 4322 Plaut.
1228 4273 1328 4323 Poenul.
1341 4272 1376 4328 iii,
1387 4275 1413 4331 2,

260 4336 364 4397 quiens3
387 4337 472 4403 hospes
490 4338 563 4386 sumit
579 4337 699 4401 quaedam,
718 4336 818 4392 addens,
851 4339 892 4394 20,
906 4341 983 4399 lupini
994 4346 1110 4386 vocantur
1120 4354 1204 4385 norum
1218 4338 1343 4385 Conicosr.

252 4402 306 4459 jam
320 4405 375 4449 sotis
393 4412 426 4449 est
435 4418 443 4459 ‚¹
461 4410 486 4449 at
502 4418 570 4450 sume
588 4400 640 4457 tibi,
656 4401 690 4449 ait
706 4400 819 4457 rusticus,
884 4404 925 4449 24.
938 4400 1043 4466 Dignum
1049 4404 1160 4463 prestabo
1170 4418 1204 4448 me
1214 4404 1283 4448 amm
1287 4418 1330 4461 pro
1342 4402 1412 4449 leude

260 4472 376 4527 quotquot
385 4480 477 4513 sumere
487 4464 530 4513 tibi
541 4466 633 4530 placet:
646 4464 740 4530 hospes,
750 4464 821 4529 plura
853 4468 972 4513 merentis:
983 4480 1028 4528 ego
1039 4481 1134 4529 quoqne
1147 4466 1205 4526 (pso
1215 4466 1285 4512 leode
1294 4467 1411 4517 semotis.

527 2679 574 2728 inis
597 2695 678 2727 curam
706 2680 823 2740 habebit5
856 2680 1045 2744 empfangenan.
