3150 5200
545 371 708 438 LIBER
731 372 794 450 lv,
818 375 865 437 li.

220 519 279 597 Et,
294 543 368 604 quoe
383 543 469 586 nunc
484 521 627 585 humeris
643 523 824 599 involitnnt,
840 523 1023 588 deciderint
1035 547 1147 603 comoe,

219 620 319 685 Nunc
334 631 378 698 et,
394 623 451 705 qui
465 622 555 686 color
568 635 619 687 est
634 626 781 708 puniceae
796 625 877 688 flore
891 625 982 708 prior
996 647 1092 705 rosae,

163 721 188 783 5
221 720 371 785 Mutatus
388 721 580 806 Ligurinum
595 725 627 787 in
642 723 756 797 faciem
771 727 905 789 verterit
918 725 1103 811 hispidsm3

219 820 332 898 Dices,
349 823 444 889 Heu!
467 826 595 908 quoties
611 837 643 890 te
659 827 692 888 in
708 827 841 910 speculo
855 827 976 892 videris
991 828 1139 907 alterum,

221 921 306 993 Quae
321 943 410 988 mens
425 937 476 989 est
489 925 600 1004 hodie,
616 949 674 992 cur
689 928 803 991 eedem
818 950 883 993 non
897 951 1001 1013 puero
1016 930 1102 995 fuiti

112 1041 120 1052 ·
219 1021 285 1086 Vel
298 1045 358 1086 cur
370 1024 422 1088 his
436 1027 549 1091 animis
564 1027 740 1092 incolumes
756 1051 821 1093 non
835 1030 975 1094 redeunt
989 1035 1103 1116 genoet

558 1347 766 1414 CARMEN
790 1350 853 1414 Xl.

472 1577 543 1623 AD
583 1576 943 1626 PHYLLIDEM.

349 1733 420 1798 Esr
434 1734 512 1798 mihi
528 1757 647 1799 nonum
662 1738 846 1820 superantis
861 1759 980 1801 annum

349 1834 470 1899 Plenus
486 1832 607 1899 Albani
622 1837 740 1901 cadus:
765 1849 816 1901 est
830 1839 864 1901 in
877 1838 985 1914 horto,

347 1936 466 2020 Phylli,
482 1938 649 2002 nectendis
665 1941 773 2022 apium
788 1940 936 2003 coronis:

650 2039 712 2102 Est
726 2039 859 2104 hederae
873 2041 922 2102 vis

294 2139 315 2198 5
348 2137 465 2215 Multa,
483 2161 547 2222 qua
562 2140 666 2204 crines
682 2139 817 2224 religata
832 2140 949 2224 fulges.

347 2238 449 2302 Ridet
464 2251 599 2323 argento
614 2240 749 2303 domus:
773 2264 831 2303 ara
845 2243 943 2304 castis

346 2339 466 2404 Vincta
481 2342 640 2416 verbeniS,
657 2353 730 2404 avet
746 2342 909 2405 immolato

645 2441 801 2526 Spargier
815 2465 910 2526 agno.

348 2539 474 2607 Cuncta
489 2541 621 2606 festinat
635 2565 766 2608 manus:
791 2543 855 2608 huc
871 2556 904 2608 ct
919 2543 994 2608 illuc

129 2742 178 2783 ens,
191 2726 237 2783 rel,
249 2736 278 2773 ut
295 2725 408 2775 Horatius
424 2742 478 2792 sup.
490 2726 524 2779 iii.
537 2728 578 2781 20,
594 2728 633 2784 lt,
645 2728 688 2775 lu·
722 2736 785 2777 uteo
797 2728 961 2802 msgislocum
971 2726 1092 2791 relinquat
1102 2726 1156 2792 ejus
1162 2728 1281 2792 precibus,

129 2794 198 2839 meris
217 2791 309 2851 capillis
330 2806 430 2851 sparsus,
453 2790 483 2839 sd
505 2791 600 2839 formosi
623 2792 690 2856 pueri
722 2792 825 2856 primum
835 2808 886 2857 Jsrn
898 2800 981 2857 purete
993 2799 1018 2840 et
1029 2791 1145 2839 edorusts
1155 2807 1207 2840 esse
1217 2792 1282 2866 opud

130 2870 229 2903 veneres
247 2854 365 2917 pertinet:
384 2855 416 2902 ci.
433 2854 477 2901 int.
496 2855 574 2921 Epod.
593 2856 632 2909 ll,
649 2856 690 2903 28.
722 2871 747 2903 se
769 2857 859 2911 omnis,
877 2872 933 2919 que
950 2855 1017 2919 juste
1035 2854 1083 2903 diei
1103 2855 1156 2903 testi
1178 2865 1282 2919 requiret

132 2918 203 2965 Nune
214 2928 245 2972 et,
257 2920 297 2981 qui
304 2919 374 2972 color,
387 2927 443 2967 cett.
457 2918 541 2982 junge,
551 2926 575 2967 et
586 2926 690 2967 mutatus
722 2920 859 2975 celebratio,
870 2929 978 2975 ensrrst3
994 2918 1089 2973 deinde,
1103 2934 1132 2965 ne
1144 2919 1240 2982 Phyllis
1252 2920 1283 2967 sit

130 2982 204 3036 color,
218 2982 261 3055 qui
275 2996 339 3029 nunc
354 2989 390 3029 est
400 2982 462 3045 prior
478 2983 533 3031 flore
548 2998 607 3030 resse
619 2982 689 3047 puni·
723 2985 804 3032 nescia
816 2983 913 3047 quentis
930 2981 1019 3031 letitiis
1030 2982 1166 3035 advocetur,
1179 2998 1205 3030 se
1216 2984 1280 3031 Me-

128 3044 493 3157 fflggsnymyffl.
511 3046 688 3158 ttulit·
721 3044 1282 3172 ttttttdtmutttt’.ttthttttlff

188 3144 195 3165 t
229 3144 235 3157 ⁸
264 3145 270 3157 ¹
678 3138 688 3148 '
866 3146 873 3164 s
1274 3144 1281 3167 s

129 3172 211 3223 ductu
225 3124 375 3221 etdelohiies
386 3174 454 3223 lecte
466 3126 688 3238 suilintdttgurs-
721 3181 781 3230 turn,
804 3190 834 3223 ne
853 3173 953 3238 Telephi
974 3173 1032 3220 torte
1048 3186 1127 3219 umore
1144 3186 1170 3219 se
1187 3172 1281 3220 retineri

130 3254 196 3291 num,
216 3252 266 3301 pro,
283 3246 315 3293 te,
330 3237 434 3285 suaviter
447 3253 542 3292 nomeu,
555 3236 620 3301 quod
638 3246 689 3286 tum
721 3240 824 3302 patietur
835 3240 867 3286 sb
876 3239 921 3285 hoc
933 3237 989 3285 lseto
999 3234 1119 3291 convivio,
1126 3233 1205 3291 illum,
1209 3250 1281 3347 guero

130 3302 209 3349 inore
221 3301 325 3348 omniurn
336 3310 395 3356 erat,
407 3303 483 3366 pouit.
518 3302 598 3348 Color:
614 3301 688 3350 notis·
722 3303 804 3359 stulte,
816 3313 843 3350 ut
853 3310 916 3350 sorte
927 3301 973 3349 sibi
983 3300 1110 3365 disparem,
1122 3307 1197 3363 petet,

130 3364 222 3411 simum
236 3371 273 3411 est
287 3364 345 3411 illud
361 3364 457 3427 Virgilii
471 3365 540 3429 (net.
558 3365 583 3421 ii,
597 3366 650 3427 17),
669 3366 689 3412 O
722 3364 754 3413 ris
764 3365 853 3431 puellus
868 3364 988 3413 umoribus
1002 3379 1067 3412 nunc
1077 3363 1186 3411 vinctum
1196 3362 1281 3418 teneri,

123 3430 231 3492 fhrmose
240 3443 306 3487 puer,
314 3430 409 3476 nimium
418 3446 446 3477 ne
454 3432 521 3477 crede
530 3431 612 3477 colori:
630 3430 689 3476 Alta
722 3428 791 3478 docet
800 3448 807 3487 3
824 3429 936 3503 denique,
949 3444 997 3491 quo
1013 3427 1073 3475 nihil
1091 3427 1121 3474 sd
1138 3425 1281 3491 cupiendum

130 3494 234 3555 ligustra
250 3494 344 3546 αιάιιιιι,
364 3494 465 3541 vaccinia
482 3497 552 3556 nigra
571 3494 689 3555 leguntur.
723 3492 843 3556 Phyllidis
856 3508 962 3542 snrmum
974 3492 1069 3556 gravius
1083 3490 1170 3539 addere
1180 3499 1282 3555 poterut,

131 3554 163 3602 Te
172 3556 281 3611 ulter-rim,
290 3564 313 3603 te
321 3566 447 3613 mutatum,
457 3558 519 3605 etab
527 3572 564 3612 eo,
572 3556 613 3619 qui
626 3572 688 3604 nuuc
722 3570 748 3605 se
766 3556 791 3605 iu
810 3558 860 3606 solo
879 3556 933 3621 ejus
952 3571 1030 3604 umore
1048 3569 1113 3603 nuuc
1130 3570 1159 3602 ac
1177 3554 1283 3603 uiescere

130 3634 166 3675 es,
177 3618 305 3676 diversum,
317 3619 356 3667 vel
368 3620 471 3685 speciem
483 3630 576 3669 tuame
591 3620 690 3684 pristina
722 3622 832 3669 allinunt.
866 3619 1010 3684 Phyllidem,
1022 3634 1095 3730 guum
1110 3570 1214 3691 subhne
1229 3633 1282 3666 car·

130 3682 341 3748 planediversam.
367 3686 422 3737 Qua
433 3700 494 3732 mens
503 3694 535 3732 est
546 3686 620 3737 lodie,
631 3693 688 3733 cett.
722 3684 1014 3749 miuisceneudiperitem
1035 3681 1281 3747 scrtpssltnam,sd·

130 3748 196 3795 Ante
225 3746 306 3795 oculos
328 3748 441 3796 Horatius
469 3748 562 3804 hebuit,
587 3756 614 3796 ut
635 3749 687 3813 jem
720 3764 796 3813 eoque
807 3764 855 3797 uon
866 3747 1007 3796 honestioris
1022 3745 1166 3794 conditionis
1176 3745 1282 3809 puellam

130 3810 259 3860 Scholiast.
268 3812 361 3875 Cruqu.
369 3812 511 3867 observavit,
519 3814 615 3861 Terent.
626 3814 687 3861 Heu.
721 3811 802 3867 fuisse,
815 3828 888 3877 quum
905 3811 984 3874 qualis
996 3810 1062 3874 Lyde
1075 3808 1217 3881 describitur
1227 3824 1281 3881 sup.

129 3874 229 3931 i,1,17,
240 3875 305 3923 Eheu
316 3878 475 3924 mammam!
490 3894 533 3924 cnr
542 3895 587 3924 nou
596 3888 637 3923 unt
647 3880 688 3925 ist·
721 3874 747 3932 ii,
762 3877 802 3932 ll,
817 3878 848 3923 21
863 3892 925 3939 sqq„
937 3874 971 3923 cl.
985 3874 1020 3928 iii,
1034 3876 1073 3927 14,
1088 3875 1130 3927 21,
1141 3872 1176 3927 iii,
1187 3874 1228 3925 28,
1241 3888 1281 3919 vix

130 3940 253 3995 tumui
266 3940 333 3987 AEtns
348 3950 370 3987 et
379 3940 461 4004 fornia
478 3950 574 3996 est,nut
588 3944 630 3989 tihi
645 3942 689 3988 hee
722 3938 824 3987 dubitari
846 3948 932 4003 potest.
966 3936 1021 4009 Sed·
1035 3936 1078 4008 qui
1103 3935 1195 3989 statuit,
1218 3933 1283 4006 quid

127 4006 259 4050 sententia?
294 4003 337 4051 His
354 4006 446 4059 animis,
460 4020 524 4051 nunc
541 4004 600 4052 mihi
619 4006 689 4067 longe
722 4012 784 4051 recte
806 4002 880 4050 stetui
898 4015 968 4066 posse
985 4008 1172 4072 exrsumoguou
1191 4012 1283 4061 proprie

129 4066 200 4113 sliter
216 4081 245 4113 sc
263 4065 319 4113 olim
337 4066 457 4124 sentienti,
473 4067 498 4115 h.
510 4083 532 4116 e.
550 4084 614 4116 nunc
631 4068 706 4116 mihi·
724 4065 839 4131 Phyllidi‚
852 4064 894 4113 sed
908 4066 1043 4117 Moecenau,
1053 4070 1082 4109 ut
1097 4076 1120 4109 er
1133 4059 1196 4134 diem
1215 4068 1284 4107 nats·

128 4130 691 4259 r..t';.⁰⁰h;f..³:²;trnre::r
724 4124 1283 4256 trhttrtnttrurteestt:

269 4228 275 4250 i
722 4258 801 4305 titiam
823 4254 999 4322 exprimendum
1023 4260 1141 4317 spectant,
1163 4250 1187 4297 in
1219 4250 1284 4299 niose

301 4322 454 4371 CARMEN
474 4324 520 4371 xl.
723 4322 835 4379 linxisse3
852 4319 957 4385 prolecto
971 4333 1009 4374 es,
1020 4333 1076 4391 que
1090 4316 1185 4363 trihuen
1202 4323 1285 4386 esunt

164 4385 303 4450 Phyllidem
311 4387 342 4435 sd
352 4387 415 4435 diem
427 4387 511 4437 festum
525 4386 549 4434 iu
561 4386 631 4435 domo
640 4402 692 4443 sua,
726 4395 803 4453 poetae
814 4384 918 4448 ingenio,
931 4383 995 4455 haud
1008 4382 1094 4455 tnhuet
1107 4379 1161 4444 ejus
1173 4379 1285 4451 monitus.

129 4458 179 4497 tem
195 4450 271 4499 sacris
287 4450 375 4515 epulis,
386 4467 459 4527 quern
477 4451 546 4499 hilari
563 4452 692 4515 potatione.
762 4452 849 4497 1-12.
868 4450 961 4501 Albani,
980 4462 1005 4493 ιιι
1021 4460 1083 4492 vrnrs
1101 4443 1287 4515 geuuouonbus

129 4528 214 4562 secum
226 4514 386 4579 peragendum
399 4516 492 4564 invitat.
526 4515 693 4579 Quaequidem
728 4514 807 4564 heberi
829 4512 1020 4561 notebaldum
1042 4511 1164 4564 Altonum,
1183 4522 1209 4554 ru
1231 4522 1287 4569 agro

1226 3298 1281 3346 itio·
