3150 5200
271 327 335 391 372
682 323 1007 390 SATIRARUM

357 480 494 545 Grande
509 479 618 544 ferunt
633 498 698 541 una
713 500 786 543 cum
802 478 920 541 damno
935 474 1092 541 dedecus.
1137 474 1238 543 Adde

358 582 481 645 iratum
495 591 659 665 patruum,
676 580 810 656 vicinos,
826 591 859 643 te
873 579 934 643 tibi
949 579 1106 662 iniquum,

356 682 403 745 Et
418 683 540 747 frustra
554 681 666 747 mortis
682 680 849 764 cupidum,
864 702 937 745 cum
953 680 1059 743 deerit
1073 681 1183 764 egenti

356 782 418 861 As,
433 783 541 867 laquei
556 784 707 867 pretium.
753 782 847 859 Jure,
863 783 980 865 inquit,
996 780 1158 845 Trausius
1173 783 1245 845 istis

274 886 335 948 100
357 884 517 970 Jurgatur
531 887 658 949 verbis:
681 906 743 968 ego
758 882 930 967 vectigalia
941 904 1059 967 magns

357 987 563 1070 Divitiasque
579 986 686 1049 habeo
703 987 808 1049 tribus
823 984 946 1067 amplas
960 985 1106 1068 regibus.
1152 984 1257 1067 Ergo,

359 1088 460 1160 Quod
476 1098 620 1173 superet,
636 1110 700 1151 non
716 1096 779 1162 est,
794 1085 909 1149 melius
924 1108 989 1169 quo
1004 1087 1167 1149 insumere
1181 1085 1312 1168 possiet

359 1188 427 1251 Cur
440 1201 516 1275 eget
531 1190 684 1273 indignus
699 1189 872 1271 quisquam
884 1198 917 1251 te
933 1187 1054 1250 divite?
1076 1208 1179 1269 quare

358 1289 498 1375 Templa
511 1301 610 1354 ruunt
625 1290 758 1372 antiqua
774 1288 906 1352 Deum?
929 1308 999 1364 cur,
1015 1288 1173 1371 improbe,
1189 1308 1275 1351 caroe

274 1392 336 1456 105
358 1390 437 1455 Non
452 1392 575 1474 aliquid
590 1391 705 1474 patriae
721 1400 812 1453 tanto
825 1389 967 1454 emetiris
982 1392 1120 1453 acervo?

358 1491 426 1556 Uni
441 1493 590 1555 nimirum
605 1493 665 1557 tibi
680 1501 767 1556 recte
784 1513 912 1574 semper
926 1502 1023 1555 erunt
1038 1495 1108 1555 res!

330 1640 333 1645 -
359 1595 391 1658 Ο
407 1616 543 1679 magnus
558 1590 697 1679 posthac
709 1593 847 1657 inimicis
862 1593 965 1655 risus!
1011 1591 1138 1656 Uteme

358 1694 414 1759 Ad
430 1718 525 1761 casus
540 1695 658 1759 dubios
673 1694 754 1759 fidet
770 1694 833 1757 sibi
848 1694 991 1758 certius?
1013 1693 1079 1771 hic,
1095 1695 1152 1777 qui

358 1795 513 1861 Pluribus
529 1797 668 1861 assuerit
682 1806 822 1859 mentem
836 1816 1021 1878 corpusque
1036 1797 1235 1885 superbum?

274 1901 336 1965 110
357 1897 413 1963 An
425 1898 492 1982 qui,
508 1908 680 1963 contentus
696 1919 798 1981 parvo
811 1908 1025 1981 metuensque
1038 1897 1152 1975 futuri,

359 2000 398 2065 ln
413 2020 505 2084 paee,
521 2010 558 2063 ut
574 1999 715 2083 sapiens,
732 1998 854 2082 aptarit
867 1997 986 2062 idoneo
999 1999 1107 2064 bellot

359 2102 436 2175 Quo
451 2102 553 2185 magis
568 2100 619 2164 his
635 2100 761 2177 credas,
776 2121 860 2183 puer
873 2097 961 2165 bunc
975 2124 1038 2185 ego
1052 2124 1171 2186 parvus
1187 2102 1333 2167 Ofellum

272 2255 340 2313 dicit,
351 2253 393 2305 sed
409 2254 470 2304 ridet
487 2260 580 2303 etatem
595 2250 693 2301 stultam
708 2250 831 2301 bominum
863 2250 952 2316 aliquis
960 2251 1036 2309 dives,
1043 2253 1085 2318 qui
1094 2252 1215 2303 luxuriose
1221 2252 1292 2302 ririt:
1308 2254 1427 2302 Transire

273 2320 398 2369 rancidum
409 2335 492 2384 aprum
500 2334 552 2391 pres
568 2326 661 2367 recente
673 2316 832 2365 laudantium.
863 2315 916 2364 istis
925 2318 1004 2365 verbis
1017 2318 1072 2382 jure
1088 2317 1235 2382 objurgatur,
1246 2332 1296 2381 qno
1310 2332 1357 2381 ego
1371 2334 1425 2366 snm

275 2384 353 2433 Tettus
362 2381 638 2447 prime‚entrquissinrs:
655 2397 710 2445 sup.
721 2379 795 2436 Sati,
806 2381 831 2435 ³,
864 2380 936 2442 longe
952 2381 1038 2441 ditium
1056 2396 1113 2429 nam
1128 2397 1173 2445 eqo
1187 2382 1313 2446 oeetr'gslr‘s
1328 2399 1425 2446 ηιμ,

273 2448 315 2502 99,
328 2449 386 2495 Cure
402 2455 562 2509 prorepserunt
571 2447 652 2507 primis
663 2445 774 2493 animatia
784 2453 832 2491 ter·
864 2443 890 2492 1ι.
901 2460 924 2493 e.
936 2460 1034 2509 magnos
1046 2445 1145 2502 reditus,
1156 2454 1213 2494 cett.
1223 2446 1375 2519 nteup.0d.
1387 2445 1425 2501 iii,

273 2514 317 2564 ris.
329 2509 372 2559 nbi
382 2510 414 2557 ci.
428 2518 477 2557 not.
866 2509 905 2565 16,
915 2510 956 2564 40,
964 2526 1037 2570 peren
1045 2511 1179 2573 vestigatio,
1187 2509 1218 2559 de
1230 2508 1332 2559 modicis
1342 2508 1424 2559 rediti-

308 2574 350 2623 64.
368 2574 530 2628 ereenrnrine
537 2576 714 2636 gratior-norem
722 2573 833 2634 Occupet:
864 2571 925 2631 bus3
942 2573 984 2621 ubi
994 2573 1042 2622 vid.
1055 2582 1144 2623 notate.

274 2638 356 2688 Schol.
367 2637 465 2702 Porpb„
477 2637 526 2684 Hoc
538 2639 682 2685 Antisthenes
691 2641 772 2685 dtrisse
782 2647 833 2684 tre·
900 2639 955 2686 101.
971 2639 1080 2700 Superat,
1097 2654 1139 2704 pro
1157 2646 1280 2702 superum
1301 2652 1349 2684 son
1370 2651 1427 2684 nro

273 2704 350 2750 ditur.
384 2701 407 2749 12
419 2704 488 2756 enim,
499 2717 550 2748 eum
567 2703 658 2748 vidisset
672 2704 834 2750 adducentem
865 2699 928 2765 enirn
950 2717 1059 2764 superare
1095 2717 1122 2750 ro
1142 2717 1273 2767 superesse.
1306 2700 1359 2748 Non
1379 2711 1426 2756 est,

276 2768 418 2814 trunriosum
427 2765 593 2812 personatibus
609 2763 760 2826 (bominibus
773 2780 831 2812 con·
865 2779 914 2812 non
941 2764 1032 2815 babest
1072 2717 1167 2822 fistice,
1195 2765 1340 2831 prudentius,
1368 2779 1424 2812 ree·

273 2829 341 2878 rivas
357 2829 420 2878 iuter
433 2843 528 2878 coenam
543 2834 615 2874 cantu
633 2826 751 2892 dictisque
764 2828 830 2876 exbi-
865 2828 923 2877 tius.

274 2893 420 2958 larentibus)
436 2895 548 2948 deditum,
559 2893 603 2946 nit,
615 2893 720 2939 miserum
736 2902 766 2946 te,
777 2895 833 2939 ado·
900 2895 955 2942 103.
984 2894 1119 2958 Indignus:
1147 2894 1241 2960 supple,
1269 2891 1312 2957 qui
1337 2901 1427 2967 egem

276 2959 364 3016 trecens,
376 2962 416 3022 qni
426 2973 544 3021 nunqnam
553 2957 641 3002 arrdtns'
650 2971 760 3003 snmmnm
769 2972 834 3003 ecro-
866 2956 937 3006 bomo
947 2957 990 3022 qni
1002 2973 1050 3006 non
1061 2958 1164 3008 debebat
1173 2965 1278 3021 egestate
1304 2973 1372 3006 runs.

274 3039 335 3079 ento,
354 3024 444 3071 landem
462 3031 534 3069 tunm.
573 3019 628 3067 Huc
646 3018 746 3084 pertinet
765 3018 833 3067 locus
898 3023 955 3070 104.
973 3022 1065 3084 Tempta
1075 3026 1181 3085 entique,
1191 3038 1245 3087 sup.
1296 3021 1426 3076 ‚iii,e.³,

276 3087 399 3136 Ciceronis
416 3103 431 3136 a
449 3084 568 3133 Lambino
589 3083 677 3130 aliatus
695 3099 738 3148 pro
756 3083 832 3131 Arcb.
864 3088 1154 3135 vocenturoertestnbentes
1166 3087 1276 3133 Deorum.

275 3167 298 3200 c.
317 3153 343 3206 9,
362 3150 528 3199 Tbemtrtoclrm
546 3149 628 3195 dixisse
641 3149 719 3200 siunt,
737 3164 789 3194 eum
806 3163 832 3194 ex
900 3150 954 3197 106.
973 3151 1202 3213 Nmattqmmm
1235 3149 1425 3197 Tuneateirn-

275 3233 300 3264 en
321 3223 470 3278 quereretur,
490 3213 549 3274 qnod
570 3227 683 3268 ncrmmn,
703 3220 744 3259 aut
765 3215 833 3273 enjus
864 3221 954 3276 penate
977 3229 1025 3261 non
1047 3223 1123 3279 potes,
1143 3223 1171 3261 ut
1188 3229 1219 3261 ex
1238 3213 1312 3261 tentis
1335 3212 1428 3260 divitiis

275 3295 348 3326 nocem
360 3279 504 3324 libentissime
514 3276 608 3322 audiret
615 3292 623 3333 ,·
640 3277 698 3338 ejus,
710 3293 723 3322 a
735 3292 778 3337 qno
791 3292 834 3323 sao
865 3276 974 3326 contem
987 3277 1079 3342 aliquid
1093 3279 1119 3326 in
1129 3277 1252 3342 publicum
1266 3291 1330 3325 cnm
1341 3277 1427 3342 patriae

275 3344 351 3453 υἰτὸιόιι
361 3341 650 3451 ‘’flmfflffmtmid
666 3403 735 3468 ΕΜ
755 3406 771 3452 2
793 3407 825 3453 ω
865 3341 1032 3452 mopiqrpdumt
1060 3343 1167 3418 §naviter
1177 3340 1330 3452 dim'giuui
1341 3340 1428 3389 modiis

343 3437 349 3451 .
456 3419 608 3450 rrn.su.
738 3437 780 3458 .,
826 3419 976 3453 ,meur
1033 3421 1124 3464 nutam,
1178 3420 1254 3454 resen
1307 3421 1328 3453 r.

307 3469 349 3517 96.
368 3467 426 3514 Cum
437 3469 528 3522 dunno,
538 3417 637 3515 curiosi
649 3467 771 3516 familiaris
779 3468 833 3533 jac·
901 3470 957 3518 106.
975 3421 1102 3527 Λξιιῑίνιιιιι,
1114 3421 1252 3524 utws‘eilieet,
1267 3471 1384 3523 videlieet,
1400 3477 1428 3516 et

273 3540 338 3580 tura.
865 3549 890 3580 v.
906 3533 948 3589 90,
966 3536 1042 3589 credo,
1058 3534 1158 3583 inservit
1176 3532 1288 3587 irrisioni,
1308 3531 1353 3581 ubi
1371 3533 1427 3596 ejus

308 3597 350 3645 97.
367 3595 458 3644 iratum
477 3607 606 3658 petreum:
627 3605 718 3657 patrue
740 3599 833 3645 turbere
865 3596 930 3660 quod
944 3595 1426 3660 affirmaturcontrariuminteliigendmu

277 3661 371 3723 lingue,
388 3667 415 3707 ut
432 3659 546 3708 Horatius
564 3675 617 3725 sup.
633 3659 681 3708 Od.
697 3659 732 3716 iii,
746 3662 785 3715 12,
807 3662 831 3718 3,
864 3669 909 3708 est.
940 3661 991 3709 Tm·
1001 3671 1062 3711 reete
1072 3679 1159 3725 semper
1167 3671 1237 3709 erunt
1246 3662 1297 3708 rest
1313 3675 1427 3708 ressen-

275 3723 306 3772 de
323 3732 415 3787 patruo,
431 3732 458 3772 ut
474 3738 556 3772 savem
574 3739 665 3772 morum
682 3723 832 3788 castigatore,
865 3740 906 3789 per
918 3725 959 3773 tibi
970 3725 1043 3773 salve
1053 3735 1130 3782 erunt,
1143 3741 1191 3773 nou
1200 3723 1311 3772 mutabili
1322 3724 1427 3772 fortun·

275 3786 396 3862 loquitur;
414 3787 456 3836 nbi
466 3788 498 3837 ci.
508 3796 558 3836 not.
593 3788 623 3836 Te
632 3791 673 3836 nn·
684 3791 800 3850 iniquom,
809 3797 832 3837 te
864 3790 975 3838 obnoxie
985 3791 1070 3838 erunt!

275 3851 319 3900 tibi
331 3850 376 3918 ipsi
386 3851 533 3901 irascentem.
899 3854 954 3902 101.
972 3853 1076 3911 Pontes,
1088 3854 1109 3901 si
1118 3863 1229 3920 expertus
1238 3851 1313 3901 iner‘u
1323 3851 1426 3900 tonum

307 3917 349 3965 99.
367 3919 407 3972 As,
424 3917 499 3980 taqnei
517 3919 636 3978 pretinm,-
655 3915 685 3964 nd
706 3916 832 3966 emendum
864 3916 1057 3966 inconstantiam.
1094 3918 1198 3982 Mogses
1217 3920 1288 3971 risse,
1308 3930 1352 3981 pro
1370 3914 1426 3962 vul·

275 3980 339 4028 enirn
351 3981 473 4045 laqueum,
485 3994 533 4044 qno
544 3979 602 4042 gnis
617 3979 746 4044 frangatur,
757 3981 834 4030 vetas
865 3981 924 4045 μή,
942 3997 1031 4045 magno
1045 3981 1103 4030 risui
1119 3983 1175 4030 en's.
1207 3981 1321 4029 Similiter
1337 3977 1427 4043 siiqnis

275 4045 371 4093 sufficit.
395 4045 457 4094 Com
515 4043 655 4108 ntapposite
664 4044 745 4092 Plaut.
755 4047 832 4093 Pseu·
865 4047 1109 4108 tudmjoerssqneesse
1120 4045 1217 4094 dicitnr.

275 4107 325 4157 dol.
336 4109 353 4165 i,
363 4109 442 4163 1,06ι
475 4125 499 4156 s.
516 4108 832 4174 Sedqntddedmctmefe·
898 4111 954 4159 109.
971 4107 1359 4166 Pteribnmerumebundantiae.
1378 4107 1425 4155 Ss-

275 4189 325 4220 esre
344 4175 394 4221 m's?
428 4174 470 4220 Ca.
493 4172 581 4220 Restr'm
600 4172 661 4220 110ιί
677 4188 758 4220 emere.
791 4173 833 4222 Pe.
863 4175 966 4236 perenm,
982 4173 1143 4230 fastidiosum,
1160 4182 1189 4222 ut
1207 4173 1251 4221 ini.
1268 4173 1293 4228 6,
1312 4172 1353 4227 66,
1370 4174 1427 4218 dens

277 4237 465 4290 Quamobrem?
498 4237 542 4284 Cn.
558 4237 746 4348 Qnirnqpscium
773 4241 832 4285 essi·
857 4237 1006 4302 fastidiosus.

276 4302 328 4348 lem.
363 4300 451 4363 inquit,
467 4316 501 4349 sc.
512 4299 609 4364 aliquis.
667 4299 738 4348 eindo
763 4316 833 4350 .ma·
899 4303 1025 4357 110111.
1042 4302 1153 4364 Aequi.-
1170 4317 1202 4350 an
1219 4298 1428 4375 is,quiinrebns

275 4365 416 4426 litomeris:
433 4363 482 4414 vid.
495 4362 525 4413 de
536 4364 660 4428 utriusque
670 4363 778 4413 lectionis
786 4381 833 4414 usu
865 4365 976 4415 mundis
992 4364 1121 4430 pmdenter
1135 4366 1190 4414 vite
1206 4379 1291 4431 paneis
1305 4371 1427 4411 conum

277 4429 360 4478 Bentt.
374 4444 429 4493 snp.
444 4427 474 4476 sd
493 4430 544 4476 Sat.
560 4429 577 4483 i,
590 4432 614 4484 4,
630 4429 671 4476 79.
703 4429 793 4477 Sensus
809 4437 834 4479 et
865 4430 1022 4487 assuetsctus,
1039 4436 1068 4478 nt
1085 4430 1190 4495 sapiens,
1210 4430 1240 4478 sd
1260 4443 1298 4477 res
1315 4426 1429 4476 advenas

276 4507 367 4541 nesus:
384 4493 435 4541 brec
451 4493 482 4541 sd
498 4509 535 4542 me
551 4507 598 4540 non
615 4491 740 4564 pertinent,
753 4493 833 4558 inquit
864 4494 1233 4560 perferendassepnepsrarerit't
1250 4491 1427 4555 Suaviterpsu-
