3150 5200
313 306 379 370 444
691 307 1086 377 EPISTOLARUM

334 459 379 523 60
399 457 561 523 Infectum
575 458 662 523 volet
675 482 760 537 esse,
777 461 871 527 dolor
883 464 973 546 quod
989 465 1129 530 suaserit
1142 478 1178 532 et
1190 490 1293 547 mens,

401 560 492 644 Dum
505 582 620 644 poenes
636 562 712 625 odio
727 584 788 645 per
802 566 865 627 rim
879 563 1013 629 festinat
1026 566 1140 633 inulto.

400 662 454 727 Ira
469 660 560 725 furor
575 663 682 727 brevis
697 674 764 727 est:
789 666 930 730 animum
944 689 1040 752 rege3
1063 669 1131 752 qui,
1147 672 1211 735 nisi
1224 682 1330 755 paret,

399 762 559 846 Imperat:
583 762 670 827 hune
685 763 798 842 frenis,
813 766 901 832 bunc
917 780 953 831 tu
967 791 1137 854 compesce
1152 783 1277 837 cetenis.

399 864 510 950 Fingit
524 888 643 949 equum
660 876 772 931 tenera
786 868 925 933 docilem
939 872 1065 935 cervice
1080 873 1235 956 magister

335 966 379 1029 65
400 966 453 1031 Ire
467 966 552 1029 vium
566 990 632 1051 qus
646 979 805 1033 monstret
819 992 931 1053 eques.
977 970 1170 1050 Veneticus,
1185 996 1227 1038 ex
1242 996 1308 1059 quo

400 1066 564 1151 Tempore
579 1070 741 1133 cervinam
755 1070 873 1153 pellem
886 1070 1017 1135 btravit
1029 1072 1064 1135 in
1078 1072 1164 1151 suls,

401 1167 523 1233 Militat
538 1170 571 1232 in
587 1170 674 1235 silvis
690 1171 829 1235 catulus.
874 1171 975 1238 Nunc
990 1173 1111 1239 adhibe
1125 1197 1210 1258 puro

400 1269 539 1335 Pectore
554 1273 653 1335 verbu
668 1293 761 1356 puer,
777 1295 864 1338 nunc
879 1284 912 1337 te
927 1274 1114 1339 melioribus
1129 1276 1223 1341 offer.

400 1371 478 1445 Quo
494 1372 591 1437 semel
606 1383 656 1437 est
670 1374 796 1437 imbuta
807 1396 933 1451 reeens,
949 1376 1092 1440 servabit
1107 1376 1241 1442 odorem

334 1473 378 1536 70
398 1472 502 1537 Testa
517 1475 585 1539 diu.
632 1475 762 1548 Quodsi
776 1498 897 1553 cesses,
913 1487 971 1540 sut
986 1487 1138 1541 strenuus
1152 1478 1269 1555 anteis,

399 1574 473 1640 Nec
489 1575 618 1639 tardum
633 1577 797 1660 opperior,
813 1600 875 1641 nec
889 1578 1152 1661 praecedentibus
1165 1580 1263 1644 insto.

722 1897 965 1964 EPISTOLA
987 1899 1051 1965 111.

667 2126 722 2173 AD
743 2125 903 2174 JULIUM
925 2125 1111 2175 stonum.

325 2321 333 2339 ·
398 2286 420 2349 J
424 2307 479 2351 um
495 2285 603 2362 Flore,
619 2286 739 2370 quibus
754 2294 914 2349 terrerum
927 2284 1044 2350 militet
1058 2287 1124 2351 oris

399 2387 568 2465 Claudius,
584 2386 729 2473 Augusti
744 2386 924 2471 privignus,
941 2388 1024 2451 scire
1037 2386 1163 2451 laboro.

308 2556 399 2617 purssti
417 2552 490 2604 Tanto
509 2558 581 2618 plura
600 2560 673 2620 rupis.
707 2557 802 2605 Certum
820 2565 870 2604 uoto
902 2556 948 2613 lus,
959 2572 1040 2620 usquo
1051 2555 1157 2619 Tsstprrs
1168 2557 1284 2605 minuis
1295 2556 1378 2619 pellens
1387 2558 1464 2606 lstrs·

308 2629 360 2681 pets
368 2619 457 2682 finem:
473 2629 563 2668 certum
574 2621 646 2669 finem
662 2629 717 2670 ente
731 2620 815 2669 oculos
825 2620 870 2669 tibi
900 2622 936 2668 uit
952 2623 978 2668 in
995 2623 1061 2677 nutu,
1079 2628 1206 2686 postqum
1223 2619 1395 2669 edsimnlstnsn
1410 2637 1465 2670 oer-

309 2697 372 2748 pone
389 2683 574 2748 essequendum,
592 2685 622 2732 sd
641 2683 791 2732 notissimum
809 2684 870 2732 illud
900 2699 957 2732 rum
969 2685 1050 2747 (mm
1064 2685 1235 2749 umgestopstm
1250 2684 1354 2746 Hir-sei)
1367 2682 1393 2732 in
1407 2685 1467 2733 sele

310 2754 463 2811 preceptum,
481 2762 535 2812 sup.
555 2749 605 2796 Sat.
618 2747 635 2804 i,
649 2750 671 2802 l,
687 2749 740 2804 106,
754 2748 810 2804 107,
826 2749 869 2798 Est
901 2748 1031 2804 ullstruvit,
1043 2748 1067 2796 b.
1079 2764 1102 2796 e.
1113 2757 1238 2813 postqum
1250 2747 1274 2796 ei
1286 2747 1366 2796 sdbue
1379 2748 1467 2812 juveni

309 2813 388 2858 modus
406 2813 432 2858 in
448 2813 523 2868 nius,
540 2822 594 2860 sunt
611 2815 668 2860 serti
685 2813 783 2873 mione
795 2813 868 2875 jines,
901 2811 992 2876 injectu
1009 2821 1047 2860 sst
1064 2811 1167 2861 usundi
1188 2811 1321 2876 cupiditss:
1344 2826 1430 2860 tenus
1450 2827 1467 2859 ι

312 2875 372 2928 Quor
388 2877 454 2922 ultra
470 2877 574 2938 citraque
591 2879 670 2938 nequit
686 2877 805 2923 consistere
819 2893 869 2923 rm·
902 2875 1053 2924 venatoribus
1070 2875 1237 2932 adsimulatus,
1252 2891 1308 2924 curn
1324 2875 1397 2939 pellis
1411 2891 1465 2924 esr-

309 2947 371 2986 tum:
386 2937 411 2985 in
422 2939 505 2989 eudem
517 2941 568 2988 Set.
576 2956 601 2987 v.
610 2941 651 2993 92.
661 2939 765 3001 Denique
774 2941 871 3003 sitfinis
901 2939 959 2988 vine
970 2939 1093 3050 tptrsnrine,
1104 2955 1198 2996 musco,
1209 2947 1257 2988 ete.
1267 2939 1380 3004 inpletur
1391 2947 1466 3003 etque

359 3005 434 3051 residi.
903 3002 969 3052 inten
987 3003 1042 3051 itur.

308 3020 382 3126 quii,
395 3069 435 3116 58.
454 3067 601 3126 Murrssrm,
617 3086 651 3132 pu
687 3065 791 3124 ἔνεσθαι,
806 3067 869 3115 invi·
934 3067 976 3115 67.
993 3067 1153 3116 Nunsudtits
1164 3083 1207 3133 pro
1217 3065 1319 3130 sulgsri,
1331 3065 1433 3116 imbibs.

308 3129 357 3187 dis,
370 3141 398 3180 ut
409 3131 469 3180 elius
478 3135 603 3186 tabesosrs;
673 3147 807 3180 murreum
816 3131 868 3195 jem
933 3133 975 3180 68.
992 3131 1137 3186 Meiirritus,
1153 3130 1357 3197 prudentioribus,
1371 3129 1465 3180 doctio-

309 3195 407 3260 pulchre
419 3195 706 3269 respondetvociopimis.
739 3197 814 3243 Siculi
829 3205 867 3259 ty·
901 3194 981 3243 ribus:
998 3194 1024 3242 in
1035 3194 1184 3259 precedente
1195 3195 1273 3260 Epist.
1283 3195 1465 3250 s.48,Disssss

307 3263 386 3314 sunni,
399 3259 538 3308 nominatim
556 3259 676 3314 Phslsris,
688 3257 767 3322 cujus,
781 3269 809 3307 ut
823 3259 867 3309 Ci-
900 3269 923 3306 et
933 3261 1016 3307 audire
1027 3269 1049 3308 et
1059 3260 1149 3307 meliori
1159 3263 1251 3308 medere
1260 3276 1307 3306 non
1316 3261 1368 3307 vis?

307 3337 362 3370 cero
374 3324 445 3371 Offic.
457 3323 483 3378 ii,
494 3325 527 3372 26
539 3331 627 3378 nsrrst,
639 3334 723 3386 preter
734 3333 817 3371 ceteros
827 3341 868 3372 sso-
934 3324 976 3378 70,
988 3323 1028 3370 tt.
1047 3323 1134 3377 Quodsi
1151 3339 1230 3379 mess,
1242 3330 1299 3372 osu.
1333 3321 1399 3370 Finit
1411 3321 1464 3370 lto-

307 3387 545 3435 bilitutnmudslitus.
578 3389 756 3436 Cntdstissimus
767 3391 869 3436 omnium
901 3387 976 3436 rstius
987 3386 1119 3451 Epistulam
1131 3387 1176 3435 boc
1187 3388 1282 3442 termut
1290 3385 1351 3434 inihi
1360 3385 1463 3440 videtur,

307 3458 402 3498 tatarum
413 3452 515 3498 tabuisse
525 3454 623 3508 dicitur,
634 3469 678 3514 qim
688 3454 748 3500 vivos
759 3454 869 3513 supplicii
901 3461 1032 3524 precepto:
1045 3450 1186 3500 sedcerturn
1194 3450 1367 3508 modumteue;
1378 3448 1465 3513 quodsi

306 3529 374 3561 sniuu
386 3515 483 3563 homines
495 3518 620 3570 demittere,
633 3533 661 3564 uc
675 3516 786 3576 sitly'irere
794 3517 867 3579 sium·
900 3514 965 3564 enim
976 3529 1002 3562 in
1013 3530 1038 3564 re
1049 3523 1162 3580 suscepte
1177 3525 1220 3564 sut
1233 3529 1323 3568 cessus,
1335 3522 1379 3562 tut
1392 3512 1465 3561 nimis

306 3593 365 3624 uiam
376 3579 473 3627 solebat.-
490 3579 521 3628 cl.
535 3580 593 3628 Vsl.
607 3581 675 3628 Itius.
687 3579 722 3636 iii,
735 3580 758 3635 3,
772 3580 829 3627 Est.
839 3582 866 3639 2;
898 3586 924 3628 ot
933 3578 1086 3627 festinatius
1096 3593 1151 3627 sem
1160 3595 1241 3641 urges,
1252 3579 1325 3635 seins,
1336 3593 1376 3626 me
1386 3591 1464 3641 nsque

306 3639 338 3696 is,
350 3643 375 3697 2,
390 3643 444 3690 Est.
457 3645 483 3690 9.
899 3657 954 3690 cum
972 3642 1131 3699 cessantibus,
1142 3659 1222 3708 neque
1238 3659 1295 3691 curu
1314 3640 1387 3690 nimis
1397 3640 1464 3690 tosu-

338 3707 379 3754 61.
404 3707 467 3754 Dum
484 3725 561 3770 penus
580 3710 631 3755 odio
648 3723 689 3768 per
706 3709 752 3754 uim
763 3707 866 3771 festinat
899 3705 1013 3754 uentibus
1025 3705 1113 3756 lucem.

305 3771 394 3818 inulto:
410 3770 468 3819 dum
485 3771 525 3820 irre
542 3771 669 3837 expiandae
685 3770 723 3818 vel
740 3771 867 3836 explende

304 3848 378 3883 usust
388 3834 527 3884 festinanter
537 3835 585 3883 vim
595 3834 673 3884 infert.
1054 3832 1229 3882 EPISTOLA
1247 3834 1302 3882 111.

337 3900 378 3947 62.
396 3899 453 3956 Qui,
471 3902 516 3947 nisi
532 3910 606 3961 purst,
625 3899 740 3961 Imperat:
757 3895 803 3946 nisi
821 3905 862 3946 tuo
927 3899 988 3946 Heu
999 3897 1101 3963 epistole
1115 3896 1239 3959 ingenium
1254 3906 1281 3946 et
1299 3897 1417 3946 ationem
1427 3896 1465 3946 is·

304 3963 428 4028 subjectus
438 3971 475 4012 est
483 3962 590 4028 imperio,
602 3962 652 4027 ipse
664 3962 772 4026 imperet.
892 3961 1017 4010 milleritsr
1039 3961 1071 4010 ud
1092 3961 1198 4009 enricum
1220 3961 1349 4010 scribentis
1369 3960 1466 4025 egregie

337 4028 443 4077 64-67.
462 4028 544 4092 Fingit
554 4044 645 4090 mutim,
656 4035 714 4076 eett.
743 4023 791 4074 Sed
801 4041 861 4099 pue·
893 4025 1013 4099 erpnmit.
1048 4027 1107 4074 Brut
1118 4024 1202 4074 Julius
1218 4025 1305 4073 Florus
1323 4025 1350 4073 in
1366 4025 1467 4074 nubens

303 4091 343 4140 rili
360 4101 439 4148 utute,
449 4091 491 4140 ubi
502 4101 586 4157 motus
601 4091 680 4140 adhuc
708 4104 776 4138 urum
787 4099 813 4138 et
824 4105 862 4138 iu·
895 4105 947 4138 erse
963 4089 989 4138 in
1004 4089 1122 4138 comitutu
1133 4088 1231 4138 Claudii
1246 4088 1336 4138 Tiberii
1349 4088 1465 4146 Neronis,

303 4163 396 4220 tegrum
412 4165 457 4212 est,
468 4154 550 4204 virtuti
561 4170 631 4219 opere
641 4105 722 4204 dando
736 4162 789 4212 est;
807 4153 864 4218 equi
897 4163 949 4202 turn
967 4153 1042 4217 Syrie
1059 4153 1090 4202 eb
1105 4151 1217 4216 Augusto
1232 4152 1348 4225 preteeti.
1369 4152 1468 4225 ’Roget

303 4235 399 4285 quoque
411 4228 436 4269 st
450 4235 522 4268 cenes
533 4219 635 4268 venetici
647 4227 728 4268 tenent
739 4225 811 4267 etate
820 4219 865 4265 fin·
898 4216 972 4281 igitur
987 4226 1066 4283 poeta,
1076 4215 1182 4274 Florum,
1193 4225 1221 4265 ut
1230 4217 1278 4264 sibi
1289 4217 1429 4282 perscribat,
1439 4215 1467 4264 in

302 4294 400 4348 guntur.
435 4285 549 4348 Magister
566 4282 697 4346 (domitor)
714 4298 797 4345 equum
813 4282 866 4345 (ju·
899 4296 949 4346 qus
972 4280 1068 4344 regions
1087 4295 1152 4328 nuuc
1170 4288 1275 4330 versetur
1293 4281 1422 4338 exereitus,
1441 4289 1470 4330 et

302 4349 400 4408 venem)
408 4349 486 4412 fingit
497 4347 596 4412 (docet)
608 4349 669 4395 uiam
686 4349 721 4394 ire
739 4363 785 4408 qua
802 4362 867 4409 spuet
901 4344 961 4458 puid
974 4359 1051 4394 rerum
1061 4353 1110 4393 tum
1128 4343 1180 4408 ipse
1196 4359 1271 4408 quem
1283 4344 1358 4394 ueteri
1372 4353 1468 4407 guent.

301 4415 371 4476 (eum
388 4413 436 4472 irs)
450 4422 558 4461 monstret
570 4410 692 4475 (jubent),
710 4409 735 4458 lr.
747 4426 770 4459 e.
788 4426 818 4458 eo
833 4407 868 4458 ire
926 4409 943 4457 d
960 4409 1064 4458 eundem
1080 4409 1178 4456 Florum
1196 4407 1285 4474 scripte
1301 4417 1339 4458 est
1354 4408 1468 4472 Epistols

300 4493 350 4540 quo
362 4491 434 4540 eques
446 4493 503 4526 sum
520 4477 609 4526 flectet.
646 4475 866 4553 isurutimu-ortu-
901 4473 1008 4524 seeuude
1019 4471 1074 4521 libri
1084 4471 1194 4534 mundi.
