3150 5200
298 359 557 428 PRAEFATIO
577 359 834 434 EDITIONIS
858 359 1113 428 SECUNDAE.
1240 379 1284 428 ru
1399 379 1403 386 ·

11 627 12 648 χ
125 551 269 636 pecunia
290 546 418 635 meique,
429 549 572 614 retereui
585 515 756 613 lectionem
769 557 827 612 um
840 548 914 634 (pro
925 550 1025 627 baed,
1039 551 1130 635 quod
1150 573 1194 615 ex
1207 571 1284 616 con-

11 669 12 678 ’
127 669 258 768 jectum
272 668 362 751 dedi)
377 667 525 734 defendit
539 677 573 732 et
588 668 779 732 servandum
793 691 866 732 esee
885 669 1063 733 contendit.
1109 667 1177 733 Sed
1192 680 1285 734 vetut

11 837 17 860 ,
130 785 228 850 lectio
242 791 301 850 ciat
313 807 379 850 non
394 786 498 850 s'olum
517 807 644 850 omnem
664 784 763 870 hujus
782 784 847 850 loci
866 785 1060 872 elegantiam
1073 785 1158 850 tollit
1170 797 1205 850 et
1219 785 1287 851 die·

132 905 255 982 turbat,
279 905 337 969 sed
359 905 457 968 etiarn
488 904 713 968 adumbratam
733 903 769 966 in
795 923 894 967 versu
919 914 1075 986 sequente
1101 905 1285 988 imaginem,

138 1022 268 1086 Turtam
289 1023 499 1110 dignereqai
515 1021 629 1108 potius
650 1043 745 1105 quam
762 1021 879 1085 ducere
890 1023 1008 1106 furiem
1026 1023 1188 1107 (pecunia,
1211 1045 1286 1106 quoe

11 1107 12 1162 i
133 1141 242 1224 potius
272 1143 438 1220 divitibus,
462 1153 500 1206 ut
521 1141 670 1225 jumenta
696 1139 826 1203 ductori
852 1159 923 1217 suo,
950 1141 1072 1204 servire
1099 1150 1133 1205 et
1157 1165 1285 1228 parere,

133 1261 371 1344 quamquem
391 1263 527 1342 ducere)
541 1261 700 1343 imperare
721 1259 887 1341 debebat),
902 1258 999 1343 plane
1014 1261 1169 1325 obscurat
1182 1273 1216 1325 et
1230 1263 1287 1326 de-

134 1376 261 1441 format.
308 1376 479 1454 Horatius,
499 1379 557 1461 qui
573 1377 688 1460 quavis
703 1387 835 1460 arrepta
848 1378 1019 1442 occasione
1033 1377 1199 1442 hominum
1213 1401 1288 1443 eva·

134 1516 244 1560 rorum
260 1495 428 1560 stultitiam
442 1497 539 1572 ridet,
555 1517 676 1578 corque
696 1506 734 1558 ut
753 1494 900 1560 homines
920 1497 1004 1560 inter
1018 1517 1098 1582 opes
1109 1498 1223 1582 inopes
1235 1497 1287 1562 vel

11 1619 12 1622 ’
133 1636 258 1699 temper
279 1623 406 1700 egentes
427 1614 583 1699 exagitat,
605 1613 693 1676 idem
714 1611 877 1677 fecithoc
898 1612 980 1677 locor
1034 1614 1180 1679 Pecunia
1199 1614 1291 1680 hwa

134 1733 242 1809 servit,
259 1753 324 1796 non
339 1754 462 1798 servam
483 1735 576 1816 quasi
594 1753 628 1796 se
648 1739 784 1815 praestat
798 1730 983 1794 hominibus
998 1733 1115 1808 avaris,
1130 1754 1196 1796 non
1211 1735 1288 1798 eub-

132 1853 221 1935 jecta
234 1861 285 1915 est
299 1871 411 1914 eorum
425 1851 572 1933 imperio,
589 1849 647 1914 sed
663 1851 735 1933 ipsa
749 1860 801 1912 est
814 1848 1015 1932 imperatrix,
1031 1852 1104 1934 ipsa
1117 1852 1287 1936 imperium

136 1969 169 2032 in
187 1968 334 2032 homines
355 1990 469 2032 avaros
484 1968 547 2032 eibi
562 1969 726 2053 subjectos
742 1977 885 2044 exercet,
901 1969 974 2052 ipsa
987 1991 1102 2033 avaros
1117 1970 1208 2034 ducit
1222 1995 1288 2056 quo

11 2151 12 2154 ,
136 2086 213 2150 vult.
260 2085 345 2150 Rem
368 2085 499 2150 coniicit
517 2107 632 2151 versus
655 2107 806 2170 nequens,
827 2087 885 2149 ubi
902 2089 1042 2170 pecunia
1058 2089 1169 2171 lepide
1183 2100 1218 2152 et
1231 2111 1289 2172 ap·

135 2205 241 2290 poeite
264 2214 470 2289 comparatur
496 2225 568 2268 cum
595 2205 733 2268 ductore
753 2204 986 2287 jumentorum,
1010 2227 1084 2287 quae
1104 2204 1176 2268 funi
1203 2215 1289 2270 torto

11 2337 12 2344 ’
136 2345 263 2388 conexa
281 2322 444 2406 patienter
468 2332 649 2406 sequuntur
668 2344 708 2386 eo
723 2343 789 2404 quo
805 2343 825 2384 a
838 2321 976 2388 ductore
997 2323 1175 2388 flectuntur
1188 2333 1222 2386 et
1240 2323 1288 2387 ire

132 2443 311 2527 jubentem
334 2439 481 2524 pecuniae
497 2462 574 2504 vero
590 2459 798 2524 possessores
816 2440 963 2505 suaviter
971 2451 1202 2527 comparantur
1215 2463 1289 2506 cum

132 2560 299 2645 jumentis,
315 2580 389 2642 quae
403 2557 481 2623 fune
497 2558 672 2623 ducuntur.
717 2557 863 2623 Pecunia
875 2560 977 2643 igitur
990 2581 1067 2637 non,
1080 2571 1120 2625 ut
1133 2560 1288 2638 debebat,

135 2678 243 2757 cernit,
268 2676 328 2741 sed
349 2678 497 2761 inaperot.
512 2682 515 2689 '
543 2675 653 2741 Facile
668 2676 801 2759 quidem
814 2678 970 2755 concedo,
986 2700 1053 2742 non
1066 2690 1188 2743 temere
1202 2679 1289 2744 solli-

134 2795 283 2861 citandas
298 2816 371 2859 ease
383 2805 509 2860 veteres
527 2795 694 2871 lectiones,
710 2818 728 2859 e
744 2797 864 2878 quibus
884 2808 999 2860 sensus
1013 2797 1202 2861 commodus
1217 2798 1290 2862 elici

135 2914 258 2997 poesit3
282 2913 343 2977 sed
360 2914 418 2976 ubi
440 2913 697 2997 deprehenditur
715 2924 810 2979 vetus
821 2914 941 2989 iectio,
953 2917 1063 2981 sensui
1083 2917 1143 2994 rei,
1163 2917 1205 2980 de
1223 2938 1290 3001 qua

11 3032 12 3041 ἵ
136 3053 242 3095 ὓθῃῃθ
264 3042 326 3107 ‘St’
341 3030 436 3115 Phine
460 3054 658 3116 repugnans,
681 3032 755 3116 quis·
778 3054 845 3097 non
867 3054 963 3117 oequo
983 3034 1090 3098 animo
1106 3033 1192 3099 ferat
1214 3056 1289 3099 eum

135 3150 192 3233 qui
213 3149 259 3213 illi
280 3149 492 3215 emendandae
513 3172 646 3235 operam
668 3150 736 3228 det,
754 3152 920 3236 praecipue
943 3153 971 3215 ei
993 3162 1058 3216 tam
1080 3152 1146 3216 leni
1162 3154 1288 3217 ratione

135 3266 207 3331 fieri
221 3277 342 3351 potest,
357 3280 395 3333 ut
417 3269 481 3335 hoc
495 3270 578 3347 loco,
599 3282 665 3333 una'
679 3280 806 3334 tantum
818 3270 928 3334 littera
942 3270 963 3332 b
982 3270 1054 3334 voci
1068 3278 1125 3333 aut
1138 3269 1288 3355 adjecta?

136 3385 262 3451 Verum
288 3387 373 3451 enim
396 3408 474 3451 vero
499 3409 565 3451 non
589 3390 687 3473 pauci
715 3399 830 3453 nostra
854 3398 951 3453 aetate
976 3389 1195 3467 inveniuntur,
1219 3392 1288 3474 qui,
1387 3375 1391 3382 ’

136 3505 363 3589 superstitiose
373 3506 544 3571 vetustatis
555 3505 712 3591 reiigione
723 3506 813 3571 ducti
819 3508 966 3591 actique,
976 3508 1118 3573 omnium
1131 3508 1288 3586 iocorum,

11 3688 12 3697 ,
136 3646 210 3708 quae
224 3625 355 3709 ingenio
370 3634 547 3701 tententur,
560 3625 704 3689 vindices
719 3636 909 3709 exsurgant,
921 3636 955 3689 et
969 3648 1031 3710 pro
1042 3628 1156 3709 quavis
1167 3638 1287 3705 vetere,

137 3742 342 3825 quantumvis
357 3743 482 3827 inepta,
495 3742 633 3808 lectione
656 3744 773 3807 acriter
792 3752 958 3828 pugnent;
980 3744 1032 3809 vei
1046 3746 1104 3831 qui
1117 3745 1168 3828 (ut
1180 3745 1288 3812 verbis

138 3858 255 3945 Magni
284 3858 475 3925 Ruhnkenii
504 3862 538 3924 in
567 3860 664 3945 Eiog.
695 3860 939 3926 Hemtterhueii
967 3865 1054 3947 utar)
1084 3865 1289 3930 obtrectandi

138 3978 249 4041 studio
270 3999 305 4041 se
328 3980 374 4042 ad
393 3980 575 4043 miticorum
593 3979 721 4044 inventa
741 3982 936 4045 rationetur
957 3982 1143 4066 quibudam
1169 3984 1290 4046 convel-

137 4096 232 4160 lenda
248 4104 375 4179 pareat,
399 4096 578 4173 moliantur,
604 4100 726 4174 cudent,
753 4109 795 4171 et,
815 4109 852 4162 at
869 4102 939 4163 loco
961 4103 1138 4185 depravato
1152 4101 1290 4184 qualem-

138 4235 259 4297 cunque
273 4234 394 4277 aeneum
413 4214 582 4301 effingunt,
597 4217 710 4280 mirere
729 4226 960 4301 retorqueant.
1007 4217 1062 4282 Sic
1085 4238 1151 4282 non
1169 4218 1290 4283 desunt

138 4332 194 4415 qui
218 4334 359 4416 ineptam
385 4332 555 4397 lectionem
579 4334 687 4420 Epist.
711 4336 745 4413 ii,
766 4338 798 4412 2,
814 4336 868 4413 70,
884 4337 1027 4415 hamane,
1049 4360 1091 4401 ex
1113 4334 1179 4422 qua
1201 4336 1290 4402 nulla

139 4472 237 4535 opera
259 4452 397 4515 extundi
417 4463 526 4535 potest
549 4474 664 4518 sensus
683 4455 873 4531 tolerabilis,
889 4458 1069 4540 patrocinio
1090 4479 1149 4521 suo
1163 4466 1287 4539 tegant,
