3150 5200
572 335 735 401 LIBER
752 335 798 413 11,
817 336 849 399 l.
1219 333 1287 394 397

223 490 379 569 Dulcior;
402 490 525 574 irriguo
540 489 620 554 nihil
634 500 685 553 est
699 488 821 556 elutis!
834 487 940 553 horto.

226 592 262 656 si
276 596 482 677 vespertinus
498 592 607 657 subito
622 602 655 655 te
669 591 870 675 oppresserit
883 590 1016 673 hospes,

223 694 277 759 Ne
293 695 412 779 gallina
427 694 545 759 malurn
559 703 730 777 responset
746 693 829 755 dura
844 691 963 775 palato,

223 795 353 861 Doctus
368 797 433 860 eris
449 797 552 859 vivam
566 805 673 859 musto
687 816 829 858 mersare
844 792 1001 871 Falern03

156 898 202 960 20
224 897 300 962 Hoc
315 908 459 962 teneram
474 896 581 961 faciet.
628 896 842 961 Pratensibus
856 896 978 980 optima
991 894 1101 979 fungis

224 998 354 1064 Natura
369 1010 436 1063 est:
461 999 531 1063 aliis
547 998 629 1062 male
645 998 800 1062 creditur.
846 996 905 1063 Ille
920 998 1068 1063 salubres

225 1100 376 1164 AEstates
391 1112 538 1184 peraget,
554 1101 610 1184 qui
625 1100 726 1184 nigris
742 1101 881 1184 prandia
894 1102 993 1165 moris

224 1202 341 1277 Finiat,
358 1212 432 1266 ante
448 1224 579 1286 gravem
594 1224 668 1285 quas
683 1200 799 1285 legerit
813 1203 929 1266 arbore
945 1202 1056 1266 solem.

225 1302 382 1368 Aufidius
396 1302 473 1367 forti
487 1304 644 1369 miscebat
656 1302 751 1367 mella
764 1301 915 1381 Falerno,

158 1407 203 1470 25
225 1404 405 1482 Mendose3
430 1406 582 1489 quoniam
597 1404 706 1469 vacuis
722 1405 922 1469 committere
936 1406 1025 1470 venis

225 1506 283 1571 Nil
298 1508 360 1571 nisi
374 1506 446 1572 lene
462 1508 574 1573 decet:
598 1506 662 1571 leni
677 1506 859 1590 praecordia
872 1506 977 1571 mulso

225 1607 391 1673 Prolueris
407 1608 531 1673 melius.
578 1608 614 1671 Si
630 1607 713 1671 dura
727 1609 908 1671 morabitur
920 1607 1024 1685 alvus,

227 1709 367 1774 Mitulus
381 1721 414 1774 et
428 1709 506 1775 viles
521 1710 643 1795 pellent
658 1710 822 1773 obstantia
840 1708 985 1786 conchae,

139 1881 253 1930 Veterem
276 1880 402 1931 lectionem
428 1884 501 1945 magis
519 1880 572 1928 alba
593 1878 699 1928 defendit
730 1879 807 1945 ceptis
817 1879 877 1928 meis
894 1879 992 1929 edoctus
1009 1879 1132 1928 mersabis.
1174 1881 1287 1939 Merme,

140 1944 200 2001 Fas,
216 1944 298 1993 addita
316 1944 482 2010 explicatione,
505 1943 606 2017 “magis
622 1944 698 1991 abun·
728 1941 780 2007 jam
808 1959 859 2008 pro,
893 1943 1019 1992 mersando
1051 1943 1175 1993 suffocare.
1209 1947 1288 1997 Murro

140 2008 225 2057 dantia
235 2009 356 2057 albumine
363 2009 388 2070 ;’'
397 2008 439 2076 sed
447 2010 509 2057 hanc
516 2007 699 2073 explicationem
732 2007 842 2055 Falerno:
865 2023 907 2072 pro
926 2008 1019 2071 vulgari
1042 2007 1144 2056 lectione
1165 2012 1288 2061 minoret

141 2073 183 2121 rix
195 2074 240 2121 lert
252 2072 378 2121 Latinitas.
722 2074 812 2127 uulso,
819 2072 913 2135 egregie
924 2071 955 2120 ad
965 2088 1015 2121 rem
1023 2072 1148 2121 Bentleius
1159 2072 1184 2120 in
1194 2082 1287 2123 textum

176 2139 215 2186 14.
234 2137 330 2193 Ponere,
347 2151 474 2203 apponere.
501 2133 699 2183 carbonarium
731 2136 821 2201 recepit
833 2146 914 2184 musto.
947 2137 1053 2184 Mustum
1068 2137 1133 2184 enim
1151 2137 1216 2211 apud
1235 2139 1287 2189 Ro-

139 2204 225 2249 nullom
236 2202 343 2250 vitellum
353 2200 423 2275 quasi
434 2202 459 2248 in
476 2198 608 2264 aequilibrio
623 2198 698 2247 conti-
731 2212 815 2248 manos
836 2200 869 2247 ita
888 2200 1043 2256 condebatur,
1063 2209 1091 2248 ut
1108 2216 1149 2265 per
1169 2210 1287 2265 rotegnnn

132 2274 207 2321 ,nent
218 2265 337 2329 eleganter
347 2266 460 2314 dicuntur
475 2280 528 2312 eom
543 2267 652 2319 σοὴὶὺενο,
664 2279 699 2312 sc.
731 2262 903 2313 lermoennum
921 2279 1005 2313 recens
1022 2273 1046 2313 et
1061 2262 1135 2313 dulce
1146 2275 1287 2324 serramtur,

141 2344 231 2394 araga
243 2329 383 2379 mobilitate.
730 2328 843 2402 varioque
858 2328 945 2378 culina
961 2327 1017 2377 usui
1028 2326 1188 2378 adhiberetur.
1222 2332 1287 2379 Lan-

176 2396 215 2451 15,
242 2396 280 2442 16.
308 2395 365 2443 Jarn
388 2391 473 2441 transit
500 2391 530 2440 sd
557 2391 622 2440 olera
648 2389 698 2439 sive
729 2390 828 2439 dantia
846 2392 909 2441 hanc
928 2409 978 2441 raro
995 2393 1052 2441 Cat.
1068 2391 1099 2441 da
1115 2393 1152 2441 R.
1171 2394 1206 2443 R.
1224 2410 1286 2456 ως

139 2459 225 2507 caules
236 2460 302 2522 (nos,
319 2458 380 2505 lt'olrl
396 2459 450 2505 oder
461 2457 565 2512 Gnnitse,
577 2472 621 2503 uus
632 2461 699 2503 stueu
731 2455 829 2505 Colum.
841 2456 883 2513 sii,
895 2458 944 2517 aa,
964 2457 1029 2504 Plin.
1042 2456 1090 2513 riv,
1104 2458 1141 2504 ll.

137 2522 236 2587 sataget
247 2524 321 2584 hut),·
336 2522 427 2587 junge:
443 2520 532 2577 Cuulis,
543 2522 583 2583 qui
597 2522 623 2567 iu
634 2522 698 2568 sucis
762 2522 804 2569 21.
820 2522 882 2569 Aliis
890 2523 949 2569 male
965 2524 1084 2570 creditur:
1102 2536 1150 2569 non
1168 2521 1223 2571 ideo
1233 2531 1287 2571 tan·

138 2590 205 2652 agris
221 2590 302 2643 mevit,
319 2598 353 2636 aar
369 2587 461 2636 dulcior
476 2586 542 2634 cuuto
558 2586 697 2641 suburbano,
731 2592 791 2642 tum,
803 2584 868 2649 quod
884 2586 961 2650 mugi,
972 2584 1014 2651 qui
1025 2584 1051 2634 in
1064 2584 1132 2634 silris
1147 2595 1287 2647 nascuntur,

140 2652 166 2701 h.
182 2668 205 2702 e.
221 2652 246 2702 in
256 2653 323 2700 horto
338 2652 476 2700 suburbano
496 2658 568 2708 nato;
585 2649 641 2697 hinc
652 2647 695 2697 ad·
728 2659 814 2698 natura
830 2666 875 2698 sua
897 2650 1022 2699 deteriores
1043 2658 1101 2699 sunt
1125 2651 1285 2715 pratensibus,

140 2714 186 2772 dit,
203 2720 295 2780 irriguo
312 2717 372 2764 utbit
388 2725 419 2763 est
434 2716 520 2762 elutiru
537 2716 609 2769 hoto,
630 2714 654 2761 h.
672 2729 696 2762 e.
728 2713 770 2763 sed
787 2714 868 2771 eham,
879 2714 945 2779 quod
962 2715 988 2763 in
1000 2714 1067 2762 silvis
1076 2714 1148 2763 simul
1160 2713 1286 2765 inveniun-

140 2789 203 2830 terra
221 2781 307 2829 nullibi
323 2779 399 2844 magis
416 2794 457 2844 per
473 2793 559 2842 aquam
578 2787 615 2826 est
632 2778 698 2826 eluta
729 2777 846 2842 turinngi
858 2778 917 2826 mali
926 2788 951 2828 et
965 2777 1096 2827 valetudini
1112 2778 1241 2827 admodum
1250 2780 1287 2830 in·

140 2843 243 2906 (nullibi
254 2845 330 2908 magis
340 2853 377 2893 est
392 2842 511 2899 humida),
522 2857 594 2906 quarn
605 2841 631 2889 in
642 2843 696 2890 hor·
729 2840 792 2898 sesti,
814 2842 865 2906 qui,
884 2844 916 2891 ob
938 2842 1117 2892 similitudinem
1138 2859 1212 2907 qnam
1232 2861 1288 2894 curn

140 2909 171 2957 tis
184 2908 336 2965 suburbanis,
347 2908 396 2956 siue
412 2905 476 2972 quod
494 2906 532 2955 siti
547 2905 582 2954 illi
593 2914 661 2956 erant
671 2906 697 2954 in
728 2905 799 2955 bonis
809 2907 907 2962 habent,
919 2907 989 2956 lamle
1000 2906 1078 2955 fraudi
1088 2922 1141 2956 esse
1152 2917 1260 2972 possunt.

140 2973 201 3022 locis
213 2973 326 3029 humidis,
338 2971 388 3020 siva
402 2971 467 3036 quod
481 2970 551 3019 rivuli
568 2971 593 3018 in
603 2986 644 3019 eos
654 2969 696 3018 de·
761 2973 804 3020 22.
823 2972 870 3025 Qut
881 2974 957 3036 nigris
966 2973 1067 3032 prandia
1078 2974 1155 3020 moris.
1175 2972 1232 3020 Jarn
1243 2973 1287 3022 ad-

140 3037 306 3102 ducebantur:
331 3036 403 3085 Ouid.
422 3037 487 3084 Fast.
502 3034 698 3091 baoariorum
730 3044 873 3098 sparguntur
894 3035 1006 3099 quedam
1030 3042 1157 3100 precepta,
1182 3035 1213 3083 ad
1234 3037 1287 3094 illa,

141 3104 242 3150 οᾰοτιιιὶι
259 3105 350 3150 sitierat
366 3103 505 3149 cultissimus
523 3099 607 3153 habu,
620 3100 698 3147 Saeuo
729 3113 784 3161 qua
812 3108 867 3148 ante
893 3100 1024 3149 solemnem
1051 3113 1146 3147 cranam
1171 3101 1289 3150 sumenda

141 3167 237 3214 humum
246 3168 296 3214 rivo
314 3167 363 3214 leue
372 3167 473 3230 fluentis
484 3181 562 3226 uquae,·
581 3163 645 3211 olera
655 3177 697 3212 au·
730 3161 787 3218 sint,
798 3163 938 3228 spectantia.
1258 3171 1261 3175 ’

135 3239 191 3279 ,ωιιι
211 3230 237 3278 in
255 3230 314 3278 locis
330 3228 434 3278 humidis
452 3235 510 3276 nata
531 3226 589 3275 latui
608 3227 699 3293 saporis
762 3228 804 3276 24.
830 3228 1037 3276 Furti-Falerno.
1073 3226 1194 3284 Aufidius,
1217 3228 1288 3280 bomo

131 3309 196 3344 esse
204 3293 369 3343 credebantur.
731 3290 839 3353 gulosus,
850 3292 921 3356 cujus
932 3301 1027 3356 gentem
1037 3307 1106 3340 nosse
1117 3291 1177 3339 nibil
1195 3293 1287 3350 attinet,

178 3360 282 3407 lta-20.
301 3357 336 3407 Ne
350 3359 444 3432 gallina
462 3358 557 3410 matrim,
577 3364 634 3405 cett.
643 3357 697 3421 gul·
731 3355 917 3420 reprehenditur,
928 3357 993 3421 quod
1002 3358 1101 3405 mulsum
1116 3357 1183 3419 (nos,
1205 3358 1287 3420 ulau)

143 3425 193 3470 ltus
214 3425 286 3480 doru,
307 3421 398 3485 gallina
420 3437 483 3485 quae,
504 3429 558 3485 post
570 3437 642 3485 quam
654 3421 698 3474 sub
731 3433 760 3466 ex
771 3420 842 3468 melle
852 3428 877 3468 et
888 3421 1057 3486 Fulemoforti
1069 3420 1109 3484 (h.
1119 3436 1140 3469 e.
1152 3420 1289 3480 lerrido,'ut

142 3487 270 3552 improviso
281 3485 381 3552 hospitis
398 3485 500 3534 adventu
516 3499 578 3532 casa
593 3493 637 3540 est,
650 3493 699 3533 sta-
732 3482 776 3531 iul.
789 3485 840 3532 Sat.
851 3483 877 3540 ii,
890 3487 915 3542 Β,
927 3487 968 3542 38,
981 3489 1037 3533 vina
1044 3483 1171 3549 fmidu),
1184 3501 1235 3541 nos,
1246 3505 1289 3536 uus

131 3551 185 3600 vtim
196 3567 225 3600 co
244 3552 316 3608 uitur,
328 3558 407 3598 manet
417 3552 487 3606 dura,
499 3547 600 3622 ideoque
615 3563 699 3614 parum
731 3549 830 3595 storkerus
847 3553 897 3596 und
910 3550 1031 3622 j'eruigem
1058 3549 1171 3597 Futsruer
1201 3551 1289 3608 Weiss,

141 3567 284 3728 respopldere
304 3612 571 3728 powtplsttpxspectationr
590 3611 699 3725 hospgtis,
733 3610 848 3724 miscpbpt
860 3629 868 3671 ;
893 3612 949 3725 lippe
967 3614 1039 3725 pppis
1055 3621 1109 3678 post
1126 3629 1149 3660 r.
1168 3615 1201 3662 26
1222 3631 1288 3664 com·

142 3694 193 3728 non
232 3695 300 3727 nram
408 3693 488 3727 ueram
510 3693 607 3726 carram
661 3692 700 3724 ere
733 3691 787 3724 men
805 3691 906 3724 aurmu
928 3695 967 3724 rum
1006 3694 1035 3725 re.

141 3742 270 3808 cupientis.
298 3744 389 3792 Malum
399 3741 513 3854 explicari
523 3739 619 3788 omnino
630 3740 702 3789 debet
764 3741 806 3788 25.
819 3741 933 3796 alendus,
940 3742 1068 3790 malesane
1079 3741 1124 3790 hoc
1135 3741 1199 3798 lecit,
1209 3746 1290 3804 quoni·

141 3807 700 3938 ttrthtl‘ttpttitlltttgtt
733 3805 1289 3942 ⁰mrtf‘ttttttttttt‘tttttltt:

143 3937 253 4012 suspicor
279 3935 352 3998 igitur
379 3933 506 3982 Horatium
537 3948 588 3997 pro,
615 3933 700 3980 mulum
733 3932 1052 3996 quaepnetentavelvrciua
1066 3941 1123 3980 sunt
1139 3931 1290 3991 cordi),ele·

144 4001 268 4064 scripsisse
278 4017 371 4062 purum.
383 3997 439 4047 Nisi
447 3999 502 4062 quis
510 3996 577 4045 malit
588 4005 699 4052 statuere,
733 4004 817 4059 gauter
828 4011 877 4061 pro,
887 4005 911 4044 te
922 4014 927 4043 ι
945 3996 1014 4059 Virg.
1027 3998 1088 4044 AEn.
1099 3996 1116 4052 i,
1128 3995 1184 4052 ⁷39,
1196 3997 1236 4043 ille
1247 3998 1290 4043 ius·

143 4067 232 4112 mulum
253 4080 382 4126 responsura
401 4063 493 4110 dictum
510 4077 571 4116 esse,
589 4069 617 4108 ut
635 4062 702 4109 dulce
732 4063 800 4123 piger
811 4061 887 4108 hausit
905 4060 1051 4120 Spumantem
1066 4070 1180 4122 patarum,
1192 4061 1291 4120 etpleno

144 4131 231 4184 ridere,
240 4131 307 4178 duur
315 4130 384 4192 lusui,
398 4126 445 4176 Od.
456 4126 472 4182 i,
483 4127 525 4181 Ὦ,
534 4127 577 4186 24;
587 4125 703 4188 perfidum
734 4139 757 4171 te
767 4125 855 4185 proluit
865 4140 933 4172 uuro.

144 4195 229 4250 rides,
246 4185 295 4242 o'd.
309 4191 344 4247 iii,
362 4193 403 4248 27,
416 4191 465 4249 26;
482 4206 563 4239 cuum
577 4192 702 4246 indoctum,
767 4189 808 4236 27.
831 4189 902 4235 Duru
920 4188 985 4235 aluus
1004 4187 1069 4248 (nos.
1095 4187 1291 4250 Hurtleibigltes't)

143 4259 213 4305 dulce
229 4259 311 4312 bibere,
324 4256 401 4322 Epist.
411 4256 437 4312 ii,
449 4256 474 4311 2,
485 4257 517 4313 9;
531 4255 642 4302 blandum
657 4256 702 4302 du·
734 4255 869 4310 narrabitur,
878 4251 1000 4300 obstaculo
1010 4250 1055 4300 crit
1065 4250 1200 4300 emittendis
1209 4265 1291 4301 exere·

144 4337 204 4378 uere,
217 4321 267 4370 Od.
279 4322 296 4378 i,
311 4323 350 4376 12,
363 4322 403 4369 ll.
437 4319 531 4376 Putate,
543 4319 664 4380 eleganter
680 4325 704 4366 et
737 4316 833 4365 mentis.

136 4385 542 4449 -signihcanterpro,erpaetuttont,·
558 4381 701 4444 othincpu-
766 4381 807 4429 28.
834 4381 936 4429 Miratus
956 4381 995 4428 vel
1017 4379 1124 4444 Mytilus,
1148 4379 1292 4428 concharum

143 4467 198 4496 riam
207 4459 329 4512 responset,
345 4465 427 4514 parurn
440 4457 516 4511 grata,
533 4447 633 4510 ingrata,
645 4445 703 4494 insi·
735 4444 910 4495 esculentamm
925 4460 1009 4509 genus,
1021 4445 1132 4496 πλλίνα·
1149 4443 1197 4492 rid.
1216 4444 1291 4495 Hein-

145 4513 202 4578 pide
213 4514 253 4563 sit.
287 4514 375 4562 Doctus
390 4517 436 4561 eris
452 4528 565 4578 mesura,
577 4527 627 4575 pro,
643 4525 702 4576 prue-
736 4508 796 4556 dors.
822 4521 826 4528 ‘
