3150 5200
614 315 778 381 LIBER
801 316 829 396 Ι,
852 317 882 381 8.

261 463 385 529 Verum
399 466 458 529 ubi
472 488 548 530 oves
563 466 662 544 furto,
678 471 792 532 morbo
808 468 935 553 periere
950 467 1094 552 capellae,

260 565 360 651 Spem
373 569 509 632 mentita
524 591 629 653 seges,
647 571 706 634 bos
722 582 773 634 est
786 579 922 634 enectus
936 569 1078 646 arando;

260 667 417 733 Offensus
433 669 570 746 damnis,
584 671 691 734 media
706 672 747 734 de
763 681 858 735 nocte
873 669 1034 734 caballum

260 766 400 854 Arripit,
416 772 584 855 iratusque
600 771 746 856 Philippi
762 773 868 835 tendit
882 771 926 834 ad
941 772 1040 835 aedes.

191 871 235 934 90
257 871 365 944 Quem
381 872 476 936 simul
489 874 642 957 adspexit
657 876 807 938 scabrum
821 875 1050 957 intonsumque
1066 873 1251 961 Philippus,

257 973 384 1051 Durus,
400 977 457 1052 ait,
470 975 594 1051 Vultei,
610 976 703 1039 nimis
719 986 929 1059 attentusque
944 975 1065 1038 videris

257 1074 343 1139 Esse
358 1077 447 1140 mihi.
494 1076 565 1153 Pol,
582 1099 632 1140 me
647 1077 812 1154 miserum,
828 1089 976 1161 patrone,
993 1098 1137 1152 vocares,

257 1174 294 1238 Si
309 1177 420 1255 velles,
434 1179 552 1262 inquit,
568 1201 679 1242 verum
694 1179 772 1250 mihi
787 1201 910 1263 ponere
925 1199 1052 1242 nomen.

256 1277 357 1350 Quod
373 1289 405 1343 te
420 1302 480 1363 per
495 1279 650 1356 Genium,
667 1281 892 1364 dextramque,
909 1279 1067 1363 Deosque
1084 1278 1225 1345 Penates

192 1377 235 1440 95
258 1378 409 1444 Obsecro
424 1393 457 1444 et
473 1383 630 1458 obtestor,
645 1382 720 1446 vitae
735 1405 785 1446 me
801 1382 904 1446 redde
919 1382 1031 1466 priori.

257 1480 326 1553 Qui
341 1481 440 1545 semel
453 1483 617 1567 adspexit,
633 1494 789 1566 quantum
806 1484 939 1547 dimissa
953 1484 1065 1566 petitis

257 1581 431 1660 Praestent,
446 1595 572 1648 mature
585 1585 710 1662 redeat,
726 1596 919 1669 repetatque
934 1584 1056 1648 relicta.

256 1681 369 1746 Metiri
383 1706 418 1748 se
433 1707 594 1770 quemque
610 1709 669 1751 suo
685 1686 816 1752 modulo
831 1711 870 1752 ac
885 1687 982 1771 pede,
999 1709 1110 1751 verum
1124 1697 1185 1751 est.

564 1959 805 2023 EPISTOLA
827 1959 925 2025 VIII.

445 2155 504 2203 AD
525 2155 688 2203 CELSUM
711 2147 1044 2204 ALBINOVANUM.

255 2292 366 2356 Crasso
381 2294 537 2377 gaudere,
553 2303 587 2357 et
601 2296 685 2357 bene
701 2316 768 2358 rem
783 2315 909 2377 gerere,
925 2291 1142 2368 Albinovano,

258 2393 359 2457 Musa
373 2404 498 2478 rogata,
511 2395 608 2471 refer,
625 2397 734 2459 comiti
750 2397 931 2479 scribaeque
946 2395 1102 2459 Neronis.

254 2495 289 2557 Si
304 2506 440 2579 quaeret,
456 2497 535 2579 quid
551 2517 656 2580 egam,
673 2497 737 2574 die,
753 2497 857 2561 multa
870 2508 903 2561 et
918 2497 1056 2582 pulchra
1069 2498 1256 2574 minantem,

198 2682 240 2729 st.
258 2681 357 2742 crepat:
377 2681 425 2731 vid.
441 2698 495 2747 sup.
512 2682 543 2731 ad
555 2682 603 2731 Od.
617 2684 634 2740 i,
649 2686 687 2741 18,
701 2686 725 2732 5.
759 2700 833 2748 quant
851 2684 955 2749 reliquit,
972 2685 1049 2734 multo
1066 2682 1188 2731 meliorem
1207 2696 1261 2730 esse
1280 2680 1323 2729 illa

166 2746 202 2793 Pr
251 2756 291 2793 ret
303 2747 384 2803 ulmos,
395 2754 463 2811 aptas
474 2746 552 2795 reddit
562 2746 638 2795 ulmos
649 2747 726 2813 appli-
759 2764 832 2812 quam
853 2750 960 2814 appetiit.
995 2749 1079 2797 Veram
1097 2758 1138 2803 eat,
1155 2762 1259 2811 aequum,
1272 2760 1323 2794 rec·

165 2824 210 2859 can
228 2810 248 2858 is
259 2809 356 2858 ritibus.
759 2820 821 2867 tum,
834 2813 869 2861 las
881 2821 927 2868 est,
940 2812 1023 2873 decet3
1041 2812 1097 2860 binc
1108 2810 1152 2859 inl.
1166 2810 1244 2875 Epist.
1256 2808 1273 2865 i,
1283 2810 1322 2867 12,

197 2876 238 2923 85.
256 2874 391 2923 immoritur
402 2876 500 2922 studiis:
518 2873 560 2939 qui
572 2883 635 2924 totus
651 2876 728 2925 estin
759 2878 801 2933 23,
822 2876 959 2941 junguntur
977 2894 1055 2925 verim
1075 2883 1100 2923 et
1116 2892 1214 2937 equam,
1230 2882 1255 2921 et
1267 2890 1323 2937 sup.

165 2938 247 3003 aliqua
264 2954 297 2995 re,
318 2938 356 2987 vel
378 2952 403 2985 se
424 2946 499 2986 totum
520 2938 593 2987 alicui
611 2940 644 2988 rei
664 2948 725 2989 trac·
759 2940 838 3006 Epist.
857 2941 874 2995 i,
899 2944 922 2997 I,
942 2943 981 2997 ll,
1002 2958 1082 2987 aarum
1099 2947 1124 2986 et
1137 2940 1227 2986 mens:
1246 2938 1324 2985 multa

164 3004 244 3051 tanda
260 3001 368 3057 devovet,
380 3002 400 3048 is
411 3005 488 3049 dudio
498 3002 572 3067 hujus
583 3004 616 3051 rei
628 3007 726 3061 tmrrori,
759 3004 868 3069 exempla
882 3004 912 3053 de
927 3004 973 3053 hac
985 3001 1157 3069 significatione
1169 3002 1235 3049 vocis
1245 3018 1323 3049 oerum

163 3075 189 3115 et
204 3067 225 3115 is
235 3066 277 3130 qui
287 3066 312 3114 in
327 3065 469 3128 colligendis
484 3065 574 3115 divitiis
585 3068 619 3115 ita
634 3083 659 3116 se
677 3083 727 3115 nra·
760 3068 877 3117 dederunt
895 3069 1001 3118 Gronov.
1012 3077 1038 3117 et
1056 3065 1177 3115 Drakenb.
1189 3065 1220 3113 ad
1232 3064 1286 3112 Liv.
1296 3064 1323 3122 ii,

164 3141 230 3180 cerat
245 3138 270 3179 et
285 3130 390 3185 conficit,
409 3138 436 3178 nt
454 3139 509 3179 ante
526 3130 588 3179 diem
606 3146 729 3181 senescere
762 3134 803 3188 48,
816 3135 829 3195 §
840 3135 865 3182 2.

163 3193 281 3249 videatur,
293 3193 413 3257 eleganter
421 3196 519 3243 bubmdi
529 3212 605 3243 amore
615 3212 725 3244 seneecere

164 3257 254 3307 dicitur
261 3276 269 3316 ;
286 3258 320 3307 sic
332 3258 464 3323 γηράσκειν
475 3258 540 3324 apud
552 3260 660 3309 Groecos.
906 3260 1077 3309 EPISTOLA
1096 3259 1175 3308 VIII.

198 3324 239 3371 87.
255 3322 355 3371 Mentire
366 3330 410 3378 ast,
421 3322 502 3379 elusit,
512 3323 612 3383 fefellit,
628 3324 663 3373 sic
672 3340 725 3389 sup.
791 3324 905 3373 Horatius
916 3333 991 3374 semet
1002 3325 1090 3389 ipsum,
1101 3330 1130 3371 nt
1146 3320 1264 3370 hominem
1278 3320 1320 3368 mi-

165 3386 213 3435 Od.
226 3386 261 3442 iii,
276 3388 297 3442 l,
310 3386 450 3450 30,fandus
461 3390 565 3435 mendae.
757 3404 804 3436 nus
819 3399 897 3437 mente
915 3405 987 3453 quam
998 3404 1096 3453 corpore
1107 3386 1222 3441 validum,
1234 3383 1284 3432 sire
1296 3394 1324 3432 ut

196 3453 237 3500 89.
262 3450 392 3513 iratusque,
413 3450 458 3499 sibi
479 3451 534 3516 ipsi,
557 3452 621 3526 quod
643 3467 726 3516 passus
758 3451 887 3509 hominem,
899 3452 1322 3517 malo,quodvocant,lypoelrondri-

161 3514 240 3563 fuerat
256 3530 281 3564 se
297 3514 397 3579 impelli,
410 3523 437 3563 ut
448 3514 521 3563 vitam
532 3526 638 3580 quietam
650 3525 673 3565 et
682 3516 722 3591 ju·
756 3533 796 3563 aco
815 3517 971 3573 laborantem,
992 3525 1017 3565 et
1034 3528 1081 3564 tam
1102 3516 1230 3564 amicornm
1250 3530 1323 3578 qnam

163 3579 267 3627 cundem
282 3587 385 3628 mutaret
396 3594 452 3627 cunr
464 3579 512 3627 vita
523 3580 630 3644 inquieta
645 3589 669 3628 et
686 3596 723 3627 rn-
757 3579 902 3628 medicorum
915 3580 1021 3628 consiliis
1033 3580 1188 3634 obnitentem,
1201 3577 1322 3627 describit.

160 3643 279 3708 jucunda.
759 3643 847 3692 Celsus
858 3644 1035 3703 Albinovanus,
1047 3644 1078 3691 ad
1095 3660 1166 3708 quern
1182 3643 1271 3707 scripta
1286 3646 1322 3690 est

194 3708 236 3757 90.
253 3708 371 3763 Scubrrem,
383 3707 482 3773 plenum
499 3708 618 3772 squaloris
633 3716 657 3755 et
674 3722 723 3753 sor·
757 3707 809 3755 haec
837 3708 947 3772 epistola,
970 3708 1034 3756 idern
1061 3724 1112 3757 esse
1135 3707 1228 3756 videtur
1250 3721 1322 3769 quern

162 3770 208 3828 dii,
228 3770 366 3830 aonidum,
384 3786 439 3819 nam
459 3780 586 3837 postquam
605 3772 680 3819 Mena
699 3786 725 3817 ex
758 3787 812 3836 sup.
832 3772 909 3837 Epist.
921 3773 938 3828 i,
950 3774 975 3827 3,
989 3774 1019 3820 15
1029 3787 1085 3835 sqq.
1103 3780 1130 3819 ut
1147 3779 1250 3836 poetam,
1263 3770 1320 3818 alio·

161 3838 236 3883 nitido
254 3835 348 3909 (ubil)
360 3837 439 3884 fartus
457 3844 508 3885 erat
522 3840 632 3909 restr'cus,
647 3843 723 3884 exter·
757 3851 809 3883 rum
830 3836 917 3909 serinia
944 3835 1121 3909 compilantem,
1144 3841 1321 3883 commemorat.

161 3900 724 4029 ”⁰3¹1ft‘tl23‚⁰lll¹l.lztl:ll....‚..n
758 3899 1323 4032 litsubintulistiiffi

161 4028 241 4093 Epist.
252 4028 269 4084 i,
285 4030 323 4084 16,
334 4029 375 4085 70,
387 4031 435 4077 sine
448 4040 527 4090 pascat
538 4032 611 4076 dame
622 4038 724 4089 oretque.
759 4028 874 4075 Horatius
884 4044 941 4091 erga
956 4027 1015 4075 alios
1033 4025 1123 4074 amicos
1138 4026 1163 4072 ln
1175 4022 1322 4071 carminibus

161 4097 321 4155 Alteriusque,
334 4108 369 4140 sc.
380 4092 410 4139 ad
422 4108 479 4149 rem,
492 4093 516 4140 h.
528 4109 551 4141 e.
564 4106 657 4140 avarus.
759 4092 810 4139 suis
819 4094 942 4157 expressit.

193 4158 234 4205 93.
264 4158 350 4203 Ponere
378 4174 465 4213 nomer,
491 4158 622 4221 Impouere‚
650 4155 724 4202 dare:
792 4156 865 4203 l-s.
882 4158 929 4203 Pro
952 4154 1062 4217 simplice
1083 4152 1236 4217 epIstolarum
1256 4151 1321 4225 apud

160 4235 215 4285 sup.
232 4222 283 4268 Sat.
296 4220 321 4277 ii,
333 4222 357 4277 3,
370 4222 410 4277 ts,
425 4224 466 4284 qui
484 4224 526 4269 titi
544 4238 624 4268 rumen
642 4218 727 4267 insano
760 4218 859 4269 Latinos
879 4218 1033 4284 inscriptione
1053 4219 1159 4272 saltitem,
1180 4216 1254 4263 utitur
1270 4232 1320 4280 jam

156 4300 262 4346 posuere.
758 4283 872 4331 Horatius
890 4283 993 4331 formula
1010 4297 1083 4347 quam
1106 4279 1186 4329 Graeci
1201 4280 1322 4343 prefigere

192 4350 299 4398 96-98.
318 4349 365 4402 Qut
384 4350 449 4395 semel
467 4350 579 4410 adspexit,
590 4347 658 4403 vidit,
672 4346 722 4395 ani-
757 4348 835 4395 soleut
851 4348 968 4413 epistolis,
981 4348 1078 4411 χαίρειν
1091 4345 1132 4394 καὶ
1147 4345 1173 4393 εὖ
1189 4343 1320 4406 πράττειν.

158 4412 293 4470 madvertit,
317 4411 444 4461 intellexit.
485 4414 603 4465 Quantum
632 4414 724 4461 diruisse
759 4412 843 4459 Comiti
853 4411 1092 4475 seribeqaeNeronis:
1107 4409 1132 4456 in
1145 4408 1260 4456 comitatu
1272 4408 1322 4456 sire

158 4479 236 4537 petitis
261 4477 384 4535 Praeterit,
407 4491 460 4526 eam
481 4477 537 4525 vite
563 4475 723 4526 conditionem
757 4476 781 4525 iu
793 4475 890 4525 cohorte
899 4475 990 4527 Tiberii
1000 4474 1098 4525 Claudii
1110 4472 1223 4530 Neronis,
1234 4480 1286 4520 turn
1296 4471 1322 4521 in
