3150 5200
721 331 950 400 EPODON

496 481 578 546 Edit
592 483 706 548 cicutis
722 484 832 549 allium
846 486 1026 552 nocentius.

623 584 655 649 0
672 585 758 650 dura
772 609 952 652 messorum
966 588 1039 652 ilia!

440 687 461 748 5
494 687 585 760 Quid
600 687 663 752 hoc
679 691 795 753 veneni
811 691 903 754 saevit
916 691 950 754 in
962 691 1179 774 praecordiis?

617 788 708 853 Num
724 792 889 875 viperinus
904 791 956 855 hie
971 815 1069 858 cruor

490 887 641 954 Incoctus
657 890 768 957 herbis
783 915 835 957 me
850 892 985 958 fefellit?
1008 918 1050 959 an
1064 896 1165 961 malas

620 994 759 1058 Canidia
773 997 923 1060 tractavit
938 997 1063 1081 dapes?

489 1093 538 1157 Ut
553 1093 763 1179 Argonautas
779 1107 899 1181 praeter
914 1119 1025 1162 omnes
1040 1100 1216 1164 candidum

430 1195 469 1257 10
619 1195 939 1263 Medeamirataest
953 1200 1081 1280 ducem,

491 1296 610 1382 Ignota
625 1300 726 1363 tauris
742 1300 939 1385 illigaturum
950 1302 1043 1386 juga,

619 1401 780 1476 Perunxit
794 1403 858 1467 hoc
873 1403 1046 1468 dasonem:

489 1500 565 1565 Hoc
581 1501 734 1567 delibutis
747 1503 817 1568 ulta
832 1505 926 1568 donis
942 1505 1101 1589 pellicem,

620 1604 779 1690 Serpente
796 1604 880 1689 fugit
895 1605 981 1671 alite.

427 1707 466 1769 15
488 1705 561 1771 Nec
578 1717 687 1770 tantus
703 1729 846 1790 unquam
862 1707 1005 1772 siderum
1019 1709 1140 1772 insedit
1154 1730 1257 1792 vapor

617 1808 800 1873 Siticulosae
815 1808 964 1894 Apuliae:

488 1909 561 1974 Nec
576 1932 692 1974 munus
706 1910 851 1976 humeris
865 1911 1006 1976 efficacis
1022 1911 1176 1977 Herculis

616 2010 736 2076 Inarsit
750 2013 935 2076 aestuosiue.

271 2194 395 2244 nocentius
412 2203 500 2244 sumat.
534 2197 605 2251 Olim,
614 2194 665 2260 jam
680 2194 709 2244 de
724 2203 830 2260 tempore
862 2203 938 2252 erant,
959 2195 1057 2260 alligare
1080 2194 1192 2252 debebat,
1212 2195 1314 2260 perferre
1334 2209 1423 2264 posset,

271 2257 359 2307 tuturo.
402 2259 458 2307 Edit
477 2260 522 2324 (ad
542 2259 663 2324 antiquam
683 2258 831 2325 subjunctivi
862 2258 985 2310 inunxisse
996 2259 1109 2309 credibile
1119 2268 1164 2308 est.
1188 2259 1356 2324 [metauris
1371 2265 1421 2312 illi·

270 2322 378 2381 formum,
390 2326 457 2380 edim,
474 2329 501 2380 is,
516 2325 562 2387 it),
572 2340 622 2388 pro,
631 2323 695 2372 edat.
726 2327 828 2372 Ciculis:
859 2329 1053 2389 gatrsmmjuga,
1069 2339 1111 2389 pro
1128 2323 1229 2388 vulgun',
1246 2332 1327 2373 tauros
1343 2326 1424 2389 illige-

270 2385 300 2435 de
318 2390 394 2434 alciata
412 2388 496 2453 (cujus
512 2403 599 2436 succus
611 2396 647 2436 eet
661 2403 736 2452 genus
752 2388 829 2452 quod·
861 2397 941 2436 turum
957 2388 965 2436 i
1000 2388 1045 2436 otis
1057 2388 1139 2454 jugisr
1155 2389 1227 2452 plane
1242 2397 1269 2437 ut
1279 2405 1334 2454 sup.
1345 2392 1423 2457 Epod.

270 2450 325 2498 dam
336 2449 429 2506 veneni,
442 2451 506 2515 quod
517 2451 580 2516 apud
595 2451 751 2500 Athenienses
761 2451 830 2500 darn·
863 2453 946 2509 1‚25‚
992 2471 1021 2501 aa
1038 2463 1066 2501 ul
1078 2455 1188 2516 Juveneis
1203 2453 1300 2516 illigata
1314 2457 1422 2516 pluribus

270 2513 330 2569 nuti,
339 2523 366 2561 ut
377 2516 493 2573 Socrates,
502 2530 593 2562 sumere
601 2517 769 2580 cogebantur),
779 2516 828 2565 vid.
862 2517 951 2564 Aratra
965 2519 1074 2565 nitamur
1088 2535 1152 2565 mea:
1168 2517 1201 2565 cl.
1213 2516 1244 2566 de
1254 2517 1300 2565 hac
1311 2534 1345 2577 re,
1358 2537 1419 2586 quos

269 2577 336 2626 Plin.
356 2594 412 2635 xxv,
430 2579 469 2636 13,
488 2596 509 2628 s.
524 2581 566 2629 95.
600 2581 696 2629 Odura
708 2598 829 2631 messorum
860 2580 1347 2648 laudantluterpretes,Pindar.Pyth.is,
1357 2585 1422 2647 3935

267 2644 319 2698 ilia,
345 2658 379 2691 sc.
401 2660 456 2707 quse
505 2645 575 2693 rlerre
592 2645 674 2693 valent
692 2646 740 2693 vim
758 2646 828 2695 islam
861 2645 1421 2721 Apollon.1ihod.iii,10413etVel.1''lac.

270 2706 321 2755 allii
332 2707 482 2773 pestiferam.
497 2709 640 2757 messoribus
647 2709 764 2773 ejusmodi
776 2728 827 2760 mo·
860 2710 902 2768 vir,
923 2712 979 2761 463.
1014 2712 1155 2767 Candidum,
1178 2710 1315 2776 pulchrum,
1333 2713 1421 2764 formo-

269 2779 355 2828 retum,
378 2788 407 2821 es
429 2773 486 2821 allio
508 2781 532 2822 et
554 2774 608 2822 aliis
624 2772 731 2821 contusis
751 2775 829 2823 herbis
861 2790 923 2832 sum,
939 2783 967 2824 ut
985 2790 1058 2840 sepe.
1091 2775 1183 2824 Mireta
1199 2785 1240 2832 est,
1259 2790 1339 2825 eruore
1357 2778 1421 2842 ejus,

268 2836 412 2893 conlectum,
429 2838 515 2887 rustica
530 2837 615 2887 mulier
628 2837 748 2902 Thestylis
760 2848 829 2904 purat
859 2848 985 2904 postquam
1005 2854 1060 2888 curu
1079 2839 1235 2887 admiratione
1251 2839 1304 2903 ejus
1321 2841 1421 2891 sormam

269 2900 332 2966 apud
351 2902 417 2963 Virg.
429 2901 483 2951 Ecl.
495 2902 522 2959 ii,
537 2904 574 2961 10,
589 2904 700 2967 Thestylis
711 2912 732 2949 et
744 2906 827 2965 rapido
860 2904 1022 2969 contemplata
1034 2904 1118 2960 luerat,
1131 2912 1202 2969 capta
1213 2903 1273 2952 luit:
1291 2904 1324 2953 cl.
1335 2922 1364 2953 su
1384 2943 1390 2955 .
1402 2908 1421 2965 i,

261 2966 332 3029 fessis
348 2970 478 3015 messoribus
494 2978 550 3016 astu
568 2969 633 3015 Allia
648 2968 827 3031 serpyllumque,
860 2968 885 3024 4,
899 2970 1019 3025 19,iv,9‚
1033 2970 1071 3017 16.
1105 2968 1155 3016 Hoc
1168 2970 1277 3016 delibutis
1290 2970 1341 3017 ulta
1356 2922 1422 3021 daris

269 3030 348 3079 herbas
358 3035 479 3081 corrtuudit
489 3035 581 3081 olentes.
858 3034 978 3105 pellicem:
996 3032 1046 3082 allii
1060 3048 1157 3098 quoque
1167 3033 1247 3081 succis
1258 3033 1347 3083 orodes
1357 3034 1421 3085 dous

300 3096 391 3145 5-14.
409 3098 472 3151 Quid
489 3098 527 3145 lac
541 3099 630 3153 veneni,
641 3094 712 3160 quale
727 3094 827 3144 dixerim
859 3096 903 3143 ι11ιι
914 3098 1031 3163 nuptialia
1042 3096 1422 3163 (pullametcoronam)‚quibus
1525 3117 1527 3120 ·

268 3174 313 3221 ego
323 3160 386 3210 illud
396 3161 481 3210 veneni
496 3177 557 3217 esse,
568 3160 632 3225 quod
643 3167 699 3208 cett.
736 3160 827 3222 Viperi·
891 3160 971 3209 llicem
988 3162 1114 3225 (Creusam
1131 3161 1182 3209 sive
1201 3161 1316 3219 Glaucen,
1333 3177 1420 3212 noveru

268 3242 312 3273 aus
330 3244 408 3283 moer,
424 3225 466 3289 qui
482 3225 529 3273 vim
548 3224 725 3289 praesentissimi
743 3224 827 3272 veneni
860 3176 958 3274 lenonis
968 3224 1111 3292 conjugem)
1119 3226 1282 3281 ulcisceretur,
1290 3224 1420 3277 delibnisse

268 3288 354 3337 habere
367 3290 507 3354 putabatur,
524 3288 579 3336 binc
591 3304 645 3352 sup.
655 3290 672 3345 i,
682 3290 706 3346 0,
723 3290 758 3345 10,
772 3305 826 3355 pro·
859 3289 967 3351 videtur3
984 3306 1034 3356 qua
1052 3306 1076 3339 re
1093 3298 1190 3356 perpetu
1205 3290 1250 3338 ills
1266 3304 1339 3339 curru
1349 3291 1420 3341 sistis

268 3352 368 3400 verbiali
384 3352 513 3409 locutione,
531 3354 827 3418 vilarealiquirlsanguiue
859 3356 1009 3419 serpentibus
1042 3364 1117 3404 uncto
1143 3354 1246 3417 tulugit.
1290 3354 1420 3405 Habebunt

267 3417 371 3478 viperino
384 3419 484 3465 cautius.
518 3416 632 3474 lrrcoelus,
643 3426 749 3483 coquunt
763 3418 827 3466 enim
860 3434 945 3483 nempe
956 3434 1047 3468 venena
1056 3418 1107 3477 ills,
1123 3418 1212 3483 quibus
1225 3417 1289 3465 dona
1301 3420 1420 3485 nuptialis

266 3487 292 3527 et
306 3480 440 3543 incoquuut
456 3481 540 3530 herbas
558 3491 688 3530 venenatas
700 3482 826 3542 venefica,
858 3480 980 3532 inunxisse
1003 3483 1092 3532 Medea
1111 3482 1208 3539 dicitur,
1229 3483 1292 3531 banc
1312 3484 1370 3539 vim,
1392 3494 1421 3535 ut

266 3544 300 3591 sic
317 3553 380 3591 cocta
393 3548 501 3609 gramina
518 3546 582 3621 apud
599 3547 708 3612 Propert.
724 3546 749 3604 ii,
765 3550 789 3604 4,
801 3550 825 3605 li,
860 3545 975 3597 Creusam
983 3564 1038 3596 curn
1049 3547 1158 3613 totuejus
1166 3546 1237 3595 domo
1244 3548 1419 3599 comburerent.

267 3618 292 3657 et
308 3606 397 3657 Medea
413 3610 476 3675 apud
492 3612 565 3660 Ovrd.
579 3612 641 3659 Met.
652 3612 702 3669 viii,
714 3612 772 3668 265,
784 3612 824 3660 Se·
859 3610 910 3659 Res
922 3628 952 3661 ex
961 3612 1046 3677 Eurip.
1055 3611 1123 3661 Med.
1134 3611 1192 3659 satis
1202 3620 1271 3659 nota:
1283 3610 1316 3659 cl.
1326 3613 1419 3687 Hygia.

267 3676 373 3749 missaque
383 3675 498 3739 fimesque
514 3685 534 3724 el
552 3692 626 3725 succos
641 3678 743 3740 incoquit
752 3692 824 3725 acres.
858 3676 918 3724 Fau.
937 3693 994 3732 xxv,
1015 3685 1039 3725 et
1057 3676 1080 3724 A
1112 3674 1196 3724 llodor.
1214 3674 1241 3732 ii,
1259 3676 1307 3734 283
1326 3677 1359 3724 cf.
1373 3677 1420 3726 rui.

268 3736 308 3787 Me
318 3736 504 3803 jffellitlmihi
520 3740 600 3788 fraudi
619 3740 680 3788 luitl
714 3741 823 3797 Carbia,
857 3740 936 3804 Epod.
957 3744 982 3796 b,
1005 3741 1045 3789 63.
1100 3742 1161 3805 ugit,
1185 3739 1294 3788 Athenas
1314 3756 1368 3789 uem
1410 3760 1417 3788 z

267 3801 338 3867 cujus
349 3800 438 3850 scelera
448 3803 491 3852 inl.
502 3806 528 3853 in
538 3803 643 3853 carmine
653 3802 736 3868 quinto
746 3812 770 3851 et
782 3804 823 3853 de·
856 3804 945 3853 vida
979 3804 1063 3853 llodor.
1077 3804 1095 3861 i,
1110 3806 1135 3862 9,
1150 3806 1192 3852 'lli-
1224 3805 1333 3865 Ssrpeute
1350 3809 1416 3864 eise,

267 3868 329 3917 cimo
345 3868 445 3933 septimo
460 3868 607 3928 insectatum
631 3870 749 3926 tractauit,
767 3868 824 3917 mis·
857 3868 882 3917 h.
900 3885 923 3917 e.
940 3878 1012 3926 asto,
1031 3878 1058 3917 ut
1077 3884 1132 3935 sup.
1147 3868 1180 3925 iv,
1199 3868 1239 3924 11,
1254 3869 1296 3924 26,
1315 3868 1418 3933 Pegasus

266 3932 324 3981 cuit.
357 3932 444 3988 Malas,
457 3943 601 3993 venenatns3
618 3934 700 3988 malus,
711 3939 738 3979 ul
754 3932 824 3982 Gra·
857 3935 912 3981 ales.

266 4012 347 4045 corum
370 4000 451 4055 κακὸς,
473 4012 536 4063 saepe
558 3998 588 4047 de
610 3998 679 4046 rebus
701 3998 778 4045 noxiis
801 4006 826 4047 et
892 3998 995 4046 16-10.
1020 3998 1069 4046 Nec
1089 4008 1169 4047 tantus
1193 4014 1296 4059 unaarum
1316 3998 1418 4045 sideruss

265 4076 358 4111 veneno
379 4062 489 4121 inleclis;
517 4062 568 4112 vid.
585 4061 708 4111 Drakenb.
730 4061 760 4110 ud
780 4062 825 4111 Sil.
858 4064 941 4111 insedit
952 4079 1031 4124 vapor,
1044 4070 1100 4111 cett.
1112 4077 1156 4111 nec
1165 4068 1347 4126 tantouuqusur
1358 4062 1416 4110 solis

267 4126 325 4175 Ital.
336 4125 387 4181 aiii,
399 4129 455 4185 500,
468 4135 493 4175 et
505 4128 638 4175 Burmann.
653 4127 682 4175 ad
694 4126 789 4175 Patron.
803 4143 825 4175 c.
859 4134 918 4175 resta
930 4128 976 4174 sub
986 4126 1042 4175 Sirii
1054 4134 1107 4175 ortu
1117 4126 1184 4175 arida
1198 4122 1242 4173 illa
1251 4133 1314 4173 terra
1325 4126 1419 4190 Apulis

266 4190 324 4241 lviii.
360 4192 393 4239 Ut
408 4194 555 4255 Argonautas
568 4202 651 4255 prater
661 4194 824 4239 amuescandi·
859 4190 905 4255 (ci.
923 4191 958 4246 iii,
979 4192 1020 4248 30,
1043 4191 1096 4253 11,)
1115 4199 1200 4240 exusta
1217 4197 1262 4245 est,
1282 4204 1328 4237 nec
1350 4198 1417 4239 tento

263 4258 319 4305 dum
336 4256 426 4313 Medea,
443 4263 498 4304 cett.
516 4272 614 4306 sensus:
633 4255 691 4304 allio
705 4256 754 4304 sive
771 4255 823 4304 allii
854 4265 914 4304 cestu
932 4254 998 4304 fortis
1015 4254 1072 4303 olim
1093 4254 1212 4304 Hercules
1227 4269 1270 4318 per
1288 4262 1380 4302 vestem
1400 4270 1417 4302 s

264 4320 343 4371 succis
362 4321 460 4377 Medea,
471 4328 597 4385 postquam
612 4337 660 4387 pru
676 4320 759 4369 ceteris
774 4321 821 4369 Ar·
854 4319 971 4368 Deianira
987 4328 1111 4387 acceptam
1127 4327 1250 4384 correptus
1264 4324 1310 4375 est,
1324 4325 1417 4393 quanto

264 4385 375 4496 ponentis
386 4384 455 4435 ducis
469 4400 551 4435 eorum
563 4383 740 4450 pulchritudine
751 4394 822 4450 capta
853 4400 898 4449 ego
908 4400 973 4433 nuuc
985 4400 1027 4449 per
1034 4384 1181 4476 pestiferum,
1192 4380 1256 4448 quod
1267 4398 1351 4437 sumes,
1364 4396 1417 4457 cor:

275 4450 318 4505 uit,
330 4451 453 4507 Jusoneru,
467 4457 494 4498 ut
510 4448 606 4513 igneum
621 4448 729 4515 spiritum
741 4457 820 4497 tauro·
853 4448 926 4516 ripior
943 4448 1041 4497 allium.
1060 4449 1166 4496 Siderum
1183 4463 1262 4508 sapim,
1279 4454 1360 4500 aestus,
1372 4462 1415 4510 qur

264 4528 325 4573 rum,
338 4516 475 4580 quosjugo,
486 4512 551 4578 quod
566 4513 601 4563 illi
613 4513 719 4562 nondum
731 4514 822 4592 experti
854 4512 1043 4563 sevitsuborsu
1052 4512 1116 4562 Sirii.
1140 4509 1330 4569 manasserii,
1343 4510 1417 4562 Nessi
