3150 5200
290 355 354 420 508
670 352 1064 419 EPISTOLARUM

376 507 478 581 Quod
493 507 616 591 legeret
630 518 814 592 tereretque
828 508 946 571 viritim
961 507 1112 591 publicus
1126 511 1231 572 usust

375 610 423 673 Ut
438 610 576 693 primum
591 609 706 692 positis
722 610 839 693 nugari
854 608 986 673 Graecia
1000 609 1094 674 bellis

376 710 498 795 Coepit,
514 721 548 775 et
563 712 595 773 in
612 711 723 774 vitium
738 709 869 775 fortuna
884 711 986 775 labier
1001 733 1107 794 sequa,

311 813 354 876 95
375 811 476 876 Nunc
491 811 686 876 athletarum
701 813 830 889 studiis,
846 834 932 876 nunc
945 812 1025 876 arsit
1038 834 1214 895 equorum:

376 913 551 978 Marmoris
567 925 623 977 aut
637 914 745 978 eboris
761 912 872 978 fabros
887 926 944 977 aut
957 915 1032 977 aeris
1047 915 1181 984 amavit:

376 1016 556 1100 Suspendit
571 1015 659 1099 picta
673 1012 797 1078 vultum
811 1025 1016 1099 mentemque
1031 1014 1173 1093 tabella}

375 1118 476 1182 Nunc
492 1118 690 1193 tibicinium,
707 1139 793 1180 nunc
806 1125 858 1180 est
872 1118 983 1201 gavisa
999 1118 1175 1200 tragoedis:

375 1221 445 1283 Sub
459 1219 585 1282 nutrice
601 1216 709 1302 puella
724 1216 812 1282 velut
827 1218 854 1280 si
869 1217 998 1282 luderet
1010 1216 1129 1294 infans,

291 1321 353 1386 100
375 1321 477 1396 Quod
492 1320 611 1404 cupide
628 1319 731 1402 petiit,
746 1329 872 1384 mature
888 1318 984 1404 plens
998 1320 1138 1404 reliquit.

376 1422 468 1496 Quid
482 1421 590 1506 placet
605 1431 662 1484 aut
676 1421 753 1485 odio
768 1433 829 1498 est,
846 1422 935 1505 quod
949 1445 1015 1486 non
1029 1420 1184 1488 mutabile
1198 1425 1338 1490 credas?

375 1525 451 1590 Hoc
466 1545 563 1608 paces
578 1522 723 1586 habuere
738 1523 845 1598 bonae,
863 1523 1015 1606 ventique
1031 1527 1176 1590 secundi.

376 1627 492 1692 Romae
507 1624 602 1689 dulce
618 1625 676 1689 diu
691 1623 753 1686 fuit
767 1636 801 1688 et
816 1623 949 1689 solenne
964 1626 1089 1691 reclusa

374 1729 475 1793 Mane
490 1728 586 1792 domo
602 1726 746 1811 vigilare,
762 1725 872 1791 clienti
887 1749 1036 1811 promere
1045 1729 1134 1813 jura,

292 1831 352 1896 105
375 1831 499 1894 Cautos
514 1829 697 1894 nominibus
714 1828 811 1892 rectis
828 1829 1014 1911 expendere
1030 1853 1187 1906 nummoS,

374 1933 521 2018 Majores
536 1931 661 2007 audire,
676 1931 794 1994 minori
809 1930 930 2008 dicere,
947 1955 1006 2016 per
1020 1955 1095 2015 quae

289 2102 360 2152 mulis
371 2103 467 2153 luerunt
477 2110 635 2177 conceptam
646 2117 659 2150 a
672 2101 766 2151 nemine
777 2099 849 2150 tacite
879 2103 959 2162 prisce
975 2113 1104 2165 metamque
1118 2111 1140 2149 et
1155 2103 1270 2150 luxuriem
1285 2103 1379 2150 addidit
1393 2113 1447 2155 arri

289 2166 580 2280 miiniiioeulffiqlffl'
593 2167 698 2225 Quintil.
709 2166 727 2223 i,
739 2167 763 2222 6,
773 2167 816 2215 40.
882 2164 1186 2279 Tfibr'reqrgpraritqpeprgus
1194 2182 1236 2227 per
1245 2168 1340 2229 pulpito
1350 2175 1444 2218 m:

356 2266 363 2280 .
410 2249 488 2290 iram
533 2247 541 2279 ι
572 2246 605 2279 re.
881 2242 913 2277 e.
1002 2247 1056 2284 nr,
1086 2266 1093 2286 ‚
1124 2265 1169 2286 ‚.

321 2298 363 2345 811.
381 2297 434 2344 Non
449 2299 490 2345 ille
497 2247 576 2360 saell.
588 2302 643 2344 cett.
655 2293 772 2358 quomodo
783 2292 848 2342 eninr
912 2295 954 2350 99,
966 2295 1021 2342 100.
1038 2295 1085 2342 Sub
1093 2295 1280 2355 numeraretur,
1289 2301 1360 2346 cett..
1371 2295 1443 2343 Grae·

289 2359 376 2425 aliquis
388 2361 465 2410 lavere
476 2369 552 2423 potest
564 2361 651 2408 Numa
662 2358 770 2414 canniui,
782 2356 846 2422 quod
878 2357 927 2414 cis,
939 2367 993 2423 post
1007 2358 1071 2406 bella
1087 2358 1159 2407 modo
1175 2358 1220 2406 hoc
1234 2357 1306 2406 ruodo
1322 2358 1390 2406 aliud
1407 2360 1443 2407 rei

289 2439 338 2472 non
349 2423 477 2488 intelligitt
495 2439 542 2472 non
557 2423 620 2472 lavet
631 2422 703 2487 igitur
711 2437 765 2471 vere
775 2431 800 2470 et
810 2437 847 2469 re·
880 2420 977 2470 ludicre
993 2422 1099 2470 studium
1116 2422 1233 2487 amplexa,
1247 2422 1326 2487 lepide
1343 2437 1397 2470 eoru
1430 2451 1442 2460 -

289 2489 419 2599 aptatum,
432 2487 713 2601 ⁰ae⁰⁰sl²l⁹¹¹¹¹¹¹t⁵¹¹¹llt⁰
729 2495 754 2535 et
769 2499 848 2534 amore
880 2494 1012 2599 astupecum
1029 2487 1121 2560 infante
1128 2486 1279 2601 tppellatsub
1294 2487 1387 2601 nqtrice
1410 2504 1439 2561 u-

289 2565 344 2600 are
372 2567 409 2609 us,
422 2568 491 2602 recen
503 2567 562 2601 rores
573 2567 618 2601 con
629 2567 712 2601 emm.
897 2565 927 2599 en
955 2585 961 2605 ,
990 2566 1127 2601 uamretm
1159 2567 1173 2599 o
1225 2561 1264 2600 rtae
1274 2565 1408 2601 masreca

321 2567 364 2665 9lp.
382 2617 445 2670 Quid
457 2634 519 2663 nrrnc
530 2627 584 2665 erret
594 2619 674 2664 vetur?
691 2631 745 2663 nam
755 2616 776 2662 si
789 2623 848 2671 tum,
881 2567 990 2663 entered
1017 2617 1107 2665 Nutrix
1127 2566 1216 2664 diuidi
1231 2630 1280 2664 uon
1300 2560 1445 2665 Μωρέ

289 2694 345 2729 cum
363 2680 492 2729 scriberent
510 2679 599 2735 Greci,
630 2688 706 2744 ropter
722 2678 850 2727 novitatem
882 2696 936 2744 quie
957 2679 1073 2729 infantem
1095 2682 1178 2737 lactat,
1198 2678 1239 2728 ead
1259 2679 1333 2728 etiem
1369 2680 1444 2728 uaeris

289 2744 403 2792 contemti
419 2744 526 2799 luissent,
542 2760 589 2791 uon
608 2695 694 2805 legere.
708 2758 756 2790 nou
772 2743 850 2791 mani·
882 2744 931 2791 alia
945 2747 997 2793 sub>
1008 2745 1078 2819 eujus
1092 2744 1202 2793 custodia
1216 2742 1319 2793 infantes
1335 2697 1443 2793 educan-

289 2809 335 2855 bus
352 2816 425 2857 terere
441 2817 466 2857 et
476 2807 564 2856 imitari
575 2822 638 2855 nuuc
652 2822 774 2871 possemus
785 2814 849 2856 vete·
882 2815 927 2856 tur.
961 2809 987 2857 Si
1005 2824 1061 2873 quis
1077 2818 1157 2858 tamen
1176 2808 1202 2857 h.
1214 2808 1232 2856 1.
1245 2812 1358 2857 nutrirem
1369 2824 1443 2857 sem

289 2886 327 2922 ree
338 2874 445 2921 Grecos.
897 2873 975 2937 roprio
995 2874 1103 2938 accipere
1121 2872 1198 2928 malit,
1218 2880 1270 2921 turn
1290 2875 1370 2921 ludere
1388 2873 1443 2927 erit.

322 2938 363 2985 93.
382 2938 486 3003 Nugart,
499 2935 593 2985 ludicra
609 2944 717 2991 tractare.
730 2937 802 2984 rebus
818 2935 849 2984 ad
881 2889 986 2986 ludendo
1001 2938 1252 3001 lacsugere,lactere.
1285 2937 1383 2984 Mature
1393 2939 1442 2998 pte·

289 3000 363 3050 animi
378 3002 560 3052 oblectationem
574 3000 735 3066 spectantibus
747 3016 848 3060 vacare3
880 3020 921 3058 nr,
933 3001 1060 3065 ἁψίκορος,
1077 3001 1192 3050 exsatiata
1208 3001 1273 3055 ludo,
1284 3016 1356 3065 quem
1373 3000 1443 3049 ruodo

290 3075 317 3114 ut
334 3082 388 3133 sup.
400 3070 450 3115 Sat.
461 3066 487 3123 ii,
501 3067 523 3119 1,
536 3066 575 3121 73,
592 3074 616 3113 et
629 3064 706 3128 Epist.
717 3064 734 3120 i,
749 3066 787 3120 ta,
800 3066 846 3113 60:
881 3066 969 3130 cupide
991 3065 1097 3131 petierat.
1133 3066 1218 3113 Plenus
1239 3074 1265 3113 et
1284 3068 1372 3129 dhane
1394 3082 1443 3113 non

289 3146 332 3242 pro
343 3135 431 3195 irrigari
443 3146 497 3205 sup.
508 3132 559 3177 Sat.
570 3128 595 3187 ii,
607 3131 632 3186 2,
650 3131 685 3183 tl,
698 3128 805 3194 apposite
816 3129 847 3177 ad
879 3144 932 3177 raro
953 3139 1074 3196 ponuntur
1093 3130 1135 3184 ita,
1156 3138 1184 3177 ut
1204 3144 1242 3178 ree
1263 3128 1335 3193 eujus
1356 3129 1443 3193 aliquis

307 3210 354 3243 unc
367 3195 445 3243 locum
456 3194 524 3250 dixit,
536 3194 649 3241 Grrcart.
676 3194 756 3241 l'orttis
767 3197 847 3249 armis,
879 3196 969 3255 plenas,
981 3196 1018 3243 vel
1030 3210 1079 3258 qua
1089 3192 1176 3258 aliquis
1190 3196 1275 3257 dignm
1287 3192 1327 3248 sit,
1340 3208 1370 3241 er
1383 3194 1443 3243 serie

289 3258 356 3308 finito
372 3260 435 3308 bello
447 3257 559 3315 Persic03
575 3258 607 3305 ab
621 3273 649 3307 eo
665 3256 728 3305 enim
744 3265 849 3321 ternpore
880 3258 993 3307 orationis
1004 3274 1033 3307 su
1051 3257 1139 3322 plenda
1148 3256 1194 3305 sit:
1212 3257 1244 3306 cl.
1255 3274 1310 3323 sup.
1321 3256 1354 3305 ad
1366 3258 1443 3324 Epist.

290 3322 366 3385 magis
379 3323 502 3387 magisque
512 3322 656 3370 efflorescere
671 3330 797 3386 coeperunt
806 3322 848 3369 bo·
882 3320 899 3378 i,
913 3324 955 3379 20,
970 3325 995 3371 θ.
1029 3276 1142 3385 lleliqait,
1161 3322 1291 3384 ἀοριστῶς,
1310 3321 1444 3385 relinquere

290 3400 372 3433 narum
386 3387 514 3435 litteramm
526 3385 614 3434 studia.
881 3387 957 3434 solet:
979 3386 1023 3435 int.
1041 3387 1065 3434 in
1085 3386 1163 3452 Epist.
1180 3386 1211 3433 ad
1231 3386 1284 3434 Pis.
1303 3402 1327 3434 v.
1340 3388 1396 3442 165,
1414 3386 1444 3434 de

322 3452 364 3499 94.
382 3452 414 3497 Et
430 3454 454 3499 in
472 3452 555 3499 vitium
564 3451 669 3516 furtiano
687 3453 759 3499 labier
774 3468 847 3513 aqua,
881 3450 987 3499 imberba
994 3452 1092 3515 juvene,
1104 3462 1181 3499 umato
1191 3451 1320 3513 relinquere
1330 3454 1423 3511 pernix.

289 3526 323 3570 et,
343 3530 397 3562 cum
419 3530 483 3563 nuuc
504 3515 601 3564 meliore
621 3514 716 3563 fortuna
735 3522 847 3573 uteretur,
916 3518 971 3564 102.
991 3516 1117 3572 Hoc,banc
1128 3515 1313 3563 mutabilitatem
1324 3524 1350 3562 et
1358 3515 1443 3563 incun-

290 3581 366 3653 labier
378 3582 402 3627 in
419 3583 511 3634 citiam,
530 3579 553 3655 h.
570 3596 591 3628 e.
609 3579 716 3628 molliore
733 3579 781 3653 rita
797 3595 848 3654 cor·
881 3580 1004 3628 stantiam.
1039 3580 1109 3627 Preee
1127 3582 1197 3635 bone,
1216 3580 1275 3627 bene
1294 3580 1444 3644 composite,

290 3643 850 3771 μᾶ

289 3772 380 3828 cunda,
392 3781 419 3821 nt
428 3789 482 3837 sup.
493 3790 516 3821 v.
529 3774 570 3827 68,
582 3774 677 3834 Jupiter·
687 3788 773 3835 equus.
883 3786 911 3819 us
922 3780 946 3821 et
958 3788 1057 3821 sensus:
1076 3773 1136 3821 Hrce
1147 3772 1277 3820 studiorum
1295 3771 1445 3820 mutabilitas

322 3839 364 3885 95.
381 3838 517 3900 AEquornm,
530 3836 639 3885 ludorum
651 3836 805 3901 equestrium.
881 3838 946 3885 aud
974 3838 1098 3885 Romanos
1119 3852 1215 3901 quoque
1241 3836 1323 3884 locum
1350 3836 1445 3885 babuit.

321 3901 363 3951 97.
381 3902 505 3963 Suspendit
521 3904 592 3963 pieta,
604 3910 659 3949 cett.
672 3901 794 3965 eleganter
809 3917 850 3965 pro
908 3901 948 3949 lim
968 3901 1074 3950 Romam
1092 3902 1168 3966 primo
1184 3916 1254 3949 mane
1268 3900 1359 3948 lectum
1370 3899 1444 3949 relin-

289 3965 389 4031 vulgari
404 3965 484 4015 Graeci
497 3982 560 4015 nunc
571 3966 613 4015 toti
626 3964 722 4014 luerunt
736 3965 761 4011 in
772 3966 849 4039 picta·
881 3981 962 4028 quere,
974 3974 1007 4021 et,
1023 3965 1132 4013 reseratis
1147 3964 1212 4012 domi
1229 3964 1317 4013 loribus
1333 3964 1444 4017 clientes,

290 4046 342 4079 rum
364 4031 499 4079 tabularum
522 4030 685 4078 admiratione.
730 4032 779 4086 Qut
801 4046 849 4077 rem
882 4030 972 4092 quibus
993 4029 1145 4079 consulerent
1164 4036 1189 4077 et
1208 4029 1264 4092 jura
1286 4038 1443 4093 exponerent,

291 4094 395 4158 aliquam
412 4110 466 4143 cum
482 4093 636 4142 admiratione
650 4103 675 4142 et
686 4093 759 4141 animi
771 4093 849 4141 inteu-
882 4093 1015 4150 admittere,
1027 4108 1136 4141 nummos
1148 4093 1214 4156 justa
1229 4091 1342 4140 cautione
1356 4091 1382 4140 in
1391 4101 1445 4141 tuto

290 4160 354 4208 tione
373 4158 572 4223 contemplantur,
589 4158 709 4221 eleganter
726 4156 848 4213 dicuntur,
881 4158 971 4222 positos
988 4157 1087 4206 debitori
1105 4158 1259 4217 (erpendere)
1278 4157 1444 4211 mnumerare,

290 4225 382 4270 uultum
401 4234 423 4271 et
445 4232 540 4269 mentem
562 4226 641 4285 aliqua
659 4238 685 4269 re
706 4226 849 4283 earundem,
880 4231 904 4270 et
914 4222 1021 4285 juniores
1037 4220 1177 4276 senioribus,
1190 4218 1309 4285 quomodo
1324 4235 1362 4268 res
1373 4219 1444 4267 tmi-

290 4286 315 4334 h.
326 4302 348 4335 e.
361 4287 443 4335 oculos
460 4294 484 4335 et
501 4286 607 4336 animum
623 4286 648 4334 in
666 4286 748 4350 aliqua
765 4302 791 4335 re
808 4286 850 4336 dc·
882 4287 1062 4336 liariscrescere
1074 4295 1099 4335 et
1112 4286 1245 4351 perniciosa
1260 4284 1334 4333 libido
1351 4284 1444 4332 donari

291 4352 370 4415 ligere.
883 4352 966 4417 possit,
978 4350 1213 4400 docentibusl'aciles
1227 4350 1444 4416 eurespraebereet

322 4418 364 4464 98.
387 4416 456 4464 Nunc
475 4418 623 4464 tibictnibnr:
646 4414 711 4463 tibia
731 4424 805 4464 cantu
824 4414 849 4463 in
881 4416 1039 4465 obedientiam
1051 4424 1162 4479 prestare
1172 4414 1297 4473 solebaut3
1308 4428 1372 4463 nunc
1383 4412 1444 4461 levis

289 4478 415 4528 comoediis
429 4479 569 4527 histrionum
587 4479 688 4528 orationi
706 4478 849 4545 adspiranti·
882 4481 984 4545 populus
1011 4479 1114 4527 mutavit
1136 4479 1204 4528 illam
1231 4488 1350 4535 mentam
1379 4493 1444 4525 nunc

290 4544 352 4591 bus:
370 4543 415 4592 inl.
434 4544 458 4591 in
479 4543 557 4608 Epist.
574 4543 605 4593 ad
624 4544 677 4593 Pis.
695 4560 718 4593 v.
735 4546 794 4601 215,
812 4546 851 4593 Sic
882 4560 957 4594 unum
979 4543 1099 4593 scribendi
1127 4542 1233 4593 studium
1261 4543 1350 4602 terret,
1378 4556 1444 4591 nunc
