3150 5200
588 357 814 424 CARMEN
842 361 891 423 17.

341 510 406 575 Per
421 519 454 574 et
470 509 588 575 Dianas
604 533 669 576 non
683 511 844 576 movenda
858 513 1001 588 numina,

343 611 408 675 Per
423 620 522 694 atque
537 611 637 676 libros
653 614 830 677 carminum
845 611 1020 677 valentium

289 717 309 776 5
343 713 467 778 Defixa
481 711 565 778 coelo
581 714 738 780 devocare
755 715 874 792 sidera,

343 816 491 893 Canidia,
509 837 606 900 parce
618 818 752 881 vocibus
769 816 900 880 tandem
915 815 1027 890 sacris,

342 917 515 1000 Citumque
530 929 618 981 retro
634 917 733 994 solve,
750 917 838 981 solve
853 917 1026 980 turbinem.
1040 928 1044 936 “
1112 979 1124 999 ‚

341 1017 448 1082 Movit
463 1028 614 1101 nepotem
628 1018 799 1102 Telephus
812 1017 982 1094 Nereium,

342 1119 382 1183 In
396 1141 493 1202 quem
509 1122 671 1204 superbus
687 1121 854 1184 ordinarat
869 1121 997 1204 agmina

279 1220 320 1283 10
341 1219 524 1305 Mysorum,
539 1231 573 1285 et
587 1223 620 1284 in
636 1243 733 1304 quem
748 1219 812 1284 tela
825 1231 921 1284 acuta
936 1231 1087 1285 torserat.

340 1321 476 1386 Unxere
489 1331 607 1386 matres
623 1322 692 1386 Iliae
707 1323 875 1386 addictum
889 1321 967 1385 feris

339 1420 485 1486 Alitibus
500 1434 599 1506 atque
612 1423 747 1487 canibus
762 1421 958 1487 homicidam
972 1422 1162 1499 Hectorem,

343 1522 522 1606 Postquam
536 1523 656 1588 relictis
671 1526 835 1588 moenibus
849 1546 909 1588 rex
923 1525 1065 1608 procidit

343 1622 441 1687 Heu!
465 1625 643 1708 pervicacis
659 1627 702 1689 ad
716 1627 820 1710 pedes
835 1625 988 1691 Achillei.

280 1727 319 1788 15
343 1725 459 1789 setosa
475 1726 566 1790 duris
581 1748 702 1791 exuere
718 1726 859 1811 pellibus

341 1827 516 1891 Laboriosi
530 1829 668 1912 remiges
684 1827 806 1904 Ulixei,

341 1927 483 1992 Volente
499 1928 607 2005 Circa,
622 1930 783 2006 membra;
808 1939 885 1994 tunc
900 1952 991 1994 mens
1005 1941 1039 1995 et
1054 1952 1153 1994 sonus

341 2029 518 2112 Relapsus,
535 2038 633 2113 atque
647 2039 744 2093 notus
759 2030 794 2092 in
808 2029 916 2093 vultus
931 2031 1046 2095 honor.

341 2130 430 2193 Dedi
447 2130 525 2192 satis
542 2153 704 2214 superque
719 2152 891 2214 poenarum
905 2133 977 2209 tibi,

275 2232 319 2296 20
341 2231 460 2295 Amata
475 2233 582 2295 nautis
596 2232 732 2295 multum
748 2242 781 2296 et
795 2233 1010 2296 institoribus.

340 2333 440 2418 Fugit
450 2335 614 2418 juventas,
630 2345 663 2397 et
678 2334 881 2397 verecundus
896 2333 986 2397 color

340 2435 489 2519 Reliquit
503 2458 588 2512 ossa,
604 2435 687 2519 pelle
704 2437 821 2499 amicta
833 2434 959 2512 lurida;

165 2583 727 2699 111111
758 2584 1321 2704 11111111111111

166 2665 727 2828 111111’.1111111111
759 2666 1320 2831 :irriderentur

169 2841 220 2905 lyra
226 2796 382 2891 irxtollsndas
392 2848 500 2915 paratum
511 2794 579 2913 csssq3
597 2842 727 2891 Dioscuros
758 2842 822 2890 velie
832 2840 938 2896 simulet.
956 2814 1019 2890 earn,
1024 2844 1155 2892 salsissime
1170 2796 1284 2907 exagitat,
1295 2854 1321 2894 et

167 2921 261 3017 qequque
273 2903 727 3018 8ῐ1111111011ωρ111101ι1ὲιιὲ11311111ἀί11
758 2905 886 3016 guaitam
891 2906 1107 3019 diuiadiiibqius
1124 2909 1177 2973 ojus
1193 2908 1285 2957 scelera
1295 2918 1321 2957 ct

165 2984 177 3015 r
224 2985 300 3026 cren,
347 2986 397 3017 rmo
423 2984 513 3017 sesac.
564 2985 577 3017 e
638 2985 677 3016 am
694 2986 726 3027 ra,
774 2984 789 3016 a
824 2984 890 3017 rano
936 2986 949 3018 e
1022 2988 1080 3019 ucr.

166 3048 239 3095 quam
247 2986 427 3100 respoidentem
439 3032 576 3089 inducitis
588 3032 661 3081 nullis
673 3050 725 3097 pre·
789 2985 865 3081 ll-i.
881 3034 993 3095 Jomjnm
1009 3035 1096 3097 efficaci
1111 3037 1140 3082 do
1155 3052 1236 3082 monor
1246 3038 1320 3083 sciero

166 3097 235 3145 cibus
252 3098 330 3161 frangi
346 3113 423 3163 posse,
441 3098 489 3145 imo
507 3097 539 3144 ab
558 3097 666 3153 Horatio,
685 3098 728 3161 qui
760 3098 798 3145 tic
817 3099 924 3158 Supplex,
940 3096 992 3160 jam
1011 3098 1113 3163 supplex
1132 3098 1163 3145 ad
1183 3114 1261 3161 genua
1276 3108 1320 3148 tua

166 3160 219 3224 ejus
236 3178 303 3211 sacra
319 3162 417 3210 irriserit
430 3170 456 3210 et
473 3162 556 3209 urbem
567 3160 621 3225 ejus
632 3162 728 3209 nomine
760 3162 893 3224 provolvor,
901 3168 926 3208 et
936 3162 993 3209 artis
1004 3171 1052 3210 tuae
1063 3161 1168 3227 potentia
1179 3177 1218 3209 me
1228 3161 1319 3211 rictum

166 3223 308 3290 impleverit,
319 3224 496 3273 crudelissimas
509 3240 594 3289 poenas
609 3240 638 3273 ex
671 3226 727 3274 titu-
776 3224 1318 3280 10111οκ1111111111101111111001110

166 3291 389 3339 mmesseminatur
400 3297 424 3339 at
434 3288 564 3353 profitetur.
598 3290 614 3336 S
657 3289 727 3353 longe
759 3240 791 3336 da
800 3288 879 3343 victis,
887 3288 1222 3339 victorisesubmittentibus.
1255 3290 1318 3355 Reg-

166 3352 235 3401 aliter
255 3353 286 3402 de
303 3353 348 3402 hoc
365 3354 469 3401 carmine
488 3352 561 3400 sentit
578 3352 726 3401 1111111111-
760 3369 789 3399 no
800 3368 842 3413 per
855 3353 1014 3414 Proserpinae:
1027 3363 1079 3403 orat
1089 3353 1162 3417 igitur
1172 3368 1214 3427 per
1224 3368 1319 3418 eaque

166 3416 243 3466 chius.
277 3418 383 3466 Tantum
395 3433 480 3481 nempe
490 3415 563 3479 hujus
578 3432 633 3464 cum
646 3418 726 3481 Epod.
760 3414 880 3473 Canidia,
893 3425 921 3465 ut
930 3418 1051 3474 venetica,
1063 3418 1103 3467 vel
1115 3434 1218 3466 maxime
1228 3432 1285 3466 cara
1295 3428 1320 3468 et

166 3480 272 3530 carmine
293 3480 377 3545 quinto
399 3496 487 3530 nexum
511 3494 563 3528 esse
585 3480 676 3536 statuit,
700 3490 727 3530 ut
758 3479 894 3529 veneranda
905 3480 1095 3530 essedebebant.
1121 3482 1168 3529 Per
1181 3483 1319 3531 Diooaenon

167 3544 222 3602 tela,
235 3546 261 3593 in
273 3544 316 3593 illo
328 3545 448 3600 inchoata,
459 3545 504 3592 hoc
521 3542 616 3592 demum
630 3544 726 3594 detexta
758 3547 866 3592 mortrado
883 3548 989 3600 nomino,
1001 3562 1044 3609 per
1054 3546 1160 3595 Dianam
1174 3544 1240 3593 haud
1251 3545 1319 3594 solli·

165 3616 190 3655 et
210 3609 320 3657 absoluta
340 3608 379 3657 rit.
413 3610 478 3657 Hinc
498 3623 550 3655 nv.
570 3610 657 3663 1-51,
678 3624 726 3657 non
757 3608 878 3656 citandam
889 3607 951 3656 etad
964 3608 1021 3656 iram
1033 3610 1204 3658 lacessendam.
1226 3610 1318 3672 Drfiro,

167 3672 301 3729 Horatium,
313 3673 354 3721 sed
369 3674 459 3721 Varum
478 3671 544 3735 loqui
561 3672 595 3719 ita
609 3672 656 3720 sibi
673 3690 724 3739 per·
758 3672 920 3720 incantatione
939 3672 1012 3734 ligata
1033 3682 1058 3721 11
1077 3674 1171 3730 devota,
1193 3672 1317 3737 δεδεμένα,

166 3750 264 3785 suasum
281 3736 374 3791 habuit,
387 3746 422 3793 ut,
438 3742 558 3800 expuncto
573 3735 666 3784 Horatii
684 3752 726 3785 oo·
758 3736 888 3784 incantata.
917 3736 974 3798 Figi
984 3745 1009 3784 et
1017 3739 1087 3800 defigi
1098 3737 1218 3792 dicuntur,
1228 3736 1319 3801 quibus

165 3799 725 3873 mins,Varinomenhuiccanninipraefigen·
756 3800 793 3847 vis
813 3800 841 3847 lit
861 3816 903 3863 per
925 3807 1000 3847 artem
1020 3800 1156 3863 magicam:
1185 3799 1235 3847 vid.
1257 3802 1316 3849 Nic.

166 3862 222 3911 dnm
234 3872 336 3913 curaret.
369 3864 417 3913 Sed
432 3864 486 3912 huic
504 3862 609 3927 opinioni
621 3864 688 3928 plura
699 3866 725 3912 in
757 3862 842 3911 Heius.
855 3864 885 3912 ad
897 3862 970 3911 Ovid.
983 3864 1042 3911 Her.
1053 3864 1086 3919 vi,
1098 3866 1140 3920 91,
1151 3872 1176 3911 11
1185 3864 1269 3911 Amor.
1281 3863 1317 3919 iii,

166 3926 210 3977 hoc
221 3928 327 3977 carmina
339 3930 445 3977 obstant.
477 3929 542 3976 Nam
551 3936 579 3975 ut
587 3927 647 3975 nihil
658 3929 688 3977 de
699 3946 723 3975 v.
757 3928 782 3983 7,
806 3928 848 3975 29.
894 3928 955 3975 Coto
977 3929 1084 3975 imitare
1104 3930 1191 3981 η’άιτιι,
1214 3934 1242 3973 ut
1262 3942 1318 3990 sup.

165 3992 205 4046 ³9,
221 3996 267 4041 rive
288 3991 722 4057 mendocilyroVotessonori,dicam,
756 3990 835 4055 Epod
847 3993 872 4045 5,
883 3992 924 4047 45,
938 3990 1029 4037 Lunam
1039 3992 1093 4038 culo
1102 3994 1215 4051 deripere.
1251 3989 1317 4037 Voci-

164 4056 283 4117 quomodo
301 4056 481 4106 ridiculosius
499 4069 580 4111 sonex,
597 4058 685 4111 'Varus
698 4073 722 4104 v.
756 4057 884 4112 imm,
893 4052 1046 4102 formulisvel
1054 4052 1201 4102 carminibus
1208 4052 1318 4116 magicis.

165 4120 262 4168 42—44
279 4136 305 4169 sc
316 4136 373 4169 cum
381 4120 516 4170 stesichoro
526 4134 672 4183 comparare,
683 4122 723 4169 vel
758 4118 879 4181 Uirumque
900 4128 963 4166 retro
984 4119 1051 4173 soloe,
1072 4118 1131 4164 otoo
1150 4116 1274 4172 turbinem,
1293 4126 1318 4166 et

164 4183 295 4232 Stesichori
322 4200 390 4233 exem
407 4184 457 4233 lum
485 4184 509 4231 in
536 4198 634 4231 causmn
656 4198 725 4232 susm
757 4182 805 4238 sac,
818 4190 846 4230 ut
857 4181 921 4237 licia,
933 4180 1021 4245 quibus
1033 4196 1098 4228 nunc
1112 4195 1152 4228 me
1162 4178 1231 4243 ligas,
1244 4181 1318 4230 resol-

164 4247 262 4296 laudarc
305 4248 366 4297 tuiti
391 4201 427 4298 ln
456 4246 633 4312 uomodo,quae
650 4248 724 4296 Cani·
757 4254 856 4303 vantur;
873 4253 934 4294 retro
945 4260 991 4308 age
1001 4244 1120 4293 turbinem
1130 4243 1180 4291 siva
1192 4243 1317 4293 rhombum

163 4310 204 4359 dia
215 4326 239 4359 v.
294 4326 348 4376 sqq.
360 4312 428 4369 dicit,
440 4265 540 4359 linoltus
557 4320 585 4359 ut
602 4321 629 4359 tu
646 4314 724 4359 riseris
758 4309 887 4373 magicum,
899 4309 925 4357 h.
936 4325 960 4358 e.
971 4309 995 4356 vi
1010 4308 1112 4371 magica,
1124 4323 1172 4373 qua
1187 4322 1252 4356 nuuc
1263 4307 1317 4356 vin·

165 4376 269 4437 Cotyttio
283 4376 394 4440 Vulgata,
406 4393 496 4424 sonum
509 4378 576 4423 tiberi
589 4376 725 4438 Cupidinis?
756 4372 815 4429 cior,
827 4388 865 4421 mc
876 4373 951 4423 solve.
985 4373 1083 4421 Scilicet
1100 4380 1127 4420 ut
1140 4370 1255 4420 citissime
1266 4372 1317 4435 agi-

164 4440 196 4487 Et
214 4440 332 4504 Esquilini
354 4439 463 4504 Pontifex·
480 4440 572 4503 ocmfioi
590 4439 686 4502 impunc
698 4449 725 4487 ut
756 4445 821 4486 tatus
832 4436 922 4501 (citur)
933 4438 972 4487 vel
984 4445 1074 4486 rotatus
1084 4436 1197 4484 rhombus
1209 4451 1250 4501 per
1260 4435 1318 4485 licia

166 4504 249 4551 llrbem
270 4508 359 4552 nomine
379 4506 480 4567 impleris
497 4508 561 4553 nuo?
586 4503 610 4551 iu
630 4505 723 4553 Varum
757 4510 859 4551 attracta
874 4510 899 4551 ct
915 4502 1029 4551 advoluta
1043 4502 1177 4550 incantatos
1187 4500 1211 4549 ri
1223 4500 1318 4565 magica
