3150 5200
558 339 723 406 LIBER
747 340 793 418 ΙΙ,
815 342 847 405 3.

216 494 394 579 Undique?
419 494 485 557 tun’
502 497 625 558 sanus?
671 493 835 577 Populum
849 493 878 555 si
892 492 1019 557 caedere
1036 492 1124 556 sexis

216 596 370 683 Incipias,
388 616 549 672 servosve,
565 606 623 659 tuo
638 617 721 679 quos
736 616 801 657 aare
815 595 953 677 pararis,

131 699 194 762 130
216 697 371 763 Insanum
386 710 419 763 te
435 719 545 763 omnes
561 698 655 783 pueri
670 696 875 779 clamentque
889 694 1025 779 puellm:

217 801 330 875 Quum
343 799 462 883 laqueo
477 821 612 863 uxorem
627 798 798 874 interimis,
813 808 1014 882 matremque
1028 819 1165 875 veneno,

216 900 375 966 Incolumi
387 901 493 985 capite
505 904 562 965 est
587 900 678 974 Quid
689 901 793 965 enimi
816 900 936 985 Neque
951 912 988 966 tu
1002 900 1065 967 hoo
1080 900 1160 965 facis
1169 899 1282 986 Argis,

217 1002 291 1067 Neo
306 1002 405 1079 ferro,
422 1014 459 1066 ut
474 1003 606 1067 demens
622 1002 812 1086 genitricem
827 1004 948 1067 occidit
963 1003 1111 1067 Orestes.

217 1104 273 1168 An
287 1115 325 1169 tu
339 1106 421 1169 reris
436 1126 511 1168 eum
526 1105 634 1169 occisa
648 1105 809 1167 insanisse
824 1117 972 1188 parente,

134 1207 197 1271 135
219 1204 271 1270 Ae
286 1228 352 1269 non
365 1216 441 1271 ante
455 1206 547 1269 malis
563 1206 747 1269 dementem
762 1216 873 1271 actum
885 1206 1005 1283 Furiis,
1021 1230 1119 1290 quam

220 1306 259 1371 ln
273 1308 386 1371 matris
397 1307 515 1392 jugulo
530 1306 651 1371 ferrum
667 1306 823 1391 tepefecit
836 1312 990 1372 acutum?

221 1409 312 1482 Quin
327 1431 371 1472 ex
385 1432 451 1492 quo
466 1408 599 1473 habitus
613 1407 696 1471 male
711 1417 793 1471 tutae
806 1410 924 1472 mentis
940 1409 1089 1488 Orestes,

221 1510 281 1575 Nil
296 1532 373 1574 sane
389 1509 477 1586 fecit,
495 1509 585 1594 quod
599 1520 635 1573 tu
651 1508 849 1593 reprendere
862 1513 988 1593 possis3

220 1613 301 1677 Non
316 1611 464 1696 Pyladen
478 1611 566 1676 ferro
580 1611 701 1675 violare
716 1632 855 1675 aususve
871 1633 1016 1677 sororem

137 1717 199 1780 140
222 1715 406 1791 Electram,
430 1724 556 1778 tantum
569 1713 734 1777 maledicit
748 1714 890 1795 utrique,
906 1716 1053 1780 vocando

222 1818 318 1883 Hanc
334 1818 476 1894 Furiam,
491 1817 580 1881 huno
594 1815 695 1891 aliud,
706 1815 807 1899 jussit
821 1816 912 1897 quod
926 1815 1099 1899 splendida
1112 1818 1198 1881 bilis.

221 1918 354 2003 Pauper
369 1918 522 2003 Opimius
538 1918 665 2001 argenti
678 1917 778 2001 positi
793 1918 881 1981 intus
896 1928 931 1981 et
945 1921 1027 1996 auri,

223 2022 290 2095 Qui
306 2020 525 2086 Veientanum
540 2020 632 2085 festis
647 2029 761 2103 potare
778 2019 895 2083 diebus
968 2066 979 2087 0

222 2123 389 2207 Campana
405 2122 518 2187 solitus
534 2120 641 2197 trulla,
656 2141 860 2206 vappamque
875 2120 1039 2203 profestis,

139 2226 200 2289 146
223 2225 400 2298 Quondam
413 2223 563 2308 lethargo
578 2223 695 2308 grandi
710 2232 760 2286 est
775 2243 965 2307 oppressus,
981 2233 1017 2287 ut
1030 2222 1137 2289 haeres

222 2326 298 2390 «Iam
313 2328 435 2391 circum
450 2324 574 2389 loculos
589 2334 623 2388 et
638 2323 743 2387 claves
759 2322 853 2387 laetus
869 2345 1034 2408 ovansque
1088 2325 1090 2328 ’

224 2427 391 2493 Curreret.
437 2426 538 2491 Hunc
553 2426 699 2489 medicus
715 2424 851 2488 multum
865 2424 1064 2509 celeratque
1078 2426 1186 2491 fidelis

224 2529 360 2594 Excitat
374 2528 438 2594 hoc
453 2538 568 2616 pacto:
593 2548 735 2591 mensam
749 2528 828 2611 poni
838 2528 936 2612 jubet
949 2538 1047 2614 atque

225 2632 364 2697 Effundi
380 2655 492 2698 saccos
508 2652 727 2706 nummorum3
751 2630 908 2694 accedere
921 2631 1033 2714 plures

141 2735 203 2799 150
224 2733 281 2798 Ad
296 2734 550 2800 numerandum:
574 2733 736 2797 hominem
753 2731 799 2796 sic
814 2733 930 2816 erigit:
954 2733 1048 2798 addit
1062 2747 1097 2799 et
1110 2734 1208 2799 illud:

225 2838 273 2900 Ni
288 2847 345 2902 tua
358 2837 516 2914 custodis,
532 2836 646 2900 avidus
658 2835 727 2918 jam
740 2832 813 2898 haec
827 2832 954 2898 auferet
968 2834 1085 2900 haeres.

139 2971 233 3020 modica
253 2969 285 3018 ed
305 2969 377 3018 vitam
399 2968 579 3019 sustentandam
601 2967 697 3016 sufficit.
732 2967 1010 3021 Quideaisslsabaerim.
1043 2971 1123 3034 Argis,
1140 2969 1182 3017 nbi
1193 2971 1291 3021 Orestes

142 3036 263 3110 Pnjares,
280 3037 389 3096 surripis,
407 3033 502 3099 uasere:
522 3047 553 3082 an
571 3032 637 3080 avari
656 3032 698 3080 de·
731 3032 848 3098 adpatris
864 3032 1055 3097 Agamemnonis
1068 3033 1159 3082 cadem
1170 3034 1289 3084 ulciscen-

140 3099 292 3164 senptionem
313 3097 452 3160 gravissime
467 3098 544 3147 tribus
560 3095 639 3145 verbis
658 3111 700 3144 ex·
731 3094 787 3208 dedra
809 3104 907 3146 matrem
930 3112 998 3145 snam
1020 3097 1228 3162 Clytaemnestram
1250 3115 1290 3147 oe·

158 3163 264 3212 masam!
733 3158 802 3209 elit.

143 3179 159 3228 p
177 3228 233 3275 130.
251 3227 408 3288 Ommpuers'
420 3226 542 3286 ιιριιιὶὶι,
553 3239 604 3289 pro,
617 3239 698 3272 omnes
766 3226 821 3273 133.
844 3226 892 3273 Ριο
909 3228 993 3273 eccidit
1009 3225 1051 3273 alii
1069 3229 1168 3275 amidis:
1188 3235 1291 3292 unaque

141 3299 167 3339 et
177 3289 275 3352 singuli,
285 3289 315 3338 ad
324 3305 400 3338 unum
410 3303 502 3343 omnes,
512 3297 540 3337 ut
550 3303 605 3354 sup.
618 3290 668 3338 Sat.
681 3288 698 3346 i,
731 3288 804 3337 lectio
814 3290 898 3338 eodem
909 3289 978 3338 redit.

146 3357 169 3411 1,
181 3357 222 3403 86.
767 3355 823 3401 134.
841 3355 920 3402 Occisa
932 3356 1041 3402 insaniae
1054 3365 1158 3416 ραιιιιιι,
1170 3355 1236 3404 eade
1248 3354 1290 3403 de·

178 3419 234 3466 131.
252 3417 394 3480 Matremque
410 3431 507 3464 omero:
523 3417 654 3482 respexisse
666 3417 699 3465 vi·
733 3433 800 3465 mum
821 3426 927 3482 peracta,
948 3425 977 3465 ut
998 3427 1034 3467 est
1055 3419 1080 3466 in
1097 3419 1193 3477 tabulis,
1213 3420 1291 3468 lurore

142 3483 214 3531 detur
233 3481 344 3530 Horatius
354 3483 472 3538 scevam,
484 3480 526 3545 qui
539 3497 567 3528 su
586 3513 593 3527 .
610 3483 661 3529 Sat.
672 3480 699 3537 ii,
732 3491 865 3546 correptum
876 3484 949 3530 essel

144 3549 167 3602 1,
191 3547 232 3602 53,
256 3554 284 3594 ut
304 3545 375 3594 homo
395 3559 499 3608 nequam
520 3553 545 3592 et
566 3497 701 3594 lirxnriosus
766 3546 823 3593 136.
847 3547 970 3610 ΤῳιῘεοιι,
988 3546 1058 3611 epioe
1075 3547 1221 3596 sublimitate
1241 3563 1292 3614 pso,

143 3609 244 3674 (nepes)
264 3617 362 3659 matrem
380 3609 485 3657 vivacem
504 3623 595 3657 veneno
616 3609 700 3658 intere·
733 3608 831 3668 defixit3
844 3610 879 3658 sie
891 3611 959 3657 hasta
972 3611 1085 3676 tepefacta
1096 3616 1193 3674 trejecto
1203 3615 1293 3660 metro

142 3675 215 3724 misse
237 3673 333 3722 dicitur.
381 3675 430 3722 Pro
451 3683 589 3735 matremque
610 3673 701 3730 malim,
735 3676 819 3722 herm
829 3673 1072 3738 diciturapnd·Virg.
1086 3675 1190 3730 AEn.ix,
1203 3677 1260 3724 419.

143 3749 274 3794 miserare,
293 3747 321 3786 ut
338 3737 408 3785 modo
424 3753 447 3784 v.
464 3738 519 3794 129,
531 3740 641 3799 populum
655 3753 702 3784 ser·
770 3739 826 3785 137.
845 3738 909 3790 Quis
927 3754 953 3785 es
969 3755 1021 3801 que,
1038 3739 1098 3804 quin
1115 3741 1213 3788 Orestes
1224 3741 1254 3788 ab
1265 3755 1293 3790 eo

143 3819 223 3859 vome,
243 3816 292 3849 non
306 3800 370 3850 enim
385 3801 474 3849 dixisse
485 3801 578 3848 videtur
588 3801 703 3849 Horatius
735 3800 791 3849 inde
814 3809 927 3875 tempore,
946 3817 1002 3865 quo,
1025 3803 1091 3851 cede
1112 3811 1255 3868 perpetrata,
1279 3819 1294 3852 a

144 3883 235 3913 usornn
253 3873 278 3914 et
295 3865 366 3914 simul
384 3875 488 3921 matrem,
504 3864 547 3913 sed
563 3882 654 3914 tuorem
665 3864 703 3912 vel
736 3863 841 3913 Furiisa
867 3865 1102 3914 tatnsessedicitur.
1128 3867 1294 3928 Esquildlvl·

144 3939 257 3978 mtrem.-
274 3929 308 3978 cl.
325 3929 355 3978 ed
375 3931 425 3978 Sat.
447 3929 548 3993 praeced.
565 3944 588 3976 v.
607 3931 649 3986 at,
660 3928 702 3975 ubi
736 3939 780 3985 nu,
800 3945 846 3992 neg
856 3938 910 3979 cete
925 3929 1033 3986 elisione,
1053 3938 1081 3977 nt
1099 3945 1153 4041 sup.
1174 3929 1191 3986 i,
1211 3933 1236 3987 9,
1253 3932 1294 3979 38ι

144 3993 467 4057 proata'quelegendumest
478 3996 553 4041 ailoe
739 3993 1045 4050 Maesetemalesane:
1062 3993 1111 4041 vid.
1146 3992 1205 4042 entl.

180 4059 235 4107 132.
254 4059 317 4111 Quid
326 4060 403 4106 enimi
420 4074 463 4106 cur
477 4057 541 4106 enirn
560 4071 609 4105 non
624 4056 705 4104 sisin-
771 4059 828 4106 139.
846 4058 960 4120 Pyladen,
985 4055 1100 4115 amicitia,
1120 4073 1175 4122 qua
1196 4057 1219 4106 ei
1240 4074 1296 4107 cnm

145 4121 444 4196 columicapitevelsane
454 4123 551 4171 mantel
579 4121 706 4170 Stertinius
738 4123 824 4171 Oreste
835 4121 1004 4177 intercedebat,
1014 4121 1199 4169 nobilissimum.

145 4184 240 4234 scilieet
265 4186 371 4242 simulat,
398 4200 425 4233 se
451 4200 547 4234 causam
576 4183 706 4233 matricida
772 4185 909 4234 lll.Hene
920 4186 1076 4233 Fumantes.
1086 4185 1170 4250 Eurip.
1181 4188 1261 4234 Orest.
1271 4203 1296 4234 v.

145 4265 216 4313 agere
230 4249 451 4305 velle‚etsiceu1n
465 4249 572 4298 irrisione
591 4265 633 4314 per
648 4251 704 4311 qaid
736 4251 795 4299 259.
825 4249 897 4297 Hane
917 4251 994 4304 aliud,
1010 4253 1085 4313 jussit
1101 4253 1160 4314 qaod
1176 4253 1297 4312 splendida

144 4316 225 4362 enim?
240 4313 358 4370 oonoedit,
370 4313 435 4378 quod
450 4329 491 4390 pro
503 4313 607 4362 maximo
618 4313 707 4362 scelere
739 4315 801 4370 bilis,
813 4313 878 4362 hunc
895 4313 1002 4362 vocando
1015 4314 1082 4362 eliud
1093 4313 1225 4390 quidpiam,
1237 4315 1262 4362 h.
1273 4330 1297 4362 e.

146 4377 227 4426 habet.
262 4379 318 4435 Pro,
338 4379 402 4432 Quicl
418 4394 478 4426 earm
496 4377 563 4426 dedit
582 4377 708 4426 maneus
739 4377 765 4426 in
787 4379 853 4426 hunc
866 4378 979 4442 jaciendo
1001 4378 1068 4427 aliud
1088 4379 1190 4427 convicii
1212 4395 1296 4444 genus,

146 4457 177 4490 ex
189 4441 360 4492 nonnullorum
367 4441 444 4491 Codd.
455 4441 596 4492 auctoritate
603 4443 708 4496 Quidni?
739 4443 805 4506 quod
821 4443 982 4516 suppeditavit
999 4442 1120 4492 honestior
1129 4444 1168 4492 vel
1179 4443 1297 4507 generosi-

147 4505 707 4572 sedhsnolectionemprointerpretationeroi
740 4507 787 4556 oris
803 4506 961 4557 assimilarer.
994 4505 1034 4556 Sic
1045 4508 1094 4557 tere
1107 4510 1297 4570 splendiderun-
