3150 5200
559 371 725 438 LIBER
748 372 810 449 IV,
833 374 865 436 6.

349 529 470 605 Sensit,
487 536 521 591 et
534 525 647 610 Trojae
662 546 765 608 prope
781 525 885 588 victor
899 523 974 586 altae

611 625 753 689 Phthius
769 623 927 701 Achilles,

297 732 318 794 5
351 729 478 794 Ceteris
493 729 606 813 major,
622 728 682 791 tibi
697 725 787 790 miles
802 728 925 810 impar;

352 832 454 896 Filius
470 851 665 915 quemquem
679 827 844 892 Thetidos
859 827 992 891 mariuae

352 932 528 997 Dardanas
543 942 649 995 turres
665 940 815 1014 quateret
830 928 998 993 tremenda

613 1031 759 1115 Cuspide
774 1053 919 1116 pugnax.

354 1135 423 1212 llle,
439 1134 584 1198 mordaci
598 1133 686 1198 velut
701 1133 765 1198 icta
780 1132 867 1196 ferro

289 1239 330 1300 10
352 1236 465 1313 Pione,
482 1246 539 1300 aut
553 1235 691 1320 impulsa
706 1257 881 1318 cupressus
895 1234 1000 1309 Euro,

354 1337 501 1403 Procidit
515 1337 591 1414 late,
607 1337 781 1421 posuitque
797 1335 914 1399 collum
928 1335 962 1398 iri

605 1436 744 1502 Pulvere
759 1437 901 1501 Teucro.

356 1541 413 1606 Ille
429 1564 505 1616 non,
522 1540 665 1605 inclusus
680 1562 778 1623 equo,
795 1538 954 1602 Minervae

357 1643 457 1708 Sacra
471 1643 617 1719 mentito,
632 1641 714 1705 male
730 1639 864 1706 feriatos

295 1745 334 1806 15
355 1745 461 1810 Troas
477 1754 511 1809 et
524 1745 631 1808 laetam
647 1743 767 1806 Priami
782 1743 910 1807 choreis

614 1844 756 1910 Falleret
771 1845 895 1909 aulam:

356 1947 424 2012 Sed
438 1947 544 2032 palam
558 1947 662 2032 captis
676 1947 795 2031 gravis,
810 1945 877 2011 heu
890 1945 1000 2011 nefas!
1023 1947 1106 2012 heu!

139 2097 177 2154 tit,
193 2097 488 2165 adcanendumseparat,
497 2099 573 2164 lyram
581 2099 654 2164 capit,
666 2107 698 2156 et,
732 2099 789 2148 licet
811 2101 896 2164 pinnas
916 2107 941 2147 et
961 2114 1036 2164 propu
1070 2099 1149 2156 acula,
1168 2099 1289 2166 πύργους,

140 2165 217 2228 χοροῦ
229 2161 378 2212 διδασκάλου
389 2180 490 2228 persona
498 2164 604 2220 indutus,
615 2179 699 2275 puero·
731 2162 864 2228 στεφάνας,
876 2162 989 2228 κρόσσας.
1042 2180 1109 2210 erres
1118 2174 1222 2226 quateret
1238 2182 1290 2214 cns·

140 2241 193 2274 rurn
219 2226 402 2292 puellarumque
428 2227 573 2277 adstantium
601 2243 700 2276 corum
731 2231 793 2289 pide,
809 2235 884 2276 turres
902 2227 1001 2292 cuspide
1021 2234 1118 2290 quatere
1136 2225 1231 2286 dicitur,
1248 2230 1290 2293 qui

141 2289 268 2354 diligenter
286 2290 316 2339 ad
340 2291 454 2357 Sapphici
476 2291 587 2341 carminis
608 2293 712 2347 modos,·
732 2299 780 2338 tarn
792 2292 894 2354 graviter
902 2293 978 2339 haste
989 2291 1038 2339 ictu
1049 2306 1090 2338 eas
1101 2291 1211 2356 impellit,
1222 2302 1249 2340 ut
1260 2292 1290 2342 de

140 2362 189 2402 tarn
201 2369 261 2402 voce
276 2370 350 2419 quam
367 2365 435 2420 gestu
451 2355 510 2405 scite
526 2356 700 2421 exprimendos,
732 2355 788 2404 sede
799 2372 844 2404 sua
855 2354 1086 2427 moveriincipiant3
1103 2355 1189 2418 cogita,
1201 2371 1288 2407 sermo·

142 2420 249 2467 animum
260 2417 379 2468 advertere
388 2421 464 2484 jubet.
734 2435 788 2468 nem
799 2435 851 2468 esse
868 2419 897 2468 de
912 2419 1057 2484 temporibus
1067 2419 1177 2476 heroicis,
1189 2421 1230 2468 ubi
1241 2437 1289 2469 non

175 2485 248 2530 1-8.
267 2484 339 2537 Quem
354 2488 427 2545 protes
439 2485 525 2533 Niobea
541 2501 629 2549 magne
644 2485 699 2531 Vin·
732 2482 850 2532 machinis
857 2491 882 2532 et
891 2482 1002 2548 operibus
1012 2484 1073 2531 muri
1081 2486 1290 2549 oppugnabantur,

142 2549 312 2611 dioemlingsur
326 2552 402 2596 seruit.
438 2549 524 2605 Niobe,
533 2547 630 2596 Tantali
641 2547 699 2603 lilia,
733 2548 774 2596 sed
787 2549 910 2596 hastarum
920 2547 1015 2605 ictibus,
1032 2563 1171 2612 magnorum
1183 2549 1289 2615 lapidum

141 2622 164 2661 et
177 2611 323 2677 Amphionis
333 2613 432 2677 conjux,
444 2628 499 2661 cum
511 2629 536 2662 se
549 2621 576 2661 ut
588 2628 630 2662 sex
640 2612 699 2660 filio·
730 2612 799 2677 jactu
807 2621 832 2662 et
837 2614 947 2662 manibus
953 2612 1012 2661 adeo
1018 2614 1221 2663 convellebantur.
1235 2615 1290 2663 Tre·

141 2692 195 2724 rum
211 2684 236 2725 et
246 2675 343 2725 totidem
358 2678 459 2726 filiarum
470 2685 568 2726 matrem
580 2677 652 2741 paulo
663 2676 700 2723 in·
733 2680 823 2733 somilo,
853 2678 951 2726 Homer.
973 2676 1047 2725 Iliad.
1065 2678 1114 2733 rix,
1133 2679 1180 2726 388
1198 2679 1290 2728 Achilli

141 2740 260 2789 solentius
270 2740 300 2788 de
308 2742 380 2805 prolis
391 2758 441 2791 suar
453 2758 549 2791 numero
560 2750 584 2790 et
595 2740 700 2805 pulchri·
732 2741 816 2789 tribuit
830 2743 904 2806 ἔγχος
923 2743 1007 2806 apros,
1026 2740 1097 2807 μέγα,
1115 2742 1243 2807 στιβαρόν·
1262 2745 1291 2793 τὸ

141 2805 224 2854 tudine
241 2804 366 2868 jactasset,
382 2806 431 2854 imo
448 2808 574 2859 Latonam,
595 2803 700 2869 gemino·
733 2806 778 2869 μὲν
789 2806 913 2856 oddrlvnr'
923 2807 1000 2863 ἄλλος
1016 2804 1127 2869 'Axonam
1138 2806 1258 2857 Πάλλειν.

143 2885 194 2917 nrm
206 2878 299 2917 tanturn
311 2878 418 2927 matram,
429 2887 477 2935 pru
488 2886 514 2919 se
526 2869 701 2929 contemsissem
766 2872 856 2919 9-12.
872 2872 980 2935 Sequens
988 2870 1141 2935 comparatio,
1149 2886 1198 2934 qut
1206 2872 1291 2921 Achil·

142 2933 215 2998 hujus
238 2934 448 2999 magniloquentia
470 2937 574 2999 (magne
599 2934 700 2997 tingue)
733 2932 769 2982 les
787 2934 813 2981 in
829 2950 910 3000 pugna
926 2933 1016 2982 cadens
1029 2934 1099 2982 celse
1113 2934 1239 2998 cujusdam
1254 2951 1291 2983 ar-

143 2998 234 3063 Apollo
250 2998 314 3045 ultor
330 2998 444 3055 extitisse,
455 3006 479 3047 et
495 3000 580 3071 prolem
592 2997 702 3045 Niobeom
734 2998 799 3046 boris
814 2999 881 3047 casui
895 2998 1064 3062 aequipsratur,
1075 2998 1106 3045 ab
1118 2999 1222 3047 Homero
1236 3000 1293 3049 inde

142 3061 236 3126 sagittis
246 3062 297 3109 suis
308 3062 433 3111 confixisse
443 3062 559 3121 immin,
577 3077 613 3109 res
623 3061 661 3109 vel
672 3076 702 3109 er
734 3078 799 3127 sape
820 3077 835 3110 a
855 3062 931 3127 poetis
948 3061 1096 3124 frequentata
1114 3070 1166 3121 est;
1182 3065 1291 3129 exempla

143 3128 243 3175 Homer.
255 3126 327 3176 Iliad.
344 3126 408 3184 xxiv,
427 3129 484 3183 602,
500 3126 571 3175 Ovid.
586 3126 647 3173 Met.
668 3125 701 3181 iv,
734 3127 833 3190 collegit
855 3126 933 3175 Corda
955 3126 985 3173 ad
1007 3125 1076 3187 Virg.
1103 3126 1163 3173 AEn.
1186 3143 1210 3182 v,
1234 3130 1292 3176 448.

145 3192 192 3239 146
214 3206 269 3255 sqq.
290 3192 348 3239 satis
367 3199 431 3239 nots.
466 3192 543 3255 Tityos
558 3198 647 3251 raptor,
667 3204 702 3237 sc.
735 3190 876 3265 Respondet
895 3205 980 3255 nempe
997 3204 1026 3237 es
1043 3198 1117 3237 vaste
1134 3189 1171 3237 illi
1189 3192 1293 3256 corporis

143 3254 276 3319 pudicitie,
288 3272 361 3319 quam
375 3256 473 3305 Latona
489 3256 579 3320 eripere
595 3262 701 3302 tentave-
734 3256 801 3310 moh,
817 3271 891 3320 quam
910 3254 1022 3302 heroibus
1038 3252 1088 3301 suis
1106 3254 1197 3301 affinxit
1215 3256 1293 3320 prisca

143 3327 194 3367 rat:
213 3318 262 3366 vid.
273 3335 327 3385 sup.
339 3319 369 3368 ad
380 3319 406 3376 ii,
422 3322 460 3375 14,
472 3321 497 3369 9.
531 3320 614 3373 Sensit,
627 3317 701 3380 signi·
734 3318 873 3384 antiquitas.
902 3318 1213 3384 Mordociferre:intellige
1224 3336 1292 3369 secu·

144 3382 269 3456 litandus·
280 3398 320 3447 pro
337 3384 436 3465 vnlgqri,
451 3392 565 3463 expertus
582 3390 635 3459 Uest:
653 3381 702 3430 vid.
734 3382 788 3455 rim,
800 3398 855 3495 qne
870 3384 942 3449 paulo
959 3382 1075 3431 audacius
1091 3382 1123 3457 qb
1139 3383 1194 3448 ejus
1207 3384 1292 3435 effectu

145 3446 702 3569 mittit&riestt‘t‘tttt‘,
733 3456 899 3560 ttrtttt
912 3449 1294 3575 tettt‘ttttt'l't'ttt

144 3574 299 3627 fortissimum
311 3592 429 3640 quemque
441 3575 531 3640 sagittis
545 3574 595 3623 suis
608 3574 704 3623 domare
736 3576 791 3631 tate,
810 3592 840 3625 ex
858 3576 954 3625 ressisse
972 3575 1065 3625 videtur
1086 3578 1185 3626 Homer.
1204 3578 1293 3653 Odyss.

144 3640 273 3689 valentem.
295 3640 486 3695 Achillesenim,
495 3642 529 3688 uti
539 3640 629 3687 Hector
639 3638 704 3704 apud
736 3639 801 3696 xxiv,
825 3594 865 3698 bl,
886 3640 928 3688 ubi
949 3640 1116 3703 Agamemnon
1138 3641 1169 3689 ad
1191 3643 1294 3691 Achillis

145 3705 245 3753 Homer.
253 3703 445 3760 Iniquitate
456 3704 603 3770 praedixerat,
616 3703 704 3751 Phoebi
736 3703 849 3761 animam,
875 3706 907 3754 orl
928 3702 948 3752 δ’
969 3704 998 3753 ἐν
1018 3704 1180 3771 στροφάλιγγι
1208 3708 1294 3769 κονίης

144 3768 238 3832 sagittis
252 3768 390 3817 interemtus
400 3784 452 3817 esse
462 3768 556 3823 dicitur,
566 3766 615 3815 sive
629 3768 702 3816 Phoe·
735 3771 811 3818 Krioa
828 3768 906 3833 μέγας
920 3768 1070 3833 μεγαλωστί.
1105 3771 1229 3845 Poteritque
1246 3775 1293 3820 col-

145 3832 207 3881 busi
258 3833 454 3907 sagittasjecerit,
462 3832 509 3881 vid.
517 3832 601 3889 Quint.
610 3833 703 3897 Smym.
736 3836 784 3881 lum
795 3837 821 3881 ιἰι
832 3835 939 3886 Pulvere,
949 3847 990 3896 pro
999 3834 1074 3889 tenui,
1083 3837 1209 3898 procubuit
1216 3853 1224 3894 ;
1241 3838 1293 3884 Ho-

145 3896 210 3945 Parn
220 3897 254 3962 ip.
271 3896 305 3953 iir,
324 3898 354 3945 61
370 3912 438 3962 sqq.;
451 3897 509 3953 sive,
521 3905 548 3945 ut
558 3894 597 3944 alii
610 3897 702 3951 volunt,
735 3898 859 3952 merirum,
871 3896 1000 3945 κάππεσεν
1009 3897 1037 3945 ἐν
1045 3898 1149 3961 κονίῃσι.

146 3960 197 4009 tela
213 3961 309 4009 Paridis
323 3961 442 4018 direxerit,
459 3961 508 4009 vid.
521 3962 657 4024 Interprett.
672 3960 703 4009 ad
768 3963 874 4009 13-24.
886 3960 930 4008 llis
939 3968 1059 4017 iromcett.
1068 3977 1166 4009 sensus:
1176 3963 1294 4018 Achilles,

147 4025 239 4099 Hggin.
249 4026 309 4073 Fab.
322 4027 377 4099 l07.
411 4027 509 4074 Phthius
517 4043 525 4083 ;
533 4023 704 4099 ¹Myrmidones
736 4025 849 4097 nisieum
861 4023 965 4095 Jupiter,
977 4023 1026 4071 tuis
1037 4033 1062 4072 et
1073 4024 1175 4073 Veneris
1185 4026 1295 4090 precibus

145 4090 613 4218 tztrrthtttttlltlttt‘tt
628 4088 706 4201 itt}
737 4086 1295 4223 tt²t⁰ttt⁰⁰ttltlttitttttitt

147 4217 217 4276 salia,
229 4218 315 4266 incolae
327 4218 399 4267 inere.
434 4219 519 4266 Ceteris
530 4221 611 4280 major,
622 4218 705 4266 ceteris
737 4216 812 4267 endos
822 4216 963 4265 servandum
973 4230 1026 4263 esse
1036 4216 1207 4275 constituisset,
1219 4218 1296 4267 neuti-

163 4282 246 4331 uidem
259 4282 353 4331 Grecis
369 4283 456 4339 sortior,
472 4284 571 4347 ἄριστος
586 4280 707 4345 Ἀχαιῶν.
754 4298 819 4336 unm,
831 4290 857 4329 ut
870 4278 958 4328 deinde
968 4279 1058 4327 tactum
1069 4291 1113 4339 est,
1124 4296 1165 4345 per
1178 4282 1261 4331 dolum
1273 4294 1297 4334 et

145 4300 368 4410 l'ittnsquamquom
376 4348 489 4403 Thesides,
497 4354 552 4395 cett.
560 4361 705 4420 quamquem
738 4298 854 4402 intudem,
866 4343 907 4393 sed
922 4352 1002 4410 aperte
1011 4345 1109 4409 Trojam
1120 4358 1297 4422 expugnaturus

124 4468 126 4473 Ι
146 4421 174 4460 nt
185 4411 237 4459 deae
249 4410 314 4459 tilius
325 4410 413 4474 insigni
424 4411 528 4477 corporis
542 4427 578 4458 sur
591 4410 672 4459 robore
683 4420 706 4459 et
738 4419 763 4459 et
781 4418 855 4458 totam
873 4417 967 4473 gentem
977 4409 1106 4474 Trojanam
1124 4410 1238 4459 radicitus
1254 4429 1296 4462 ex-

146 4474 222 4524 animi
233 4474 370 4523 fortitudine
381 4477 418 4525 vel
431 4476 533 4523 maxime
542 4475 622 4540 Troja
632 4475 706 4523 muris
737 4475 879 4541 stirpaturus
904 4473 995 4522 luisset.
1029 4476 1135 4523 lucinam
1161 4492 1224 4539 equo,
1248 4479 1296 4525 illi·

146 4541 239 4589 ruinam
254 4538 391 4589 minaretur.
426 4540 518 4595 Turres,
530 4554 647 4588 murorum
660 4538 704 4588 sci·
740 4541 890 4589 iiwooSncro
903 4541 1003 4588 mentito.
1033 4540 1071 4589 De
1082 4556 1144 4605 equo
1156 4540 1198 4589 illo
1209 4542 1296 4606 ligneo,
