<?xml version="1.0" encoding="UTF-8"?>
<!DOCTYPE html PUBLIC "-//W3C//DTD XHTML 1.0 Transitional//EN"
    "http://www.w3.org/TR/xhtml1/DTD/xhtml1-transitional.dtd">
<html xmlns="http://www.w3.org/1999/xhtml" xml:lang="en" lang="en">
 <head>
  <title>
</title>
<meta http-equiv="Content-Type" content="text/html;charset=utf-8" />
  <meta name='ocr-system' content='tesseract 3.04.00' />
  <meta name='ocr-capabilities' content='ocr_page ocr_carea ocr_par ocr_line ocrx_word'/>
</head>
<body>
  <div class='ocr_page' id='page_1' title='image "./operaomniaillus00horagoog_0106.png"; bbox 0 0 3150 5200; ppageno 0'>
   <div class='ocr_carea' id='block_1_1' title="bbox 286 342 1010 409">
    <p class='ocr_par' dir='ltr' id='par_1_1' title="bbox 286 342 1010 409">
     <span class='ocr_line' id='line_1_1' title="bbox 286 342 1010 409; baseline 0 -2"><span class='ocrx_word' id='word_1_1' title='bbox 286 342 330 407; x_wconf 80' lang='lat' dir='ltr'>et</span> <span class='ocrx_word' id='word_1_2' title='bbox 714 342 1010 409; x_wconf 87' lang='lat' dir='ltr'>CARMINUM</span> 
     </span>
    </p>
   </div>
   <div class='ocr_carea' id='block_1_2' title="bbox 438 492 1320 1670">
    <p class='ocr_par' dir='ltr' id='par_1_2' title="bbox 438 492 1320 1670">
     <span class='ocr_line' id='line_1_2' title="bbox 447 492 1048 579; baseline 0 -23"><span class='ocrx_word' id='word_1_3' title='bbox 447 495 467 556; x_wconf 87' lang='grc'><strong><em>5</em></strong></span> <span class='ocrx_word' id='word_1_4' title='bbox 501 492 623 558; x_wconf 91' lang='lat' dir='ltr'>Lesbio</span> <span class='ocrx_word' id='word_1_5' title='bbox 638 495 776 579; x_wconf 89' lang='lat' dir='ltr'>primum</span> <span class='ocrx_word' id='word_1_6' title='bbox 790 495 957 559; x_wconf 83' lang='lat' dir='ltr'>modulate</span> <span class='ocrx_word' id='word_1_7' title='bbox 970 494 1048 570; x_wconf 69' lang='lat' dir='ltr'>civi,</span> 
     </span>
     <span class='ocr_line' id='line_1_3' title="bbox 500 595 1123 673; baseline -0.002 -15"><span class='ocrx_word' id='word_1_8' title='bbox 500 595 568 667; x_wconf 84' lang='lat' dir='ltr'>Qui</span> <span class='ocrx_word' id='word_1_9' title='bbox 583 596 675 660; x_wconf 88' lang='lat' dir='ltr'>ferox</span> <span class='ocrx_word' id='word_1_10' title='bbox 690 596 787 673; x_wconf 91' lang='lat' dir='ltr'>bello,</span> <span class='ocrx_word' id='word_1_11' title='bbox 803 606 911 660; x_wconf 88' lang='lat' dir='ltr'>tamen</span> <span class='ocrx_word' id='word_1_12' title='bbox 925 598 1123 671; x_wconf 81' lang='lat' dir='ltr'>interemta,</span> 
     </span>
     <span class='ocr_line' id='line_1_4' title="bbox 500 696 991 781; baseline 0 -22"><span class='ocrx_word' id='word_1_13' title='bbox 500 696 576 761; x_wconf 89' lang='lat' dir='ltr'>Sive</span> <span class='ocrx_word' id='word_1_14' title='bbox 586 699 741 781; x_wconf 85' lang='lat' dir='ltr'>jactatam</span> <span class='ocrx_word' id='word_1_15' title='bbox 756 697 910 781; x_wconf 83' lang='lat' dir='ltr'>religarat</span> <span class='ocrx_word' id='word_1_16' title='bbox 924 696 991 760; x_wconf 93' lang='lat' dir='ltr'>udo</span> 
     </span>
     <span class='ocr_line' id='line_1_5' title="bbox 845 797 1092 873; baseline -0.004 -12"><span class='ocrx_word' id='word_1_17' title='bbox 845 798 958 862; x_wconf 89' lang='lat' dir='ltr'>Litore</span> <span class='ocrx_word' id='word_1_18' title='bbox 972 797 1092 873; x_wconf 86' lang='lat' dir='ltr'>navim,</span> 
     </span>
     <span class='ocr_line' id='line_1_6' title="bbox 501 898 1320 981; baseline 0 -20"><span class='ocrx_word' id='word_1_19' title='bbox 501 898 658 962; x_wconf 89' lang='lat' dir='ltr'>Liberum</span> <span class='ocrx_word' id='word_1_20' title='bbox 673 910 706 963; x_wconf 92' lang='lat' dir='ltr'>et</span> <span class='ocrx_word' id='word_1_21' title='bbox 722 900 849 976; x_wconf 86' lang='lat' dir='ltr'>Musas,</span> <span class='ocrx_word' id='word_1_22' title='bbox 864 898 1105 981; x_wconf 85' lang='lat' dir='ltr'>Veneremque,</span> <span class='ocrx_word' id='word_1_23' title='bbox 1121 908 1155 963; x_wconf 91' lang='lat' dir='ltr'>et</span> <span class='ocrx_word' id='word_1_24' title='bbox 1170 898 1217 962; x_wconf 93' lang='lat' dir='ltr'>illi</span> <span class='ocrx_word' id='word_1_25' title='bbox 1317 908 1320 916; x_wconf 89' lang='lat'>&#39;</span> 
     </span>
     <span class='ocr_line' id='line_1_7' title="bbox 438 999 1150 1084; baseline -0.001 -21"><span class='ocrx_word' id='word_1_26' title='bbox 438 1000 478 1063; x_wconf 87' lang='lat'>10</span> <span class='ocrx_word' id='word_1_27' title='bbox 500 999 636 1084; x_wconf 86' lang='lat' dir='ltr'>Semper</span> <span class='ocrx_word' id='word_1_28' title='bbox 649 1001 827 1066; x_wconf 76' lang='lat' dir='ltr'>haerentem</span> <span class='ocrx_word' id='word_1_29' title='bbox 842 1000 985 1064; x_wconf 89' lang='lat' dir='ltr'>Puerum</span> <span class='ocrx_word' id='word_1_30' title='bbox 999 1001 1150 1076; x_wconf 82' lang='lat' dir='ltr'>canebat,</span> 
     </span>
     <span class='ocr_line' id='line_1_8' title="bbox 500 1100 1107 1186; baseline 0 -22"><span class='ocrx_word' id='word_1_31' title='bbox 500 1100 546 1165; x_wconf 91' lang='lat' dir='ltr'>Et</span> <span class='ocrx_word' id='word_1_32' title='bbox 562 1100 698 1186; x_wconf 88' lang='lat' dir='ltr'><strong>Lycum,</strong></span> <span class='ocrx_word' id='word_1_33' title='bbox 714 1104 816 1186; x_wconf 83' lang='lat' dir='ltr'>nigris</span> <span class='ocrx_word' id='word_1_34' title='bbox 830 1101 933 1166; x_wconf 86' lang='lat' dir='ltr'>oeulis</span> <span class='ocrx_word' id='word_1_35' title='bbox 947 1102 1107 1185; x_wconf 89' lang='lat' dir='ltr'>nigroque</span> 
     </span>
     <span class='ocr_line' id='line_1_9' title="bbox 841 1202 1121 1267; baseline -0.011 0"><span class='ocrx_word' id='word_1_36' title='bbox 841 1202 940 1267; x_wconf 89' lang='lat' dir='ltr'>Crine</span> <span class='ocrx_word' id='word_1_37' title='bbox 955 1202 1121 1266; x_wconf 88' lang='lat' dir='ltr'>decorum.</span> 
     </span>
     <span class='ocr_line' id='line_1_10' title="bbox 501 1303 1161 1388; baseline -0.003 -21"><span class='ocrx_word' id='word_1_38' title='bbox 501 1305 533 1367; x_wconf 96' lang='lat'>0</span> <span class='ocrx_word' id='word_1_39' title='bbox 550 1305 649 1369; x_wconf 89' lang='lat' dir='ltr'>decus</span> <span class='ocrx_word' id='word_1_40' title='bbox 666 1304 798 1381; x_wconf 89' lang='lat' dir='ltr'>Phoebi,</span> <span class='ocrx_word' id='word_1_41' title='bbox 813 1316 848 1369; x_wconf 91' lang='lat' dir='ltr'>et</span> <span class='ocrx_word' id='word_1_42' title='bbox 862 1305 1002 1388; x_wconf 86' lang='lat' dir='ltr'>dapibus</span> <span class='ocrx_word' id='word_1_43' title='bbox 1019 1303 1161 1387; x_wconf 87' lang='lat' dir='ltr'>supremi</span> 
     </span>
     <span class='ocr_line' id='line_1_11' title="bbox 500 1404 1069 1482; baseline -0.004 -14"><span class='ocrx_word' id='word_1_44' title='bbox 500 1405 606 1468; x_wconf 89' lang='lat' dir='ltr'>Grata</span> <span class='ocrx_word' id='word_1_45' title='bbox 621 1407 751 1469; x_wconf 89' lang='lat' dir='ltr'>testudo</span> <span class='ocrx_word' id='word_1_46' title='bbox 766 1404 789 1469; x_wconf 84' lang='lat' dir='ltr'><strong>J</strong></span> <span class='ocrx_word' id='word_1_47' title='bbox 791 1408 870 1482; x_wconf 86' lang='lat' dir='ltr'>ovis,</span> <span class='ocrx_word' id='word_1_48' title='bbox 887 1428 907 1468; x_wconf 96' lang='lat' dir='ltr'>o</span> <span class='ocrx_word' id='word_1_49' title='bbox 921 1404 1069 1467; x_wconf 90' lang='lat' dir='ltr'>laborum</span> 
     </span>
     <span class='ocr_line' id='line_1_12' title="bbox 439 1504 1107 1588; baseline -0.001 -21"><span class='ocrx_word' id='word_1_50' title='bbox 439 1505 478 1567; x_wconf 85' lang='lat'>15</span> <span class='ocrx_word' id='word_1_51' title='bbox 501 1505 607 1571; x_wconf 83' lang='lat' dir='ltr'>Dulce</span> <span class='ocrx_word' id='word_1_52' title='bbox 622 1506 770 1582; x_wconf 87' lang='lat' dir='ltr'>lenimen,</span> <span class='ocrx_word' id='word_1_53' title='bbox 785 1506 864 1569; x_wconf 94' lang='lat' dir='ltr'>mihi</span> <span class='ocrx_word' id='word_1_54' title='bbox 879 1527 1007 1588; x_wconf 87' lang='lat' dir='ltr'>cunque</span> <span class='ocrx_word' id='word_1_55' title='bbox 1021 1504 1107 1568; x_wconf 89' lang='lat' dir='ltr'>salve</span> 
     </span>
     <span class='ocr_line' id='line_1_13' title="bbox 843 1606 1076 1670; baseline -0.013 0"><span class='ocrx_word' id='word_1_56' title='bbox 843 1606 922 1670; x_wconf 78' lang='lat' dir='ltr'>Rite</span> <span class='ocrx_word' id='word_1_57' title='bbox 938 1606 1076 1670; x_wconf 86' lang='lat' dir='ltr'>vocanti.</span> 
     </span>
    </p>
   </div>
   <div class='ocr_carea' id='block_1_3' title="bbox 659 1838 1061 1906">
    <p class='ocr_par' dir='ltr' id='par_1_3' title="bbox 659 1838 1061 1906">
     <span class='ocr_line' id='line_1_14' title="bbox 659 1838 1061 1906; baseline -0.007 -1"><span class='ocrx_word' id='word_1_58' title='bbox 659 1840 865 1906; x_wconf 88' lang='lat' dir='ltr'>CARMEN</span> <span class='ocrx_word' id='word_1_59' title='bbox 890 1838 1061 1903; x_wconf 91' lang='lat' dir='ltr'><strong>XXXIII.</strong></span> 
     </span>
    </p>
   </div>
   <div class='ocr_carea' id='block_1_4' title="bbox 609 2050 1109 2101">
    <p class='ocr_par' dir='ltr' id='par_1_4' title="bbox 609 2050 1109 2101">
     <span class='ocr_line' id='line_1_15' title="bbox 609 2050 1109 2101; baseline -0.008 0"><span class='ocrx_word' id='word_1_60' title='bbox 609 2054 667 2101; x_wconf 87' lang='lat' dir='ltr'>AD</span> <span class='ocrx_word' id='word_1_61' title='bbox 688 2052 856 2100; x_wconf 88' lang='lat' dir='ltr'>ALBIUM</span> <span class='ocrx_word' id='word_1_62' title='bbox 876 2050 1109 2099; x_wconf 87' lang='lat' dir='ltr'>TlBULLUM.</span> 
     </span>
    </p>
   </div>
   <div class='ocr_carea' id='block_1_5' title="bbox 499 2210 1136 2396">
    <p class='ocr_par' dir='ltr' id='par_1_5' title="bbox 499 2210 1136 2396">
     <span class='ocr_line' id='line_1_16' title="bbox 499 2210 1136 2294; baseline -0.009 -17"><span class='ocrx_word' id='word_1_63' title='bbox 499 2212 600 2289; x_wconf 81' lang='lat' dir='ltr'>Anni,</span> <span class='ocrx_word' id='word_1_64' title='bbox 616 2235 657 2276; x_wconf 93' lang='lat' dir='ltr'>ne</span> <span class='ocrx_word' id='word_1_65' title='bbox 673 2212 784 2275; x_wconf 85' lang='lat' dir='ltr'>doleas</span> <span class='ocrx_word' id='word_1_66' title='bbox 800 2210 875 2294; x_wconf 89' lang='lat' dir='ltr'>plus</span> <span class='ocrx_word' id='word_1_67' title='bbox 890 2211 999 2286; x_wconf 89' lang='lat' dir='ltr'>nimio,</span> <span class='ocrx_word' id='word_1_68' title='bbox 1014 2230 1136 2273; x_wconf 91' lang='lat' dir='ltr'>memor</span> 
     </span>
     <span class='ocr_line' id='line_1_17' title="bbox 501 2310 1108 2396; baseline -0.007 -19"><span class='ocrx_word' id='word_1_69' title='bbox 501 2314 635 2377; x_wconf 82' lang='lat' dir='ltr'>immitis</span> <span class='ocrx_word' id='word_1_70' title='bbox 651 2313 814 2396; x_wconf 83' lang='lat' dir='ltr'>Glycerae,</span> <span class='ocrx_word' id='word_1_71' title='bbox 831 2334 896 2375; x_wconf 93' lang='lat' dir='ltr'>neu</span> <span class='ocrx_word' id='word_1_72' title='bbox 908 2310 1108 2376; x_wconf 79' lang='lat' dir='ltr'>miserabiles</span> 
     </span>
    </p>
   </div>
   <div class='ocr_carea' id='block_1_6' title="bbox 282 2477 1439 4527">
    <p class='ocr_par' dir='ltr' id='par_1_6' title="bbox 282 2477 1439 3890">
     <span class='ocr_line' id='line_1_18' title="bbox 286 2477 1437 2553; baseline -0.005 -22"><span class='ocrx_word' id='word_1_73' title='bbox 286 2478 407 2536; x_wconf 83' lang='lat' dir='ltr'>Saeculari,</span> <span class='ocrx_word' id='word_1_74' title='bbox 424 2478 528 2541; x_wconf 82' lang='lat' dir='ltr'>Augusti</span> <span class='ocrx_word' id='word_1_75' title='bbox 548 2479 688 2529; x_wconf 87' lang='lat' dir='ltr'>auctoritate</span> <span class='ocrx_word' id='word_1_76' title='bbox 706 2480 845 2553; x_wconf 82' lang='lat' dir='ltr'>composito,</span> <span class='ocrx_word' id='word_1_77' title='bbox 880 2480 1007 2535; x_wconf 83' lang='lat' dir='ltr'>Venerem,</span> <span class='ocrx_word' id='word_1_78' title='bbox 1030 2480 1069 2529; x_wconf 86' lang='lat' dir='ltr'>vel</span> <span class='ocrx_word' id='word_1_79' title='bbox 1091 2478 1213 2536; x_wconf 80' lang='lat' dir='ltr'>Amorem,</span> <span class='ocrx_word' id='word_1_80' title='bbox 1235 2478 1274 2527; x_wconf 81' lang='lat' dir='ltr'>rel</span> <span class='ocrx_word' id='word_1_81' title='bbox 1300 2477 1437 2543; x_wconf 84' lang='lat' dir='ltr'>pulchrum,</span> 
     </span>
     <span class='ocr_line' id='line_1_19' title="bbox 287 2542 1438 2654; baseline -0.003 -62"><span class='ocrx_word' id='word_1_82' title='bbox 287 2544 402 2609; x_wconf 82' lang='lat' dir='ltr'>singulari</span> <span class='ocrx_word' id='word_1_83' title='bbox 414 2542 518 2591; x_wconf 90' lang='lat' dir='ltr'>carmine</span> <span class='ocrx_word' id='word_1_84' title='bbox 529 2544 576 2606; x_wconf 84' lang='lat' dir='ltr'>(iv,</span> <span class='ocrx_word' id='word_1_85' title='bbox 586 2544 614 2608; x_wconf 83' lang='lat'>6)</span> <span class='ocrx_word' id='word_1_86' title='bbox 627 2544 742 2608; x_wconf 80' lang='lat' dir='ltr'>praelusit,</span> <span class='ocrx_word' id='word_1_87' title='bbox 755 2554 789 2591; x_wconf 81' lang='lat' dir='ltr'>ita</span> <span class='ocrx_word' id='word_1_88' title='bbox 800 2543 846 2593; x_wconf 83' lang='lat' dir='ltr'>hoe</span> <span class='ocrx_word' id='word_1_89' title='bbox 878 2560 951 2654; x_wconf 74' lang='lat' dir='ltr'>quern</span> <span class='ocrx_word' id='word_1_90' title='bbox 965 2544 1095 2610; x_wconf 85' lang='lat' dir='ltr'>deperibat,</span> <span class='ocrx_word' id='word_1_91' title='bbox 1106 2558 1207 2610; x_wconf 87' lang='lat' dir='ltr'>puerum</span> <span class='ocrx_word' id='word_1_92' title='bbox 1218 2545 1312 2608; x_wconf 79' lang='lat' dir='ltr'>Lycum</span> <span class='ocrx_word' id='word_1_93' title='bbox 1325 2543 1438 2602; x_wconf 79' lang='lat' dir='ltr'>canebat.</span> 
     </span>
     <span class='ocr_line' id='line_1_20' title="bbox 286 2607 1438 2674; baseline -0.001 -17"><span class='ocrx_word' id='word_1_94' title='bbox 286 2625 384 2674; x_wconf 88' lang='lat' dir='ltr'>quoque</span> <span class='ocrx_word' id='word_1_95' title='bbox 404 2607 445 2655; x_wconf 90' lang='lat' dir='ltr'>alii</span> <span class='ocrx_word' id='word_1_96' title='bbox 466 2607 561 2655; x_wconf 89' lang='lat' dir='ltr'>cuidam</span> <span class='ocrx_word' id='word_1_97' title='bbox 581 2608 694 2672; x_wconf 85' lang='lat' dir='ltr'>gravioris</span> <span class='ocrx_word' id='word_1_98' title='bbox 714 2607 847 2672; x_wconf 87' lang='lat' dir='ltr'>argumenti</span> <span class='ocrx_word' id='word_1_99' title='bbox 896 2618 995 2656; x_wconf 82' lang='lat' dir='ltr'>actutum</span> <span class='ocrx_word' id='word_1_100' title='bbox 1007 2625 1085 2657; x_wconf 79' lang='lat' dir='ltr'>nauem</span> <span class='ocrx_word' id='word_1_101' title='bbox 1099 2611 1165 2656; x_wconf 81' lang='lat' dir='ltr'>litore</span> <span class='ocrx_word' id='word_1_102' title='bbox 1179 2612 1279 2673; x_wconf 75' lang='lat' dir='ltr'>religare</span> <span class='ocrx_word' id='word_1_103' title='bbox 1295 2614 1339 2663; x_wconf 90' lang='lat' dir='ltr'>est,</span> <span class='ocrx_word' id='word_1_104' title='bbox 1352 2621 1438 2656; x_wconf 82' lang='lat' dir='ltr'>navem</span> 
     </span>
     <span class='ocr_line' id='line_1_21' title="bbox 286 2670 1437 2738; baseline -0.003 -17"><span class='ocrx_word' id='word_1_105' title='bbox 286 2671 394 2728; x_wconf 87' lang='lat' dir='ltr'>carmini,</span> <span class='ocrx_word' id='word_1_106' title='bbox 418 2689 442 2719; x_wconf 89' lang='lat' dir='ltr'>v.</span> <span class='ocrx_word' id='word_1_107' title='bbox 462 2686 486 2719; x_wconf 86' lang='lat' dir='ltr'>c.</span> <span class='ocrx_word' id='word_1_108' title='bbox 507 2671 600 2719; x_wconf 92' lang='lat' dir='ltr'>duobus</span> <span class='ocrx_word' id='word_1_109' title='bbox 621 2671 671 2719; x_wconf 91' lang='lat' dir='ltr'>illis</span> <span class='ocrx_word' id='word_1_110' title='bbox 692 2671 845 2730; x_wconf 85' lang='lat' dir='ltr'>carminibus,</span> <span class='ocrx_word' id='word_1_111' title='bbox 879 2679 1017 2738; x_wconf 82' lang='lat' dir='ltr'>tempestate</span> <span class='ocrx_word' id='word_1_112' title='bbox 1033 2672 1058 2720; x_wconf 90' lang='lat' dir='ltr'>in</span> <span class='ocrx_word' id='word_1_113' title='bbox 1074 2674 1134 2721; x_wconf 90' lang='lat' dir='ltr'>mari</span> <span class='ocrx_word' id='word_1_114' title='bbox 1148 2673 1265 2737; x_wconf 84' lang='lat' dir='ltr'>jactatam</span> <span class='ocrx_word' id='word_1_115' title='bbox 1280 2670 1379 2719; x_wconf 87' lang='lat' dir='ltr'>adlitus</span> <span class='ocrx_word' id='word_1_116' title='bbox 1394 2686 1437 2735; x_wconf 89' lang='lat' dir='ltr'>ap-</span> 
     </span>
     <span class='ocr_line' id='line_1_22' title="bbox 286 2735 1438 2801; baseline -0.004 -16"><span class='ocrx_word' id='word_1_117' title='bbox 286 2738 381 2800; x_wconf 91' lang='lat' dir='ltr'>quibns,</span> <span class='ocrx_word' id='word_1_118' title='bbox 395 2735 506 2799; x_wconf 82' lang='lat' dir='ltr'>Augusto</span> <span class='ocrx_word' id='word_1_119' title='bbox 548 2746 636 2794; x_wconf 83' lang='lat' dir='ltr'>scente,</span> <span class='ocrx_word' id='word_1_120' title='bbox 648 2737 722 2785; x_wconf 87' lang='lat' dir='ltr'>Drusi</span> <span class='ocrx_word' id='word_1_121' title='bbox 737 2745 761 2785; x_wconf 89' lang='lat' dir='ltr'>et</span> <span class='ocrx_word' id='word_1_122' title='bbox 771 2736 844 2785; x_wconf 88' lang='lat' dir='ltr'>Tibe·</span> <span class='ocrx_word' id='word_1_123' title='bbox 877 2737 964 2801; x_wconf 89' lang='lat' dir='ltr'>pellere</span> <span class='ocrx_word' id='word_1_124' title='bbox 978 2745 1003 2785; x_wconf 89' lang='lat' dir='ltr'>et</span> <span class='ocrx_word' id='word_1_125' title='bbox 1017 2736 1050 2784; x_wconf 92' lang='lat' dir='ltr'>ibi</span> <span class='ocrx_word' id='word_1_126' title='bbox 1065 2736 1180 2801; x_wconf 79' lang='lat' dir='ltr'>alligare3</span> <span class='ocrx_word' id='word_1_127' title='bbox 1197 2736 1232 2784; x_wconf 90' lang='lat' dir='ltr'>sic</span> <span class='ocrx_word' id='word_1_128' title='bbox 1245 2739 1315 2798; x_wconf 78' lang='lat' dir='ltr'>pinus</span> <span class='ocrx_word' id='word_1_129' title='bbox 1330 2738 1355 2782; x_wconf 83' lang='grc' dir='ltr'>ιἰι</span> <span class='ocrx_word' id='word_1_130' title='bbox 1370 2737 1438 2781; x_wconf 78' lang='lat' dir='ltr'>litare</span> 
     </span>
     <span class='ocr_line' id='line_1_23' title="bbox 285 2799 1437 2866; baseline -0.003 -18"><span class='ocrx_word' id='word_1_131' title='bbox 285 2801 314 2848; x_wconf 86' lang='lat' dir='ltr'>rii</span> <span class='ocrx_word' id='word_1_132' title='bbox 336 2800 446 2848; x_wconf 88' lang='lat' dir='ltr'>victorias</span> <span class='ocrx_word' id='word_1_133' title='bbox 468 2799 518 2848; x_wconf 90' lang='lat' dir='ltr'>cele</span> <span class='ocrx_word' id='word_1_134' title='bbox 536 2801 596 2847; x_wconf 86' lang='lat' dir='ltr'>ravit</span> <span class='ocrx_word' id='word_1_135' title='bbox 618 2800 664 2864; x_wconf 86' lang='lat' dir='ltr'>(iv,</span> <span class='ocrx_word' id='word_1_136' title='bbox 685 2803 709 2858; x_wconf 94' lang='lat'>4,</span> <span class='ocrx_word' id='word_1_137' title='bbox 733 2799 766 2858; x_wconf 89' lang='lat' dir='ltr'>iv,</span> <span class='ocrx_word' id='word_1_138' title='bbox 790 2800 844 2860; x_wconf 85' lang='lat'>14),</span> <span class='ocrx_word' id='word_1_139' title='bbox 876 2803 977 2863; x_wconf 82' lang='lat' dir='ltr'>religata</span> <span class='ocrx_word' id='word_1_140' title='bbox 986 2817 1037 2866; x_wconf 88' lang='lat' dir='ltr'>pro,</span> <span class='ocrx_word' id='word_1_141' title='bbox 1048 2801 1147 2865; x_wconf 88' lang='lat' dir='ltr'>alligata</span> <span class='ocrx_word' id='word_1_142' title='bbox 1158 2800 1220 2866; x_wconf 88' lang='lat' dir='ltr'>apud</span> <span class='ocrx_word' id='word_1_143' title='bbox 1232 2799 1303 2849; x_wconf 88' lang='lat' dir='ltr'>Ovid.</span> <span class='ocrx_word' id='word_1_144' title='bbox 1314 2799 1376 2846; x_wconf 85' lang='lat' dir='ltr'>Met.</span> <span class='ocrx_word' id='word_1_145' title='bbox 1388 2799 1437 2853; x_wconf 80' lang='lat' dir='ltr'>xiv,</span> 
     </span>
     <span class='ocr_line' id='line_1_24' title="bbox 285 2862 1439 2930; baseline -0.003 -18"><span class='ocrx_word' id='word_1_146' title='bbox 285 2865 421 2930; x_wconf 68' lang='lat' dir='ltr'>praelusisse</span> <span class='ocrx_word' id='word_1_147' title='bbox 431 2863 506 2912; x_wconf 77' lang='lat' dir='ltr'>videri</span> <span class='ocrx_word' id='word_1_148' title='bbox 516 2872 602 2930; x_wconf 85' lang='lat' dir='ltr'>potest.</span> <span class='ocrx_word' id='word_1_149' title='bbox 625 2865 672 2912; x_wconf 86' lang='lat' dir='ltr'>Pro</span> <span class='ocrx_word' id='word_1_150' title='bbox 681 2867 794 2927; x_wconf 82' lang='lat' dir='ltr'>poscimur</span> <span class='ocrx_word' id='word_1_151' title='bbox 803 2865 844 2912; x_wconf 87' lang='lat' dir='ltr'>de·</span> <span class='ocrx_word' id='word_1_152' title='bbox 877 2865 934 2921; x_wconf 79' lang='lat'>248,</span> <span class='ocrx_word' id='word_1_153' title='bbox 954 2875 979 2913; x_wconf 93' lang='lat' dir='ltr'>et</span> <span class='ocrx_word' id='word_1_154' title='bbox 1000 2864 1089 2930; x_wconf 86' lang='lat' dir='ltr'>passim</span> <span class='ocrx_word' id='word_1_155' title='bbox 1112 2864 1178 2914; x_wconf 86' lang='lat' dir='ltr'>alibi.</span> <span class='ocrx_word' id='word_1_156' title='bbox 1212 2865 1330 2920; x_wconf 75' lang='lat' dir='ltr'>Litemm,</span> <span class='ocrx_word' id='word_1_157' title='bbox 1350 2862 1439 2910; x_wconf 86' lang='lat' dir='ltr'>cecinit</span> 
     </span>
     <span class='ocr_line' id='line_1_25' title="bbox 285 2927 1438 2994; baseline -0.003 -18"><span class='ocrx_word' id='word_1_158' title='bbox 285 2929 321 2976; x_wconf 88' lang='lat' dir='ltr'>dit</span> <span class='ocrx_word' id='word_1_159' title='bbox 337 2927 471 2984; x_wconf 88' lang='lat' dir='ltr'>Bentleius,</span> <span class='ocrx_word' id='word_1_160' title='bbox 488 2931 611 2990; x_wconf 59' lang='lat' dir='ltr'>pessimam</span> <span class='ocrx_word' id='word_1_161' title='bbox 631 2928 673 2977; x_wconf 89' lang='lat' dir='ltr'>sed</span> <span class='ocrx_word' id='word_1_162' title='bbox 690 2929 741 2978; x_wconf 85' lang='lat' dir='ltr'>luec</span> <span class='ocrx_word' id='word_1_163' title='bbox 763 2929 844 2986; x_wconf 89' lang='lat' dir='ltr'>lectio,</span> <span class='ocrx_word' id='word_1_164' title='bbox 877 2929 941 2976; x_wconf 90' lang='lat' dir='ltr'>enim</span> <span class='ocrx_word' id='word_1_165' title='bbox 957 2929 1056 2978; x_wconf 68' lang='lat' dir='ltr'>Alcaeus</span> <span class='ocrx_word' id='word_1_166' title='bbox 1074 2927 1175 2994; x_wconf 77' lang='grc' dir='ltr'>ᾄσματα</span> <span class='ocrx_word' id='word_1_167' title='bbox 1190 2929 1318 2991; x_wconf 80' lang='grc' dir='ltr'><strong>παροίνια,</strong></span> <span class='ocrx_word' id='word_1_168' title='bbox 1334 2941 1438 2991; x_wconf 90' lang='lat' dir='ltr'>quorum</span> 
     </span>
     <span class='ocr_line' id='line_1_26' title="bbox 285 2990 1437 3057; baseline -0.003 -17"><span class='ocrx_word' id='word_1_169' title='bbox 285 2992 343 3042; x_wconf 88' lang='lat' dir='ltr'>licet</span> <span class='ocrx_word' id='word_1_170' title='bbox 364 2991 433 3041; x_wconf 88' lang='lat' dir='ltr'>docte</span> <span class='ocrx_word' id='word_1_171' title='bbox 457 3007 472 3040; x_wconf 86' lang='lat' dir='ltr'>a</span> <span class='ocrx_word' id='word_1_172' title='bbox 495 2993 606 3041; x_wconf 88' lang='lat' dir='ltr'>Bentleio</span> <span class='ocrx_word' id='word_1_173' title='bbox 632 2992 761 3049; x_wconf 73' lang='lat' dir='ltr'>adstruam,</span> <span class='ocrx_word' id='word_1_174' title='bbox 784 2993 843 3040; x_wconf 90' lang='lat' dir='ltr'>mihi</span> <span class='ocrx_word' id='word_1_175' title='bbox 876 2991 1008 3057; x_wconf 80' lang='lat' dir='ltr'>fragmenta</span> <span class='ocrx_word' id='word_1_176' title='bbox 1028 2992 1138 3057; x_wconf 78' lang='lat' dir='ltr'>quadam</span> <span class='ocrx_word' id='word_1_177' title='bbox 1158 3001 1253 3042; x_wconf 80' lang='lat' dir='ltr'>exstant</span> <span class='ocrx_word' id='word_1_178' title='bbox 1274 2990 1337 3055; x_wconf 86' lang='lat' dir='ltr'>apud</span> <span class='ocrx_word' id='word_1_179' title='bbox 1357 2990 1437 3038; x_wconf 87' lang='lat' dir='ltr'>Athe·</span> 
     </span>
     <span class='ocr_line' id='line_1_27' title="bbox 285 3053 1437 3122; baseline -0.004 -16"><span class='ocrx_word' id='word_1_180' title='bbox 285 3073 369 3122; x_wconf 86' lang='lat' dir='ltr'>parum</span> <span class='ocrx_word' id='word_1_181' title='bbox 382 3058 500 3122; x_wconf 88' lang='lat' dir='ltr'>probatur.</span> <span class='ocrx_word' id='word_1_182' title='bbox 531 3057 612 3114; x_wconf 76' lang='lat' dir='ltr'>Vacat,</span> <span class='ocrx_word' id='word_1_183' title='bbox 625 3057 650 3106; x_wconf 89' lang='lat' dir='ltr'>h.</span> <span class='ocrx_word' id='word_1_184' title='bbox 659 3073 682 3106; x_wconf 91' lang='lat' dir='ltr'>e.</span> <span class='ocrx_word' id='word_1_185' title='bbox 694 3058 772 3106; x_wconf 88' lang='lat' dir='ltr'>otiosi.</span> <span class='ocrx_word' id='word_1_186' title='bbox 804 3056 843 3105; x_wconf 81' lang='lat' dir='ltr'>Vi·</span> <span class='ocrx_word' id='word_1_187' title='bbox 876 3073 956 3104; x_wconf 80' lang='lat' dir='ltr'>naum</span> <span class='ocrx_word' id='word_1_188' title='bbox 972 3057 1005 3115; x_wconf 87' lang='lat' dir='ltr'>ir,</span> <span class='ocrx_word' id='word_1_189' title='bbox 1022 3060 1046 3113; x_wconf 81' lang='lat'>8,</span> <span class='ocrx_word' id='word_1_190' title='bbox 1062 3073 1086 3121; x_wconf 91' lang='lat' dir='ltr'>p.</span> <span class='ocrx_word' id='word_1_191' title='bbox 1097 3059 1154 3105; x_wconf 81' lang='lat'>430.</span> <span class='ocrx_word' id='word_1_192' title='bbox 1187 3057 1285 3120; x_wconf 81' lang='lat' dir='ltr'>Lycum,</span> <span class='ocrx_word' id='word_1_193' title='bbox 1299 3070 1380 3118; x_wconf 88' lang='lat' dir='ltr'>quem,</span> <span class='ocrx_word' id='word_1_194' title='bbox 1398 3053 1437 3101; x_wconf 89' lang='lat' dir='ltr'>sui</span> 
     </span>
     <span class='ocr_line' id='line_1_28' title="bbox 284 3117 1437 3187; baseline -0.002 -19"><span class='ocrx_word' id='word_1_195' title='bbox 284 3133 333 3179; x_wconf 82' lang='grc' dir='ltr'><strong>ιιιι,</strong></span> <span class='ocrx_word' id='word_1_196' title='bbox 347 3121 371 3169; x_wconf 87' lang='grc' dir='ltr'><strong>Ιι.</strong></span> <span class='ocrx_word' id='word_1_197' title='bbox 383 3137 404 3170; x_wconf 88' lang='lat' dir='ltr'>e.</span> <span class='ocrx_word' id='word_1_198' title='bbox 417 3121 493 3178; x_wconf 89' lang='lat' dir='ltr'>duret,</span> <span class='ocrx_word' id='word_1_199' title='bbox 509 3129 660 3185; x_wconf 84' lang='lat' dir='ltr'>permaneat:</span> <span class='ocrx_word' id='word_1_200' title='bbox 678 3121 722 3170; x_wconf 83' lang='lat' dir='ltr'>inl.</span> <span class='ocrx_word' id='word_1_201' title='bbox 735 3122 813 3187; x_wconf 87' lang='lat' dir='ltr'>Epist.</span> <span class='ocrx_word' id='word_1_202' title='bbox 824 3121 842 3179; x_wconf 92' lang='lat' dir='ltr'>i,</span> <span class='ocrx_word' id='word_1_203' title='bbox 875 3119 983 3178; x_wconf 86' lang='lat' dir='ltr'>delicias,</span> <span class='ocrx_word' id='word_1_204' title='bbox 1001 3130 1028 3168; x_wconf 91' lang='lat' dir='ltr'>ut</span> <span class='ocrx_word' id='word_1_205' title='bbox 1044 3119 1338 3186; x_wconf 62' lang='lat' dir='ltr'>Anacreon0Bathyllum,</span> <span class='ocrx_word' id='word_1_206' title='bbox 1350 3117 1437 3167; x_wconf 84' lang='lat' dir='ltr'>carmi·</span> 
     </span>
     <span class='ocr_line' id='line_1_29' title="bbox 287 3184 1266 3258; baseline 0 -26"><span class='ocrx_word' id='word_1_207' title='bbox 287 3187 326 3242; x_wconf 87' lang='lat'>19,</span> <span class='ocrx_word' id='word_1_208' title='bbox 339 3187 364 3242; x_wconf 80' lang='lat'>2,</span> <span class='ocrx_word' id='word_1_209' title='bbox 380 3185 555 3258; x_wconf 68' lang='lat' dir='ltr'>Nalloplnfere</span> <span class='ocrx_word' id='word_1_210' title='bbox 574 3189 626 3258; x_wconf 72' lang='lat' dir='ltr'>din,</span> <span class='ocrx_word' id='word_1_211' title='bbox 643 3203 684 3234; x_wconf 82' lang='lat' dir='ltr'>nee</span> <span class='ocrx_word' id='word_1_212' title='bbox 701 3189 775 3234; x_wconf 76' lang='lat' dir='ltr'>vinem</span> <span class='ocrx_word' id='word_1_213' title='bbox 791 3203 843 3237; x_wconf 82' lang='lat' dir='ltr'>cor·</span> <span class='ocrx_word' id='word_1_214' title='bbox 876 3185 947 3233; x_wconf 91' lang='lat' dir='ltr'>nibus</span> <span class='ocrx_word' id='word_1_215' title='bbox 958 3184 1228 3256; x_wconf 48' lang='lat' dir='ltr'>celebraverimus„</span> <span class='ocrx_word' id='word_1_216' title='bbox 1261 3246 1266 3257; x_wconf 33' lang='grc' dir='ltr'>ι</span> 
     </span>
     <span class='ocr_line' id='line_1_30' title="bbox 284 3249 1436 3379; baseline -0.003 -19"><span class='ocrx_word' id='word_1_217' title='bbox 284 3249 844 3377; x_wconf 59' lang='lat' dir='ltr'>33¹5th‘allnttt’glblillffi&#39;tt</span> <span class='ocrx_word' id='word_1_218' title='bbox 876 3250 1316 3379; x_wconf 58' lang='lat' dir='ltr'>melidlpltfiltdtttzttt</span> <span class='ocrx_word' id='word_1_219' title='bbox 1330 3253 1436 3371; x_wconf 58' lang='lat' dir='ltr'>{llll}</span> 
     </span>
     <span class='ocr_line' id='line_1_31' title="bbox 284 3374 1435 3442; baseline -0.003 -18"><span class='ocrx_word' id='word_1_220' title='bbox 284 3381 342 3438; x_wconf 70' lang='grc' dir='ltr'><strong>ςιίιι,</strong></span> <span class='ocrx_word' id='word_1_221' title='bbox 362 3385 452 3423; x_wconf 84' lang='lat' dir='ltr'>sacrata</span> <span class='ocrx_word' id='word_1_222' title='bbox 471 3378 560 3437; x_wconf 81' lang='lat' dir='ltr'>scriptis</span> <span class='ocrx_word' id='word_1_223' title='bbox 580 3379 650 3424; x_wconf 69' lang='lat' dir='ltr'>oannis</span> <span class='ocrx_word' id='word_1_224' title='bbox 667 3382 774 3441; x_wconf 71' lang='lat' dir='ltr'>generis,</span> <span class='ocrx_word' id='word_1_225' title='bbox 801 3378 843 3425; x_wconf 93' lang='lat' dir='ltr'>ubi</span> <span class='ocrx_word' id='word_1_226' title='bbox 877 3377 953 3425; x_wconf 80' lang='lat' dir='ltr'>Grata</span> <span class='ocrx_word' id='word_1_227' title='bbox 970 3380 1057 3426; x_wconf 80' lang='lat' dir='ltr'>testudo</span> <span class='ocrx_word' id='word_1_228' title='bbox 1079 3379 1158 3436; x_wconf 82' lang='lat' dir='ltr'>Jooir,·</span> <span class='ocrx_word' id='word_1_229' title='bbox 1181 3377 1233 3442; x_wconf 88' lang='lat' dir='ltr'>ipse</span> <span class='ocrx_word' id='word_1_230' title='bbox 1255 3374 1350 3439; x_wconf 84' lang='lat' dir='ltr'>Jupiter</span> <span class='ocrx_word' id='word_1_231' title='bbox 1371 3374 1435 3422; x_wconf 92' lang='lat' dir='ltr'>euim</span> 
     </span>
     <span class='ocr_line' id='line_1_32' title="bbox 284 3438 1435 3513; baseline 0 -26"><span class='ocrx_word' id='word_1_232' title='bbox 284 3441 353 3504; x_wconf 88' lang='lat' dir='ltr'>plura</span> <span class='ocrx_word' id='word_1_233' title='bbox 374 3439 483 3513; x_wconf 83' lang='lat' dir='ltr'>exempla</span> <span class='ocrx_word' id='word_1_234' title='bbox 503 3439 533 3488; x_wconf 87' lang='lat' dir='ltr'>de</span> <span class='ocrx_word' id='word_1_235' title='bbox 555 3438 600 3487; x_wconf 89' lang='lat' dir='ltr'>hoc</span> <span class='ocrx_word' id='word_1_236' title='bbox 621 3456 667 3488; x_wconf 89' lang='lat' dir='ltr'>usu</span> <span class='ocrx_word' id='word_1_237' title='bbox 685 3441 751 3490; x_wconf 89' lang='lat' dir='ltr'>verbi</span> <span class='ocrx_word' id='word_1_238' title='bbox 768 3445 844 3490; x_wconf 78' lang='lat' dir='ltr'>vivere</span> <span class='ocrx_word' id='word_1_239' title='bbox 876 3440 937 3489; x_wconf 92' lang='lat' dir='ltr'>inter</span> <span class='ocrx_word' id='word_1_240' title='bbox 958 3441 989 3489; x_wconf 90' lang='lat' dir='ltr'>da</span> <span class='ocrx_word' id='word_1_241' title='bbox 1020 3458 1031 3489; x_wconf 93' lang='lat' dir='ltr'>s</span> <span class='ocrx_word' id='word_1_242' title='bbox 1057 3442 1114 3506; x_wconf 78' lang='lat' dir='ltr'>lyra</span> <span class='ocrx_word' id='word_1_243' title='bbox 1140 3441 1171 3488; x_wconf 88' lang='lat' dir='ltr'>ab</span> <span class='ocrx_word' id='word_1_244' title='bbox 1193 3439 1307 3506; x_wconf 88' lang='lat' dir='ltr'>Apolline</span> <span class='ocrx_word' id='word_1_245' title='bbox 1333 3438 1435 3502; x_wconf 76' lang='lat' dir='ltr'>pulsata</span> 
     </span>
     <span class='ocr_line' id='line_1_33' title="bbox 283 3459 1436 3566; baseline 0 -15"><span class='ocrx_word' id='word_1_246' title='bbox 283 3502 403 3566; x_wconf 84' lang='lat' dir='ltr'>congessit</span> <span class='ocrx_word' id='word_1_247' title='bbox 411 3503 536 3566; x_wconf 81' lang='lat' dir='ltr'>diligentia</span> <span class='ocrx_word' id='word_1_248' title='bbox 548 3503 746 3554; x_wconf 83' lang='lat' dir='ltr'>Drakenborchii.</span> <span class='ocrx_word' id='word_1_249' title='bbox 772 3507 844 3554; x_wconf 83' lang='lat' dir='ltr'>Hanc</span> <span class='ocrx_word' id='word_1_250' title='bbox 876 3513 949 3553; x_wconf 89' lang='lat' dir='ltr'>cantu</span> <span class='ocrx_word' id='word_1_251' title='bbox 961 3459 1060 3554; x_wconf 63' lang='lat' dir='ltr'>deliniri</span> <span class='ocrx_word' id='word_1_252' title='bbox 1071 3505 1179 3554; x_wconf 86' lang='lat' dir='ltr'>solebat:</span> <span class='ocrx_word' id='word_1_253' title='bbox 1198 3505 1245 3553; x_wconf 88' lang='lat' dir='ltr'>vid.</span> <span class='ocrx_word' id='word_1_254' title='bbox 1256 3505 1355 3552; x_wconf 85' lang='lat' dir='ltr'>Homer.</span> <span class='ocrx_word' id='word_1_255' title='bbox 1362 3501 1436 3551; x_wconf 86' lang='lat' dir='ltr'>Iliad.</span> 
     </span>
     <span class='ocr_line' id='line_1_34' title="bbox 283 3565 1436 3644; baseline -0.002 -30"><span class='ocrx_word' id='word_1_256' title='bbox 283 3568 309 3614; x_wconf 85' lang='grc' dir='ltr'>ιἰι</span> <span class='ocrx_word' id='word_1_257' title='bbox 329 3583 416 3614; x_wconf 83' lang='grc' dir='ltr'><strong>αιιιιιιιιι</strong></span> <span class='ocrx_word' id='word_1_258' title='bbox 436 3577 457 3614; x_wconf 82' lang='lat' dir='ltr'>et</span> <span class='ocrx_word' id='word_1_259' title='bbox 474 3565 561 3643; x_wconf 79' lang='lat' dir='ltr'>pluris,</span> <span class='ocrx_word' id='word_1_260' title='bbox 581 3583 623 3633; x_wconf 90' lang='lat' dir='ltr'>pro</span> <span class='ocrx_word' id='word_1_261' title='bbox 647 3569 722 3644; x_wconf 73' lang='lat' dir='ltr'>teum,</span> <span class='ocrx_word' id='word_1_262' title='bbox 743 3585 843 3644; x_wconf 83' lang='lat' dir='ltr'>semper,</span> <span class='ocrx_word' id='word_1_263' title='bbox 876 3569 894 3626; x_wconf 92' lang='lat' dir='ltr'>i,</span> <span class='ocrx_word' id='word_1_264' title='bbox 910 3571 976 3630; x_wconf 85' lang='lat'>60³;</span> <span class='ocrx_word' id='word_1_265' title='bbox 992 3570 1049 3618; x_wconf 90' lang='lat' dir='ltr'>hinc</span> <span class='ocrx_word' id='word_1_266' title='bbox 1067 3571 1172 3634; x_wconf 74' lang='grc' dir='ltr'><strong>φόρμιγξ</strong></span> <span class='ocrx_word' id='word_1_267' title='bbox 1189 3567 1271 3626; x_wconf 71' lang='grc' dir='ltr'><strong>δαιτὸς</strong></span> <span class='ocrx_word' id='word_1_268' title='bbox 1287 3565 1382 3631; x_wconf 78' lang='grc' dir='ltr'><strong><em>ἑταίρη.</em></strong></span> <span class='ocrx_word' id='word_1_269' title='bbox 1416 3567 1436 3613; x_wconf 95' lang='grc'><strong><em>0</em></strong></span> 
     </span>
     <span class='ocr_line' id='line_1_35' title="bbox 284 3630 1437 3746; baseline 0 -5"><span class='ocrx_word' id='word_1_270' title='bbox 284 3630 844 3746; x_wconf 50' lang='lat' dir='ltr'>tingintinanarreris}</span> <span class='ocrx_word' id='word_1_271' title='bbox 876 3633 1437 3746; x_wconf 55' lang='lat' dir='ltr'>bernriedensem),nur</span> 
     </span>
     <span class='ocr_line' id='line_1_36' title="bbox 282 3758 1435 3826; baseline -0.001 -20"><span class='ocrx_word' id='word_1_272' title='bbox 282 3759 341 3806; x_wconf 88' lang='lat' dir='ltr'>dant</span> <span class='ocrx_word' id='word_1_273' title='bbox 358 3759 454 3822; x_wconf 86' lang='lat' dir='ltr'>Fragm.</span> <span class='ocrx_word' id='word_1_274' title='bbox 471 3758 636 3824; x_wconf 70' lang='lat' dir='ltr'>Sapph.&#39;Ayr</span> <span class='ocrx_word' id='word_1_275' title='bbox 652 3779 699 3824; x_wconf 82' lang='grc' dir='ltr'><strong>μοι,</strong></span> <span class='ocrx_word' id='word_1_276' title='bbox 717 3760 758 3811; x_wconf 72' lang='grc' dir='ltr'>δῖα</span> <span class='ocrx_word' id='word_1_277' title='bbox 774 3763 845 3826; x_wconf 81' lang='grc' dir='ltr'><strong>χέλυ,</strong></span> <span class='ocrx_word' id='word_1_278' title='bbox 877 3761 967 3809; x_wconf 77' lang='lat' dir='ltr'>sessum</span> <span class='ocrx_word' id='word_1_279' title='bbox 977 3778 1081 3810; x_wconf 84' lang='lat' dir='ltr'>recreare</span> <span class='ocrx_word' id='word_1_280' title='bbox 1093 3762 1164 3809; x_wconf 88' lang='lat' dir='ltr'>soles.</span> <span class='ocrx_word' id='word_1_281' title='bbox 1197 3762 1357 3821; x_wconf 79' lang='lat' dir='ltr'>illibicunqae</span> <span class='ocrx_word' id='word_1_282' title='bbox 1374 3761 1435 3806; x_wconf 78' lang='lat' dir='ltr'>salve</span> 
     </span>
     <span class='ocr_line' id='line_1_37' title="bbox 282 3821 1435 3890; baseline -0.002 -18"><span class='ocrx_word' id='word_1_283' title='bbox 282 3821 412 3888; x_wconf 79' lang='grc' dir='ltr'><strong>φωνάισσα</strong></span> <span class='ocrx_word' id='word_1_284' title='bbox 440 3821 520 3880; x_wconf 79' lang='grc' dir='ltr'><strong>ένοιο;</strong></span> <span class='ocrx_word' id='word_1_285' title='bbox 535 3831 558 3870; x_wconf 89' lang='lat' dir='ltr'>et</span> <span class='ocrx_word' id='word_1_286' title='bbox 567 3823 676 3888; x_wconf 85' lang='lat' dir='ltr'>Theogn.</span> <span class='ocrx_word' id='word_1_287' title='bbox 689 3826 746 3874; x_wconf 82' lang='lat'><strong>739.</strong></span> <span class='ocrx_word' id='word_1_288' title='bbox 876 3825 932 3874; x_wconf 82' lang='lat' dir='ltr'>Rite</span> <span class='ocrx_word' id='word_1_289' title='bbox 946 3831 1044 3875; x_wconf 81' lang='lat' dir='ltr'>vocanti.</span> <span class='ocrx_word' id='word_1_290' title='bbox 1078 3827 1116 3874; x_wconf 91' lang='lat' dir='ltr'>Sis</span> <span class='ocrx_word' id='word_1_291' title='bbox 1130 3825 1189 3873; x_wconf 85' lang='lat' dir='ltr'>mihi</span> <span class='ocrx_word' id='word_1_292' title='bbox 1205 3823 1314 3890; x_wconf 89' lang='lat' dir='ltr'>propitia,</span> <span class='ocrx_word' id='word_1_293' title='bbox 1326 3822 1435 3887; x_wconf 89' lang='lat' dir='ltr'>quando·</span> 
     </span>
    </p>

    <p class='ocr_par' dir='ltr' id='par_1_7' title="bbox 282 3886 1436 4527">
     <span class='ocr_line' id='line_1_38' title="bbox 315 3886 1435 3954; baseline -0.001 -19"><span class='ocrx_word' id='word_1_294' title='bbox 315 3889 405 3936; x_wconf 82' lang='lat'>5-12.</span> <span class='ocrx_word' id='word_1_295' title='bbox 451 3889 607 3944; x_wconf 63' lang='lat' dir='ltr'>saulaumon</span> <span class='ocrx_word' id='word_1_296' title='bbox 618 3889 710 3952; x_wconf 82' lang='lat' dir='ltr'>passive</span> <span class='ocrx_word' id='word_1_297' title='bbox 722 3887 842 3954; x_wconf 87' lang='lat' dir='ltr'>accipien·</span> <span class='ocrx_word' id='word_1_298' title='bbox 875 3905 980 3954; x_wconf 91' lang='lat' dir='ltr'>cunque,</span> <span class='ocrx_word' id='word_1_299' title='bbox 993 3900 1020 3938; x_wconf 91' lang='lat' dir='ltr'>ut</span> <span class='ocrx_word' id='word_1_300' title='bbox 1030 3890 1089 3938; x_wconf 87' lang='lat' dir='ltr'>mihi</span> <span class='ocrx_word' id='word_1_301' title='bbox 1099 3889 1170 3945; x_wconf 88' lang='lat' dir='ltr'>adsis,</span> <span class='ocrx_word' id='word_1_302' title='bbox 1183 3899 1206 3937; x_wconf 92' lang='lat' dir='ltr'>te</span> <span class='ocrx_word' id='word_1_303' title='bbox 1220 3889 1264 3937; x_wconf 89' lang='lat' dir='ltr'>rite</span> <span class='ocrx_word' id='word_1_304' title='bbox 1278 3901 1398 3950; x_wconf 83' lang='lat' dir='ltr'>rogavero,</span> <span class='ocrx_word' id='word_1_305' title='bbox 1410 3886 1435 3934; x_wconf 90' lang='lat' dir='ltr'>h.</span> 
     </span>
     <span class='ocr_line' id='line_1_39' title="bbox 282 3950 1435 4018; baseline -0.002 -19"><span class='ocrx_word' id='word_1_306' title='bbox 282 3950 564 4016; x_wconf 87' lang='lat' dir='ltr'>dum,sedsupplendum</span> <span class='ocrx_word' id='word_1_307' title='bbox 576 3956 741 4010; x_wconf 70' lang='lat' dir='ltr'>ostentantur,</span> <span class='ocrx_word' id='word_1_308' title='bbox 758 3967 841 4016; x_wconf 88' lang='lat' dir='ltr'>quem·</span> <span class='ocrx_word' id='word_1_309' title='bbox 874 3969 897 4002; x_wconf 85' lang='lat' dir='ltr'>e.</span> <span class='ocrx_word' id='word_1_310' title='bbox 915 3955 1045 4018; x_wconf 81' lang='lat' dir='ltr'>benignam</span> <span class='ocrx_word' id='word_1_311' title='bbox 1066 3962 1091 4002; x_wconf 89' lang='lat' dir='ltr'>et</span> <span class='ocrx_word' id='word_1_312' title='bbox 1109 3954 1204 4001; x_wconf 82' lang='lat' dir='ltr'>facilem</span> <span class='ocrx_word' id='word_1_313' title='bbox 1225 3961 1249 4000; x_wconf 88' lang='lat' dir='ltr'>te</span> <span class='ocrx_word' id='word_1_314' title='bbox 1268 3950 1326 3998; x_wconf 83' lang='lat' dir='ltr'>milri</span> <span class='ocrx_word' id='word_1_315' title='bbox 1345 3951 1435 4015; x_wconf 76' lang='lat' dir='ltr'>praebe,</span> 
     </span>
     <span class='ocr_line' id='line_1_40' title="bbox 282 4014 1436 4083; baseline -0.003 -19"><span class='ocrx_word' id='word_1_316' title='bbox 282 4016 410 4064; x_wconf 83' lang='lat' dir='ltr'>admodum</span> <span class='ocrx_word' id='word_1_317' title='bbox 438 4015 502 4063; x_wconf 88' lang='lat' dir='ltr'>enim</span> <span class='ocrx_word' id='word_1_318' title='bbox 533 4031 593 4064; x_wconf 85' lang='lat' dir='ltr'>vers.</span> <span class='ocrx_word' id='word_1_319' title='bbox 624 4025 703 4066; x_wconf 87' lang='lat' dir='ltr'>antec.</span> <span class='ocrx_word' id='word_1_320' title='bbox 731 4017 841 4066; x_wconf 81' lang='lat' dir='ltr'>barbiton</span> <span class='ocrx_word' id='word_1_321' title='bbox 873 4018 1066 4083; x_wconf 84' lang='lat' dir='ltr'>quandocunque</span> <span class='ocrx_word' id='word_1_322' title='bbox 1081 4027 1113 4074; x_wconf 86' lang='lat' dir='ltr'>te,</span> <span class='ocrx_word' id='word_1_323' title='bbox 1130 4026 1158 4065; x_wconf 93' lang='lat' dir='ltr'>ut</span> <span class='ocrx_word' id='word_1_324' title='bbox 1172 4017 1249 4073; x_wconf 87' lang='lat' dir='ltr'>decet,</span> <span class='ocrx_word' id='word_1_325' title='bbox 1265 4023 1367 4062; x_wconf 87' lang='lat' dir='ltr'>tractare</span> <span class='ocrx_word' id='word_1_326' title='bbox 1383 4014 1436 4061; x_wconf 91' lang='lat' dir='ltr'>aui·</span> 
     </span>
     <span class='ocr_line' id='line_1_41' title="bbox 282 4078 1435 4146; baseline -0.001 -20"><span class='ocrx_word' id='word_1_327' title='bbox 282 4097 372 4128; x_wconf 81' lang='lat' dir='ltr'>carmen</span> <span class='ocrx_word' id='word_1_328' title='bbox 383 4081 457 4127; x_wconf 79' lang='lat' dir='ltr'>dicere</span> <span class='ocrx_word' id='word_1_329' title='bbox 471 4079 578 4136; x_wconf 83' lang='lat' dir='ltr'>Horatio,</span> <span class='ocrx_word' id='word_1_330' title='bbox 590 4079 624 4128; x_wconf 88' lang='lat' dir='ltr'>ita</span> <span class='ocrx_word' id='word_1_331' title='bbox 638 4081 696 4129; x_wconf 91' lang='lat' dir='ltr'>olim</span> <span class='ocrx_word' id='word_1_332' title='bbox 708 4082 749 4131; x_wconf 86' lang='lat' dir='ltr'>ille</span> <span class='ocrx_word' id='word_1_333' title='bbox 760 4085 840 4130; x_wconf 83' lang='lat' dir='ltr'>moda·</span> <span class='ocrx_word' id='word_1_334' title='bbox 872 4099 926 4132; x_wconf 90' lang='lat' dir='ltr'>mus</span> <span class='ocrx_word' id='word_1_335' title='bbox 951 4091 997 4131; x_wconf 85' lang='lat' dir='ltr'>est.</span> <span class='ocrx_word' id='word_1_336' title='bbox 1031 4084 1126 4144; x_wconf 80' lang='lat' dir='ltr'>Canqae</span> <span class='ocrx_word' id='word_1_337' title='bbox 1153 4097 1204 4146; x_wconf 89' lang='lat' dir='ltr'>pro,</span> <span class='ocrx_word' id='word_1_338' title='bbox 1230 4078 1435 4145; x_wconf 86' lang='lat' dir='ltr'>quandocunque.</span> 
     </span>
     <span class='ocr_line' id='line_1_42' title="bbox 282 4143 1436 4213; baseline -0.003 -23"><span class='ocrx_word' id='word_1_339' title='bbox 282 4147 398 4192; x_wconf 72' lang='lat' dir='ltr'>interesse</span> <span class='ocrx_word' id='word_1_340' title='bbox 411 4148 513 4192; x_wconf 80' lang='lat' dir='ltr'>carmina</span> <span class='ocrx_word' id='word_1_341' title='bbox 527 4143 615 4192; x_wconf 89' lang='lat' dir='ltr'>dicitur</span> <span class='ocrx_word' id='word_1_342' title='bbox 626 4149 671 4194; x_wconf 84' lang='lat' dir='ltr'>cini</span> <span class='ocrx_word' id='word_1_343' title='bbox 682 4147 769 4202; x_wconf 74' lang='lat' dir='ltr'>Lesbio,</span> <span class='ocrx_word' id='word_1_344' title='bbox 780 4146 806 4195; x_wconf 85' lang='lat' dir='ltr'>h.</span> <span class='ocrx_word' id='word_1_345' title='bbox 817 4163 840 4196; x_wconf 90' lang='lat' dir='ltr'>e.</span> <span class='ocrx_word' id='word_1_346' title='bbox 872 4148 947 4202; x_wconf 82' lang='lat' dir='ltr'>Soloe,</span> <span class='ocrx_word' id='word_1_347' title='bbox 979 4148 1040 4213; x_wconf 79' lang='grc' dir='ltr'><strong>αἶρε,</strong></span> <span class='ocrx_word' id='word_1_348' title='bbox 1052 4161 1099 4193; x_wconf 86' lang='lat' dir='ltr'>vox</span> <span class='ocrx_word' id='word_1_349' title='bbox 1114 4145 1229 4194; x_wconf 87' lang='lat' dir='ltr'>solemnis</span> <span class='ocrx_word' id='word_1_350' title='bbox 1244 4153 1293 4192; x_wconf 82' lang='lat' dir='ltr'>tarn</span> <span class='ocrx_word' id='word_1_351' title='bbox 1312 4143 1337 4189; x_wconf 93' lang='lat' dir='ltr'>in</span> <span class='ocrx_word' id='word_1_352' title='bbox 1352 4143 1436 4207; x_wconf 86' lang='lat' dir='ltr'>appel-</span> 
     </span>
     <span class='ocr_line' id='line_1_43' title="bbox 282 4166 1435 4281; baseline -0.001 -25"><span class='ocrx_word' id='word_1_353' title='bbox 282 4207 375 4256; x_wconf 83' lang='lat' dir='ltr'>Alcaeo.</span> <span class='ocrx_word' id='word_1_354' title='bbox 400 4207 520 4281; x_wconf 70' lang='lat' dir='ltr'>Qatferor</span> <span class='ocrx_word' id='word_1_355' title='bbox 531 4209 596 4266; x_wconf 80' lang='lat' dir='ltr'>bello,</span> <span class='ocrx_word' id='word_1_356' title='bbox 608 4217 665 4258; x_wconf 88' lang='lat' dir='ltr'>cett.</span> <span class='ocrx_word' id='word_1_357' title='bbox 681 4226 779 4258; x_wconf 84' lang='lat' dir='ltr'>sensus:</span> <span class='ocrx_word' id='word_1_358' title='bbox 798 4211 840 4275; x_wconf 92' lang='lat' dir='ltr'>qni</span> <span class='ocrx_word' id='word_1_359' title='bbox 872 4211 951 4259; x_wconf 86' lang='lat' dir='ltr'>landis</span> <span class='ocrx_word' id='word_1_360' title='bbox 960 4166 1009 4259; x_wconf 75' lang='lat' dir='ltr'>iliis</span> <span class='ocrx_word' id='word_1_361' title='bbox 1020 4210 1213 4274; x_wconf 88' lang='lat' dir='ltr'>hominibusque,</span> <span class='ocrx_word' id='word_1_362' title='bbox 1225 4223 1288 4280; x_wconf 70' lang='lat' dir='ltr'>quos</span> <span class='ocrx_word' id='word_1_363' title='bbox 1298 4204 1367 4253; x_wconf 87' lang='lat' dir='ltr'>nobis</span> <span class='ocrx_word' id='word_1_364' title='bbox 1379 4221 1435 4269; x_wconf 88' lang='lat' dir='ltr'>pro·</span> 
     </span>
     <span class='ocr_line' id='line_1_44' title="bbox 283 4271 1436 4350; baseline -0.003 -31"><span class='ocrx_word' id='word_1_365' title='bbox 283 4272 391 4336; x_wconf 83' lang='lat' dir='ltr'>quamvis</span> <span class='ocrx_word' id='word_1_366' title='bbox 409 4272 476 4320; x_wconf 77' lang='lat' dir='ltr'>sortis</span> <span class='ocrx_word' id='word_1_367' title='bbox 494 4271 571 4328; x_wconf 88' lang='lat' dir='ltr'>miles,</span> <span class='ocrx_word' id='word_1_368' title='bbox 588 4281 668 4322; x_wconf 85' lang='lat' dir='ltr'>tamen</span> <span class='ocrx_word' id='word_1_369' title='bbox 683 4273 745 4324; x_wconf 77' lang='lat' dir='ltr'>inter</span> <span class='ocrx_word' id='word_1_370' title='bbox 761 4275 841 4339; x_wconf 91' lang='lat' dir='ltr'>ipsum</span> <span class='ocrx_word' id='word_1_371' title='bbox 873 4276 943 4350; x_wconf 86' lang='lat' dir='ltr'>pitios</span> <span class='ocrx_word' id='word_1_372' title='bbox 954 4283 1027 4340; x_wconf 89' lang='lat' dir='ltr'>atque</span> <span class='ocrx_word' id='word_1_373' title='bbox 1034 4274 1162 4324; x_wconf 86' lang='lat' dir='ltr'>benevolos</span> <span class='ocrx_word' id='word_1_374' title='bbox 1173 4289 1224 4322; x_wconf 87' lang='lat' dir='ltr'>esse</span> <span class='ocrx_word' id='word_1_375' title='bbox 1234 4285 1354 4336; x_wconf 78' lang='lat' dir='ltr'>cupimus,</span> <span class='ocrx_word' id='word_1_376' title='bbox 1361 4285 1436 4333; x_wconf 85' lang='lat' dir='ltr'>qnam</span> 
     </span>
     <span class='ocr_line' id='line_1_45' title="bbox 282 4334 1436 4403; baseline 0 -21"><span class='ocrx_word' id='word_1_377' title='bbox 282 4351 400 4384; x_wconf 89' lang='lat' dir='ltr'>armorum</span> <span class='ocrx_word' id='word_1_378' title='bbox 412 4334 543 4400; x_wconf 84' lang='lat' dir='ltr'>strepitum,</span> <span class='ocrx_word' id='word_1_379' title='bbox 554 4336 592 4384; x_wconf 81' lang='lat' dir='ltr'>rel</span> <span class='ocrx_word' id='word_1_380' title='bbox 604 4345 658 4402; x_wconf 89' lang='lat' dir='ltr'>post</span> <span class='ocrx_word' id='word_1_381' title='bbox 668 4347 804 4403; x_wconf 86' lang='lat' dir='ltr'>superatum</span> <span class='ocrx_word' id='word_1_382' title='bbox 815 4339 841 4387; x_wconf 92' lang='lat' dir='ltr'>in</span> <span class='ocrx_word' id='word_1_383' title='bbox 873 4356 898 4387; x_wconf 89' lang='grc' dir='ltr'>ιιι</span> <span class='ocrx_word' id='word_1_384' title='bbox 913 4339 967 4387; x_wconf 84' lang='lat' dir='ltr'>aliis</span> <span class='ocrx_word' id='word_1_385' title='bbox 983 4342 1062 4398; x_wconf 81' lang='lat' dir='ltr'>rebus,</span> <span class='ocrx_word' id='word_1_386' title='bbox 1074 4354 1135 4402; x_wconf 86' lang='lat' dir='ltr'>quas</span> <span class='ocrx_word' id='word_1_387' title='bbox 1150 4336 1219 4385; x_wconf 91' lang='lat' dir='ltr'>nobis</span> <span class='ocrx_word' id='word_1_388' title='bbox 1231 4335 1377 4401; x_wconf 83' lang='lat' dir='ltr'>gratissimas</span> <span class='ocrx_word' id='word_1_389' title='bbox 1392 4334 1436 4399; x_wconf 84' lang='lat' dir='ltr'>ju·</span> 
     </span>
     <span class='ocr_line' id='line_1_46' title="bbox 282 4400 1382 4469; baseline 0.003 -24"><span class='ocrx_word' id='word_1_390' title='bbox 282 4401 340 4446; x_wconf 87' lang='lat' dir='ltr'>mari</span> <span class='ocrx_word' id='word_1_391' title='bbox 354 4400 501 4465; x_wconf 84' lang='lat' dir='ltr'>tempestatis</span> <span class='ocrx_word' id='word_1_392' title='bbox 515 4400 656 4464; x_wconf 88' lang='lat' dir='ltr'>periculum,</span> <span class='ocrx_word' id='word_1_393' title='bbox 668 4403 724 4450; x_wconf 87' lang='lat' dir='ltr'>navi</span> <span class='ocrx_word' id='word_1_394' title='bbox 738 4403 769 4450; x_wconf 90' lang='lat' dir='ltr'>ad</span> <span class='ocrx_word' id='word_1_395' title='bbox 782 4403 842 4451; x_wconf 89' lang='lat' dir='ltr'>litus</span> <span class='ocrx_word' id='word_1_396' title='bbox 873 4403 1079 4469; x_wconf 85' lang='lat' dir='ltr'>candissimasque</span> <span class='ocrx_word' id='word_1_397' title='bbox 1092 4401 1199 4452; x_wconf 87' lang='lat' dir='ltr'>accidere</span> <span class='ocrx_word' id='word_1_398' title='bbox 1210 4400 1382 4464; x_wconf 85' lang='lat' dir='ltr'>significamus.</span> 
     </span>
     <span class='ocr_line' id='line_1_47' title="bbox 282 4464 841 4527; baseline 0.009 -18"><span class='ocrx_word' id='word_1_399' title='bbox 282 4464 406 4527; x_wconf 87' lang='lat' dir='ltr'>appulsus,</span> <span class='ocrx_word' id='word_1_400' title='bbox 424 4464 462 4514; x_wconf 84' lang='lat' dir='ltr'>vel</span> <span class='ocrx_word' id='word_1_401' title='bbox 482 4464 615 4521; x_wconf 86' lang='lat' dir='ltr'>Bacchum,</span> <span class='ocrx_word' id='word_1_402' title='bbox 633 4466 669 4515; x_wconf 89' lang='lat' dir='ltr'>vel</span> <span class='ocrx_word' id='word_1_403' title='bbox 689 4467 783 4524; x_wconf 88' lang='lat' dir='ltr'>Musas,</span> <span class='ocrx_word' id='word_1_404' title='bbox 802 4467 841 4516; x_wconf 89' lang='lat' dir='ltr'>vel</span> 
     </span>
    </p>
   </div>
   <div class='ocr_carea' id='block_1_7' title="bbox 0 0 1580 5200">
    <p class='ocr_par' dir='ltr' id='par_1_8' title="bbox 0 0 1580 5200">
     <span class='ocr_line' id='line_1_48' title="bbox 0 0 1580 5200; baseline 0 2"><span class='ocrx_word' id='word_1_405' title='bbox 0 0 1580 5200; x_wconf 95' lang='lat' dir='ltr'> </span> 
     </span>
    </p>
   </div>
  </div>
 </body>
</html>
