3150 5200
267 342 333 406 280
735 335 957 401 EPODON

353 490 432 554 Neu
446 510 602 554 conversa
616 487 748 552 domum
761 488 874 571 pigeat
888 487 967 550 dare
981 484 1092 562 lintea,
1107 484 1241 566 quando

355 585 358 592 ’
398 591 509 655 Padus
526 590 654 654 Matina
666 589 781 653 laverit
796 589 974 663 cacumina,

355 691 394 755 In
408 714 495 756 mare
512 714 571 756 scu
584 690 690 756 celsus
705 690 906 773 procurrerit
919 685 1127 770 Apenninus,

290 792 334 856 30
398 793 560 876 Novaque
575 801 719 855 monstra
729 789 877 874 junxerit
891 787 1026 852 libidine

355 893 463 958 Mirus
478 915 579 970 amor,
589 893 683 976 juvet
698 899 735 954 ut
748 892 851 974 tigres
866 888 1036 953 subsidere
1051 887 1167 963 cervis,

397 992 615 1058 Adulteratur
629 1002 663 1057 et
678 991 829 1056 columba
841 990 959 1067 miluo,

355 1093 498 1158 Credula
512 1116 571 1158 nec
584 1115 678 1157 ravos
694 1093 828 1156 timeant
842 1082 988 1154 armenta
1000 1089 1130 1165 leones,

397 1193 560 1278 Ametque
576 1193 660 1258 salsa
674 1192 763 1256 laevis
778 1192 889 1256 hircus
904 1211 1047 1274 aequora.

291 1294 335 1356 35
356 1293 450 1374 Haec,
464 1307 498 1360 et
512 1319 585 1380 quae
600 1303 755 1379 poterunt
768 1293 894 1357 reditus
909 1291 1102 1356 abscindere
1116 1287 1239 1366 dulces,

401 1396 525 1461 Eamus
541 1397 643 1460 omnis
658 1406 828 1459 exsecrata
842 1395 967 1469 civitas,

357 1496 428 1560 Aut
442 1520 519 1581 pars
534 1495 666 1561 indocili
680 1494 793 1558 melior
807 1516 925 1578 grege3
948 1492 1053 1556 mollis
1067 1501 1101 1554 ct
1114 1511 1234 1573 exspes

398 1596 580 1662 Inominata
593 1597 771 1680 perprimat
785 1594 915 1659 cubilia.

358 1696 442 1774 Vos,
456 1700 575 1781 quibus
591 1709 642 1762 est
656 1698 770 1772 virtus,
786 1695 977 1760 muliebrem
992 1692 1095 1758 tollite
1109 1691 1243 1767 luctum,

292 1795 336 1859 40
401 1797 544 1863 Etrusca
557 1809 678 1882 praeter
692 1808 726 1861 et
741 1795 846 1860 volate
861 1796 968 1860 litora.

270 1928 416 1986 emerserint,
434 1937 485 1979 tum
505 1931 531 1979 ia
549 1932 649 1995 patriam
667 1929 741 1979 redire
759 1929 829 1978 nobis
862 1929 939 1986 triam,
951 1944 1015 1994 qua,
1025 1936 1053 1976 ut
1069 1925 1171 1976 Ovidius
1180 1942 1212 1975 er
1225 1927 1298 1974 Poat.
1311 1925 1330 1983 i,
1347 1927 1372 1984 ³,
1388 1928 1422 1975 35

272 1991 343 2040 liceat
359 2001 382 2040 et
399 1993 435 2041 ias
452 1994 492 2042 sit.
531 1997 579 2043 Pro
592 1994 647 2043 ferri
656 2009 829 2057 massa,quam
862 1993 976 2057 loquitur,
1004 1994 1125 2040 daucum
1151 1993 1251 2053 quadum
1276 2007 1317 2037 rus
1345 2000 1423 2051 captu

272 2055 369 2128 l'bocasi
380 2056 550 2130 jusjurandum
567 2066 705 2124 peragentes
724 2057 749 2105 ia
765 2073 829 2106 mara
862 2064 935 2104 tenet
963 2057 1096 2112 Επιεταεα,
1105 2053 1262 2118 jurejarando
1275 2063 1300 2102 et
1310 2067 1418 2101 exsecra·

271 2119 383 2182 rejecisse
400 2120 521 2178 dicuntur,
539 2121 653 2170 Horatius
668 2138 721 2170 sara
772 2120 829 2168 suit.
861 2120 936 2178 tione,
954 2135 981 2170 se
1005 2133 1128 2181 uunquam
1150 2117 1278 2167 redituram
1296 2132 1357 2172 esse,
1376 2117 1419 2164 ob·

271 2181 360 2230 leuata
380 2187 496 2241 renarint,
522 2193 604 2234 ornate
623 2193 648 2234 et
669 2184 732 2248 signi
748 2193 831 2232 canter
861 2183 952 2232 stricta.
991 2183 1079 2238 Mollis,
1115 2197 1147 2228 ne
1165 2181 1267 2229 mollitia
1283 2189 1309 2229 et
1326 2179 1421 2242 ignavia

271 2260 322 2308 pro,
343 2245 370 2293 ia
389 2247 464 2296 altum
486 2248 661 2304 resurrexerint,
684 2248 829 2296 emerserint.
862 2246 974 2294 maritimi
990 2245 1082 2294 itineris
1096 2199 1302 2307 iaborestugieas.
1329 2245 1421 2305 supa,

272 2307 385 2358 Ceterum
400 2311 599 2374 quemadmodum
610 2311 725 2360 Horatius
741 2311 766 2358 in
777 2327 829 2360 car·
863 2311 983 2374 abjectum
994 2309 1101 2357 animum
1113 2308 1145 2356 ad
1156 2307 1259 2357 melioris
1273 2307 1343 2356 sortis
1355 2322 1421 2370 spem

272 2371 337 2420 mine
358 2373 506 2436 precedente
529 2392 552 2424 v.
574 2377 590 2424 6
612 2392 666 2439 sqq.
688 2375 830 2439 particulam
862 2373 928 2422 haud
944 2373 1063 2421 attollens.
1096 2372 1227 2419 inominata
1237 2376 1365 2434 perpe-iam
1380 2387 1421 2417 ca-

271 2450 356 2496 semprr
368 2452 409 2500 per
425 2452 526 2501 resque
544 2447 628 2487 natura
645 2453 690 2486 sua
705 2438 750 2486 sibi
767 2454 828 2487 sem·
861 2439 928 2493 bilia,
940 2438 1041 2501 graviter
1057 2452 1107 2500 pro,
1125 2434 1275 2500 inauspicato
1290 2435 1355 2483 domi
1371 2447 1421 2482 ma-

272 2512 314 2560 per
323 2507 441 2555 constant,
450 2500 483 2548 ita
492 2517 554 2550 nunc
563 2500 705 2566 particulam
714 2519 831 2565 nunquam
864 2509 929 2550 neat.

272 2575 314 2633 per
334 2575 371 2611 rea
393 2578 446 2673 qua
467 2571 551 2613 natura
571 2579 615 2613 sua
632 2565 681 2613 fieri
700 2574 831 2630 nequeunt,
896 2563 1003 2615 39-54.
1021 2563 1158 2613 Muliebrem
1173 2563 1248 2611 tollite
1264 2562 1362 2617 luctum,
1378 2576 1421 2610 ao·

271 2638 322 2672 srva
341 2640 383 2689 per
414 2624 520 2685 δύνατα,
540 2628 739 2693 circumscripsit;
756 2645 832 2692 quan·
865 2629 907 2677 lite
929 2629 974 2676 sab
994 2626 1102 2676 discessu
1123 2642 1152 2675 cx
1178 2627 1257 2692 patria
1278 2624 1422 2674 muliebriter

272 2702 418 2761 quamleum
435 2689 507 2739 iniis
524 2691 676 2739 cumulandis
693 2692 832 2757 Juveailiter
864 2690 1051 2745 lamentari,sed
1066 2690 1110 2739 viri
1126 2700 1210 2740 estote.
1243 2688 1366 2738 Orationis
1381 2706 1421 2737 co·

273 2748 404 2803 luxunasse
424 2752 520 2803 dixeris.
559 2755 716 2818 Neupigeut‚
736 2762 832 2804 ettam
864 2755 947 2810 larem,
975 2756 1112 2804 observante
1135 2752 1333 2807 Mitscberliehio,
1354 2751 1422 2802 duxit

272 2812 375 2923 placeat.
416 2816 527 2866 Conversa
554 2820 626 2866 lintea
652 2822 742 2866 domum
766 2821 831 2875 dure,
865 2820 979 2867 Horatius
998 2833 1029 2867 ex
1050 2816 1194 2866 Archilocho
1214 2816 1255 2880 (in
1272 2817 1339 2864 Stob.
1359 2816 1423 2865 Flor.

283 2880 525 2953 ‘omumlrenavigara
546 2883 633 2939 Padru,
646 2881 760 2931 citerioris
770 2883 831 2931 Gal·
865 2884 936 2932 Grot.
947 2901 975 2963 p.
993 2884 1064 2947 513),
1083 2884 1158 2941 τλῆτε
1172 2881 1316 2946 γυναικεῖον
1333 2878 1424 2939 sistier

273 2938 311 2989 lna
324 2942 416 3002 durrus,
430 2944 523 2994 Mutina
540 2948 622 2995 laverit
637 2949 765 3004 cortamina,
779 2962 832 2994 ruu-
864 2948 1033 3011 ἀπωσαμενοι.
1062 2946 1254 3006 Etruscopraeter
1269 2944 1377 2992 cruciate
1391 2945 1423 2992 u·-

272 3011 322 3054 tato
338 3022 410 3057 cursu
428 3009 526 3066 Matini,
546 3008 664 3059 Calabria
682 3010 779 3065 montis,
795 3010 831 3058 al·
864 3020 923 3066 toro,
935 3010 1006 3059 celeri
1022 3026 1094 3058 cursu
1108 3008 1330 3073 mareTyrrheuum
1345 3014 1423 3057 traus-

273 3066 345 3118 luerit
359 3079 383 3121 et
396 3088 424 3119 su
456 3074 540 3123 raverit
549 3074 683 3123 cacumina.
712 3074 765 3129 Seu,
781 3072 832 3122 sive
864 3073 927 3123 vecti
948 3074 1071 3122 Oceanum
1093 3088 1176 3120 versus
1195 3071 1319 3135 navigate:
1347 3072 1425 3119 oclars

272 3134 377 3195 quando.
438 3141 560 3197 penninas,
579 3154 647 3186 mons
666 3138 738 3199 longo
755 3144 832 3185 tractu
863 3135 894 3185 de
913 3136 984 3185 celeri
1003 3152 1083 3193 cursa,
1108 3152 1163 3199 sup.
1187 3136 1269 3183 Cana.
1286 3134 1319 3188 iv,
1337 3136 1363 3189 5,
1384 3136 1423 3192 19,

271 3210 313 3259 per
330 3198 426 3247 Italiam
442 3209 572 3264 porrectus.
606 3204 675 3249 Amor
694 3204 775 3257 minu,
794 3200 831 3249 ia·
865 3199 979 3248 Pacatum
995 3202 1093 3249 volitant
1106 3216 1223 3261 prrrnars
1233 3200 1330 3246 aurite:
1347 3196 1422 3245 ct'.ad

272 3260 377 3331 auditus.
410 3264 516 3311 Monstro
525 3267 635 3326 junxerit
651 3280 708 3311 rroaa
727 3266 831 3320 libidine,
865 3263 1038 3320 Caruilius.
1065 3264 1112 3310 Nos
1121 3270 1197 3311 mouet
1210 3263 1313 3309 Occurras
1322 3263 1422 3310 circun-

271 3319 371 3395 dryersra
395 3334 485 3373 natura
507 3326 628 3380 animalia,
652 3341 713 3373 novo
739 3326 768 3373 iis
790 3342 832 3391 per
863 3329 953 3391 augus!
972 3344 1038 3374 arua.
1071 3324 1286 3380 Mitscberlicbius,
1305 3323 1348 3388 qui
1366 3342 1424 3373 aras

271 3387 414 3459 miraculum
425 3388 546 3450 quoddam
563 3389 652 3452 injecto
663 3388 787 3445 instinctu,
800 3390 831 3437 ad
862 3405 917 3437 cum
933 3394 1094 3453 circumvagos
1107 3388 1197 3453 jungit,
1212 3388 1277 3436 hanc
1294 3388 1375 3435 locum
1390 3387 1424 3436 ita

271 3454 359 3519 certum
382 3450 554 3500 stimulaverit:
580 3462 617 3507 ut,
637 3451 679 3508 ita,
700 3458 740 3499 ut:
767 3470 830 3501 moa·
862 3454 980 3503 exlicat:
1000 3460 1077 3518 “qua
1090 3468 1148 3501 arva
1162 3452 1245 3508 ambit,
1262 3452 1369 3515 adeoque
1386 3450 1423 3499 iu-

271 3518 320 3556 stro
334 3526 385 3573 Jam
398 3512 512 3585 dicuntur
523 3514 645 3571 animalia,
658 3530 713 3578 quar
724 3515 830 3581 prodigio
862 3470 930 3565 sulas
948 3518 974 3565 in
990 3518 1090 3565 Oceano
1109 3517 1176 3572 sitas,
1196 3532 1238 3579 pro
1258 3514 1360 3579 vulgari,
1380 3530 1424 3563 nos

271 3572 374 3635 quodam
392 3576 464 3623 airam
483 3586 590 3627 naturam
608 3578 718 3626 induunt.
751 3579 830 3627 Subsi-
863 3589 961 3629 manent
978 3595 1035 3628 arva
1052 3582 1151 3630 Oceano
1169 3578 1336 3627 circumflua.”
1359 3578 1424 3626 Mihi

270 3638 331 3693 dus,
343 3652 369 3710 se
380 3639 528 3699 submittere,
541 3642 628 3706 subjici
639 3640 754 3691 maribus.
781 3644 830 3691 Lu·
862 3642 958 3705 quidem
969 3643 1058 3693 locutio
1069 3648 1229 3707 mrcumragas
1239 3660 1305 3699 arua,
1318 3657 1369 3707 pro.
1380 3657 1420 3690 ra·

271 3706 330 3746 crat.
346 3716 379 3757 ιν,
393 3703 465 3760 1191,
483 3704 530 3753 Nec
548 3710 640 3754 ratione
654 3708 703 3753 ulia
719 3707 831 3764 volucres,
862 3722 908 3769 gua
926 3708 1016 3755 circam
1035 3722 1100 3762 arva,
1120 3706 1248 3754 durissima
1266 3706 1374 3765 videtur,
1396 3715 1424 3754 ut

269 3773 373 3837 armentu
381 3764 495 3873 peraque,
509 3768 540 3815 Et
556 3771 651 3829 pecudes
666 3779 688 3816 et
705 3784 764 3832 squoe
780 3787 828 3817 mu-
863 3769 924 3817 nihil
943 3770 1031 3828 dicam,
1051 3778 1100 3819 tam
1120 3770 1170 3817 vim
1192 3768 1337 3834 repetitionis
1358 3771 1424 3817 beatu

269 3826 333 3873 rrbru
352 3843 380 3875 su
394 3830 467 3879 acm
483 3842 580 3893 possent.
620 3834 773 3881 Adulteratur
791 3852 828 3882 co-
861 3850 930 3890 araa,
951 3849 1024 3898 quam
1047 3834 1161 3882 orationis
1187 3833 1325 3899 gravitatem
1351 3840 1423 3905 atque

270 3888 347 3937 lambo
364 3894 449 3940 miluo:
475 3896 515 3944 Cl.
528 3894 628 3944 Mitsclr.
639 3904 760 3961 comparat
777 3897 828 3945 Lu·
862 3912 950 3945 nexum
967 3898 1051 3961 perire,
1070 3898 1091 3945 si
1109 3915 1165 3945 oran
1184 3896 1259 3961 priore
1276 3897 1330 3944 loco
1345 3904 1424 3960 posrta

269 3952 333 4000 cian.
350 3971 394 4002 aa.
408 3956 466 4015 xxii,
485 3960 508 4014 l,
528 3958 619 4024 τράγος
634 3959 742 4024 μοιχεύει
759 3962 828 4071 calpa
862 3959 893 4007 ad
910 3964 1069 4024 circumvagas
1089 3962 1212 4009 reseratur.
1242 3962 1302 4025 Sap.
1314 3960 1333 4015 i,
1344 3960 1385 4013 ³4,
1397 3961 1422 4014 9,

271 4016 381 4074 Credula,
392 4017 422 4093 de
433 4020 558 4097 securitate
574 4038 618 4071 sua
628 4038 749 4097 persuasa.
802 4043 828 4071 a·
860 4024 959 4080 tianius
981 4025 1027 4072 sim
1045 4024 1121 4072 liciter
1143 4023 1257 4072 dicamur
1278 4041 1355 4086 rago5
1380 4038 1424 4071 car

269 4096 320 4191 pqq:
330 4082 557 4198 cqrqqlchpit,2r⁷avrs³
571 4086 647 4198 ocqps
665 4087 827 4199 uqulentos;
861 4102 989 4199 aonqsque
1004 4042 1095 4135 adrem
1109 4089 1212 4198 (imffim
1225 4084 1423 4198 ⁵lm⁹¹i⁰ffli⁰i

356 4178 362 4191 ·
515 4186 521 4206 ,
560 4186 566 4198 .
625 4167 687 4198 rrcus
749 4168 776 4207 ss,
916 4168 925 4197 1
1123 4188 1128 4198 .
1216 4184 1223 4197 .

270 4204 336 4255 hirco
354 4208 425 4282 piscis
442 4182 517 4260 iristar
534 4213 600 4261 levis
617 4214 709 4262 factus:
730 4168 828 4279 dompeal
860 4166 1142 4278 pppqmqirznpqgeum
1153 4222 1177 4263 et
1190 4160 1291 4262 idsuldie.
1318 4164 1422 4261 Sleasffi

269 4272 472 4343 rantllrcbrloch.
485 4276 555 4334 xvi‚7
568 4292 621 4343 sqq.
635 4277 828 4327 AnthelGnec.
861 4286 927 4325 trans
948 4280 1074 4327 Oceanum
1098 4278 1286 4340 circumvagam,
1310 4276 1352 4340 qui
1381 4292 1424 4324 nos

270 4332 299 4380 T·
313 4350 329 4390 1,
342 4351 367 4399 P·
379 4338 420 4385 44·
860 4350 942 4391 manet
958 4342 1112 4407 superandus,
1125 4350 1235 4406 petamus
1249 4356 1314 4395 arva,
1326 4349 1352 4388 et
1368 4338 1422 4403 qui-

301 4398 407 4449 35-38.
428 4402 573 4460 Absciudere,
589 4404 736 4479 abrumpere,
754 4404 827 4454 inter·
861 4404 915 4453 dem
936 4406 1006 4453 beata
1025 4420 1081 4452 arva
1100 4413 1125 4452 et
1143 4405 1228 4452 divites
1247 4404 1347 4453 insulas.
1383 4402 1423 4451 Sic

270 4458 375 4510 cludere.
410 4464 507 4514 Raditur
526 4470 611 4525 dulces,
632 4468 721 4517 reditus
741 4470 766 4518 in
785 4484 828 4533 pa·
862 4468 910 4517 iere
929 4468 992 4533 apud
1011 4470 1081 4532 Virg.
1102 4470 1163 4516 AEn.
1182 4468 1221 4526 vii,
1239 4468 1296 4525 225,
1319 4468 1424 4515 Oceanus
