3150 5200
574 354 739 418 LIBER
763 354 808 431 11,
832 356 863 417 7.

582 690 761 758 SATIRA
784 692 863 758 Vll.

234 913 430 977 dsuuuuun
446 912 606 990 ausculto,
622 923 656 977 et
670 914 806 997 cupiens
822 914 882 977 tibi
897 914 1007 978 dicere
1023 938 1135 981 servus

235 1014 357 1093 Pauca,
374 1012 559 1079 reformido.
607 1014 786 1079 Davusne?
825 1014 887 1079 Its.
934 1015 1061 1095 Davus,
1078 1019 1214 1084 anucum

236 1118 439 1201 Mancipium
455 1117 596 1193 domino,
613 1128 647 1181 et
661 1116 760 1201 frugi,
776 1116 866 1200 quod
882 1118 925 1180 sit
940 1118 1036 1197 satis3
1058 1119 1122 1184 hoc
1137 1130 1198 1199 est,

234 1218 282 1282 Ut
297 1218 393 1283 vitale
409 1230 516 1303 putes.
562 1216 650 1302 Age,
665 1218 816 1282 libertate
832 1217 1020 1296 Decembri,

180 1320 202 1381 5
235 1320 379 1393 Quando
393 1322 440 1384 ita
453 1320 591 1403 majores
606 1320 789 1396 voluerunt,
806 1331 916 1384 utere:
940 1342 1046 1385 narra.

173 1478 174 1488 ,
235 1421 318 1486 Pars
332 1421 498 1486 hominum
514 1422 599 1485 vitiis
615 1422 738 1504 gaudet
753 1430 951 1497 constanter,
967 1434 1001 1486 et
1016 1434 1112 1507 urget

236 1523 464 1608 Propositum:
488 1545 565 1607 pars
580 1522 682 1586 multa
696 1532 799 1599 natat,
813 1523 911 1587 modo
926 1535 1016 1587 recta
1030 1546 1216 1609 capessens,

235 1625 404 1690 Interdum
420 1627 528 1710 pravis
544 1627 696 1689 obnoxia.
743 1624 839 1709 Saepe
854 1635 987 1688 notatus

237 1727 321 1790 Cum
336 1729 440 1791 tribus
455 1726 602 1804 annellis,
619 1728 716 1791 modo
730 1726 812 1791 laeva
827 1725 960 1791 Priscus
975 1728 1073 1791 inani.

174 1829 214 1891 10
235 1828 329 1893 Vixit
345 1828 525 1913 inaequalis,
544 1828 669 1894 clavum
684 1839 720 1892 ut
735 1839 876 1893 mutaret
890 1829 923 1890 in
938 1829 1055 1906 horas3

236 1930 382 2001 AEdibus
396 1954 439 1995 ex
452 1932 577 2014 magnis
594 1932 702 1994 subito
719 1953 754 1994 se
768 1930 936 2007 conderet,
952 1931 1040 1995 unde

238 2031 396 2097 Mundior
411 2035 517 2097 exiret
531 2034 585 2096 vix
600 2032 771 2097 libertinus
786 2034 941 2096 honeste:

236 2132 313 2196 Jam
327 2135 475 2200 moechus
490 2134 618 2211 Romae,
628 2135 697 2219 jam
711 2134 820 2200 mallet
835 2135 951 2199 doctor
965 2131 1107 2197 Athenis

328 2283 458 2333 SATIRA
478 2286 541 2335 vlt.
746 2288 862 2336 tamum
878 2297 900 2335 et
920 2289 1049 2334 titmonm
1063 2288 1164 2342 dicendi,
1175 2306 1224 2351 quc
1241 2292 1305 2343 ociis,

187 2347 281 2403 Davus,
308 2362 399 2404 servus,
427 2365 499 2424 quem
527 2348 652 2405 Horatius,
674 2366 715 2415 pro
745 2354 802 2415 quio
820 2352 983 2399 Saturnalibus
1004 2351 1098 2397 libertos
1113 2354 1182 2399 semis
1199 2359 1305 2402 ωπαάι-

151 2410 263 2461 libertate
273 2409 311 2460 die
322 2412 485 2461 Saturnalium
503 2414 577 2462 servis
592 2429 714 2470 concessa,
747 2418 825 2473 latur,
844 2424 958 2462 stomun
978 2416 1162 2477 exequebantur,
1182 2426 1210 2464 ut
1229 2422 1307 2467 nauti

153 2474 225 2551 paulo
236 2475 351 2550 audacius
362 2490 445 2525 secum
462 2478 599 2553 loquentem
611 2476 713 2553 inducit,
745 2482 820 2535 aurei,
829 2496 873 2541 quo
883 2480 999 2527 Saturnus
1009 2480 1125 2543 regnavit,
1135 2492 1191 2531 eust
1198 2484 1306 2531 imitatio.

150 2540 715 2672 niittitttttiitiittillt
747 2542 1306 2673 ituttttttttttttinitttti:

151 2669 202 2734 pini
210 2669 344 2734 philosophi
349 2669 478 2734 janitorem
488 2685 569 2722 mum
580 2670 712 2720 communi·
744 2675 789 2727 nis,
802 2689 856 2719 nom
866 2682 888 2720 et
899 2674 965 2720 liberi
977 2688 1004 2719 er
1013 2674 1084 2719 mnis
1091 2683 1114 2720 et
1122 2677 1181 2721 servi
1191 2691 1217 2721 er
1230 2676 1306 2725 ittera

150 2748 219 2782 casse
233 2733 275 2790 ait,
287 2733 312 2782 in
327 2733 372 2782 hac
388 2734 466 2783 Satira
477 2751 506 2784 ex
539 2735 664 2791 nit,simnl
682 2751 713 2784 ue
737 2737 813 2798 fiunt.

151 2795 280 2910 itprhemm
299 2797 401 2862 ejusque
420 2798 478 2848 vitia
511 2799 599 2848 iberius
620 2752 711 2848 invdi-
776 2803 802 2875 ⁶:
833 2800 976 2854 contantes,
1005 2798 1089 2848 eadem
1116 2815 1209 2866 semper
1236 2802 1307 2868 perti-

192 2896 198 2910 .
745 2879 824 2913 nacta.

187 2926 259 2972 1-4.
276 2924 420 2973 erdudum
430 2929 543 2984 ausculto,
555 2935 612 2976 cett.
637 2927 713 2992 Pinge
777 2928 801 2976 ⁷.
821 2927 973 2989 Propositum,
991 2942 1040 2975 rem
1060 2928 1134 2977 semel
1152 2929 1306 2993 propositam,

152 2987 195 3036 tibi
208 2989 334 3037 Horatium
347 2989 378 3038 ad
393 3005 527 3039 sevocasse
538 3005 713 3039 servumsnum
743 2991 803 3040 licet
813 2991 971 3039 inhonestam.
1007 2990 1219 3046 Notat,hucilluc
1231 2993 1307 3056 agita·

152 3053 265 3102 Davum:
285 3052 353 3102 audit
369 3053 464 3113 Davus,
479 3055 632 3119 respondens,
645 3055 713 3104 Jam·
745 3064 793 3111 tur,
805 3055 913 3108 fluctuat,
925 3053 1048 3102 mutabilis
1063 3062 1114 3102 est:
1134 3056 1188 3105 Cic.
1202 3056 1233 3104 de
1248 3057 1307 3106 Nat.

151 3116 244 3166 dudum
256 3133 325 3166 auras
343 3117 372 3166 ad
385 3134 465 3168 rocem
476 3118 567 3167 domini
578 3133 713 3168 mevocart·
747 3119 780 3166 D.
798 3117 934 3175 iii,14,la
952 3134 996 3181 quo
1014 3129 1041 3165 tu
1059 3120 1115 3166 miii
1135 3123 1208 3184 magis
1227 3130 1309 3168 notare

152 3179 184 3229 tis
195 3180 287 3244 arrigo;
305 3198 359 3230 nam
374 3182 445 3246 cupio
476 3197 536 3230 auca
548 3184 598 3248 (sc.
609 3183 714 3232 rectioris
746 3185 807 3230 oisrrs
816 3199 847 3232 es.

152 3245 209 3294 vita
221 3245 353 3358 precepta)
368 3245 412 3294 tibi
428 3199 520 3304 redae,
533 3247 583 3304 sed,
611 3247 653 3294 uia
665 3262 714 3296 ser-
779 3249 804 3302 B,
817 3249 842 3295 9.
860 3245 968 3301 Notatur,
981 3261 1016 3295 se.
1027 3253 1079 3304 est;
1096 3245 1163 3311 posui
1175 3245 1246 3311 igitur
1256 3255 1310 3311 post

151 3321 197 3358 rus
215 3309 296 3366 suuni
330 3310 407 3359 iacere
423 3310 556 3359 reformido.
616 3325 714 3366 avusne,
747 3313 814 3358 inrui
833 3309 1010 3358 distinctionem
1028 3310 1160 3375 majorem
1177 3326 1232 3358 nam
1251 3313 1310 3360 visit

152 3388 235 3422 servus
249 3375 487 3439 maus,pauca1nihi
503 3374 582 3423 dicere
593 3375 715 3423 minuturi
747 3377 868 3438 torquatis
885 3373 916 3422 sd
933 3375 1059 3438 sequentia
1077 3383 1169 3423 tantum
1187 3375 1311 3424 reserenda

153 3439 217 3486 Sane
235 3453 279 3502 ego
298 3439 392 3495 Davus,
409 3455 491 3488 servus
508 3447 582 3500 tuus;
598 3455 653 3486 nam
670 3453 716 3502 ego
748 3439 867 3488 videntur.
903 3438 999 3501 Junge:
1023 3439 1118 3487 Priscus
1135 3439 1222 3502 (sepe)
1240 3439 1311 3488 modo

154 3501 278 3550 dominum
295 3518 374 3550 meum
394 3519 457 3559 amo,
475 3509 507 3560 et,
523 3510 638 3568 quantum
659 3503 717 3550 satis
749 3504 762 3566 (
764 3504 872 3565 matus)
882 3503 1018 3550 observatus
1025 3510 1051 3551 et
1060 3511 1203 3568 conspectus
1211 3511 1249 3552 est
1258 3521 1311 3552 cum

152 3575 199 3624 est,
215 3567 284 3616 bonu
300 3566 375 3629 frugis
391 3583 473 3616 servus
490 3583 553 3623 sum,
570 3567 603 3615 ita
620 3565 716 3642 quidem
749 3570 824 3616 tribus
840 3567 948 3621 saucilis,
960 3569 1024 3615 trodo
1040 3569 1113 3630 (lova
1129 3568 1212 3628 inani)
1228 3568 1270 3624 ita,
1283 3575 1311 3615 ut

155 3631 200 3694 (ut
218 3631 289 3678 utute
305 3633 396 3693 putes),
416 3639 443 3680 ut
462 3631 556 3682 credere
574 3647 661 3696 possis,
679 3646 718 3680 me
750 3645 828 3679 vacua
846 3629 918 3695 plane
934 3638 959 3677 et
974 3629 1054 3678 inanis
1070 3639 1132 3679 esset
1148 3631 1208 3678 leva
1225 3646 1311 3679 manus

154 3709 204 3742 non
212 3693 338 3743 antediem
348 3696 486 3744 moriturum
494 3711 554 3744 esse.
565 3696 645 3759 (Ante
653 3693 717 3742 diem
750 3695 862 3753 annulis;
879 3693 1038 3758 provulgari,
1056 3695 1154 3744 Priscus
1173 3694 1243 3743 modo
1264 3704 1312 3744 tres

154 3758 221 3807 enirn
242 3759 302 3806 mori
320 3760 467 3824 putabantur
485 3776 499 3808 o
516 3758 568 3807 timi
586 3759 675 3824 quique
693 3767 718 3806 et
751 3759 862 3813 annulos,
873 3757 945 3805 modo
959 3759 1053 3806 nullum
1067 3759 1129 3806 loeva
1143 3774 1216 3806 manu
1232 3773 1312 3822 gerere

156 3821 363 3886 prestantissimi:
393 3821 465 3872 Ovid.
513 3839 547 3872 m.
570 3823 597 3879 ii,
624 3825 648 3880 6,
675 3824 716 3878 ³9,
750 3822 850 3870 solebat.
884 3822 1000 3869 Devario
1018 3822 1081 3887 apud
1094 3822 1218 3872 Romam
1234 3837 1312 3870 annu-

158 3887 250 3946 Optimo
261 3887 398 3952 primofere
408 3889 513 3936 monibus
524 3891 651 3950 rapiuntur
661 3904 717 3934 ovo·
750 3886 829 3934 lorum
844 3901 890 3933 usu
904 3883 952 3932 vid.
966 3885 1126 3934 Kirohmanu.
1141 3884 1171 3934 da
1183 3884 1276 3934 Annul.
1288 3894 1314 3934 et

154 3953 197 4000 ris.
229 3952 318 4001 Jocosa
333 3952 406 4016 igitur
417 3952 534 4001 modestia
544 3951 630 3999 Davus
641 3951 719 3998 bonus
751 3966 806 4014 quae
818 3950 866 3997 huo
877 3957 995 4015 spectant,
1007 3964 1061 4014 cap.
1075 3950 1105 3998 15
1116 3964 1171 4014 sqq.

156 4022 249 4063 tantum
266 4030 416 4073 servus,non
433 4017 546 4081 optimus,
560 4015 633 4064 videri
646 4015 719 4077 vult).
786 4015 891 4063 10-12.
917 4013 979 4060 Vna
1000 4015 1129 4075 torquatis,
1149 4019 1206 4062 cett.
1243 4011 1313 4060 Idem

156 4078 197 4126 Sic
209 4077 268 4126 mihi
278 4078 304 4128 in
314 4079 388 4146 hujus
399 4081 478 4128 satirae
489 4079 613 4146 principio,
624 4078 654 4127 de
670 4094 718 4143 quo
750 4077 797 4126 init
812 4079 883 4126 homo
900 4085 949 4125 tarn
964 4076 1023 4125 varii
1040 4076 1138 4140 ingenii,
1154 4084 1181 4125 ut
1199 4075 1224 4123 in
1242 4075 1314 4124 horas

156 4156 172 4189 a
193 4141 313 4200 Bentleio,
335 4143 377 4207 qui
400 4145 464 4192 nanc
490 4159 545 4192 cum
587 4142 719 4192 recedente
750 4143 821 4191 modo
830 4141 911 4190 tunica
923 4141 1052 4198 laticlavia,
1061 4140 1132 4189 modo
1141 4138 1316 4203 angusticlavia

156 4205 230 4255 satira
240 4205 265 4254 in
277 4221 350 4256 unam
361 4207 528 4270 conglutinare
539 4161 642 4264 volebat,
654 4215 678 4256 et
689 4207 719 4255 ab
752 4207 863 4272 prodiret,
874 4205 944 4253 modo
961 4221 990 4253 ex
1004 4204 1097 4268 magnis
1108 4204 1201 4253 adibus
1212 4207 1250 4266 (ss
1260 4221 1313 4252 cort-

156 4269 212 4319 aliis
228 4269 504 4337 interpretibusmultum
516 4271 663 4384 disputatum
675 4279 719 4326 est,
753 4270 833 4332 deret)
853 4285 879 4318 se
902 4269 1016 4334 reciperet
1032 4278 1057 4318 et
1075 4269 1172 4318 abderet
1189 4267 1269 4379 parvis
1290 4276 1316 4317 et

156 4333 413 4384 omniabenesibiras
446 4335 553 4385 uderevi
570 4343 647 4385 entur.
753 4333 922 4383 humilioribus
940 4333 1040 4391 aedibus,
1057 4333 1172 4382 underix
1199 4332 1314 4380 rbertrnus

189 4401 252 4455 4‚⁵.
270 4399 388 4447 Libertate
426 4402 627 4454 scenici—utere,
644 4407 719 4454 utere,
752 4399 826 4473 paulo
840 4398 926 4447 cultior
940 4398 1051 4448 decenter
1067 4397 1149 4448 exiret.
1183 4397 1315 4459 inaequalis,

157 4479 213 4574 pun
223 4462 297 4512 servis
306 4479 388 4512 mense
397 4464 720 4520 Decembrisuumatibus,
753 4471 905 4512 inconstans:
924 4478 977 4528 sup.
993 4465 1044 4511 Sat.
1063 4461 1080 4518 i,
1095 4463 1120 4517 3,
1129 4463 1155 4520 9,
1171 4461 1215 4509 Nil
1230 4462 1316 4524 quola

175 4527 209 4575 ari
225 4527 294 4582 solet,
307 4527 431 4577 libertate:
450 4528 533 4576 Sahal.
551 4529 618 4586 Aer„
632 4529 722 4576 Habeas
754 4527 900 4592 hominisuit
911 4529 957 4574 illi.

716 4607 754 4638 ne
