3150 5200
300 340 561 408 PRAEFATIO
585 339 839 406 EDITIONIS
862 341 1117 410 SECUNDAE.
1222 347 1287 411 xvii

135 531 195 596 sed
219 551 328 615 operae
350 531 494 615 pretium
515 527 622 594 facere
646 527 808 594 videntur.
861 527 940 595 Huc
962 531 1102 608 accedit,
1125 533 1216 616 quod
1236 535 1290 618 ju·

134 671 245 726 venes,
267 649 323 731 qui
347 647 567 712 commentarii
591 645 728 731 alicujus
748 669 811 711 usu
825 669 879 712 res
893 649 928 712 in
941 648 1083 735 publicis
1099 651 1217 715 scholis
1231 652 1290 715 im·

4 844 15 862 ι
133 768 296 834 bibendas
315 766 384 851 jam
407 774 661 850 praegustarunt,
676 763 777 828 multo
799 763 925 830 facilius
947 789 987 832 ea
1004 766 1079 852 (jure
1093 791 1113 832 a
1126 770 1289 853 magistris

134 887 306 961 docentur,
321 883 536 958 illustrantur,
552 884 743 966 probantur,
760 882 995 966 improbantur,
1008 895 1041 950 et
1056 909 1099 950 ex
1112 887 1290 952 reconditae

133 1004 293 1070 doctrinae
319 1002 473 1066 thesauro
500 1001 746 1085 depromuntur,
770 1023 899 1085 capere,
923 1003 1115 1088 intelligere,
1141 1015 1176 1069 et
1204 1027 1290 1070 com-

133 1121 235 1207 plecti
256 1131 394 1205 possunt
417 1117 655 1184 animo-Nec
679 1129 785 1184 tamen
808 1141 872 1204 ego
892 1121 1053 1187 tironibus
1071 1131 1208 1200 tantum,
1230 1122 1290 1188 sed

135 1241 233 1304 etiam
246 1236 318 1301 aliis
327 1235 459 1301 Horatii
475 1234 652 1300 lectoribus
669 1237 796 1320 scripsi,
806 1259 880 1320 quae
890 1237 942 1302 vel
955 1239 999 1302 ad
1013 1240 1219 1324 impeditiora
1233 1261 1290 1304 ex·

128 1355 310 1445 ,pediendsn
335 1353 386 1418 vel
409 1353 452 1416 ad
479 1355 710 1418 sententiarum
737 1355 818 1419 scite
844 1356 928 1421 inter
955 1378 990 1421 se
1016 1358 1290 1424 conciliandamm

134 1496 257 1540 nexum
271 1471 569 1547 demonstrandum,
586 1471 637 1536 vel
651 1472 693 1535 ad
709 1481 817 1556 poetae
830 1472 967 1538 virtutes
981 1485 1016 1538 et
1030 1498 1165 1541 veneres
1179 1478 1291 1541 obser-

134 1593 260 1657 vandas
282 1600 316 1654 ct
339 1588 445 1654 animo
463 1588 703 1673 percipiendas,
719 1588 770 1654 vel
791 1590 833 1654 ad
849 1592 1021 1656 verborum
1036 1594 1290 1679 significationes

135 1719 225 1775 recte
252 1708 459 1793 accipiendas
490 1717 684 1792 spectarent.
742 1706 902 1773 Horatius
932 1711 1017 1774 enim
1045 1721 1097 1776 est
1122 1723 1221 1797 poeta
1249 1713 1289 1789 is,

135 1850 234 1913 quem
248 1827 319 1902 viri,
334 1826 391 1909 qui
411 1826 453 1890 ob
475 1847 527 1889 res
546 1827 707 1911 gerendas
728 1827 779 1892 vel
794 1829 837 1891 ob
852 1828 958 1894 officia
972 1842 1006 1895 et
1019 1831 1152 1916 negotia
1166 1830 1229 1894 sibi
1242 1831 1291 1892 in·

130 1949 248 2032 juncta
277 1967 342 2010 non
369 1945 507 2030 amplius
536 1967 650 2010 vacare
679 1957 819 2030 possunt
848 1948 1062 2032 scriptoribus
1096 1971 1179 2032 quos
1214 1947 1291 2012 oiim

135 2065 298 2149 legerunt,
328 2064 465 2148 abjectis
496 2065 611 2128 ceteris
647 2065 809 2141 omnibus,
840 2074 994 2148 tanquam
1017 2067 1291 2150 jucundissimum

4 2207 22 2243 r
137 2182 213 2245 vitae
237 2203 304 2246 suae
328 2181 477 2246 comitem
499 2181 651 2258 retinent,
667 2203 742 2246 eum
761 2181 795 2244 in
811 2182 885 2244 sinu
898 2191 1039 2265 gestant,
1056 2204 1130 2246 cum
1143 2205 1195 2260 eo,
1210 2207 1291 2268 quo·

134 2300 328 2383 tiescunque
361 2298 484 2382 aliquid
514 2300 572 2364 otii
594 2309 760 2384 suppetat,
784 2297 984 2364 familiariter
1006 2311 1187 2378 versantur,
1217 2324 1291 2368 cum

136 2417 253 2482 eodem
268 2417 477 2481 rusticantur.
523 2415 677 2480 Fortasse
692 2417 793 2502 igitur
806 2417 859 2481 his
883 2439 1013 2501 quoque
1034 2417 1124 2482 haud
1138 2421 1239 2484 noxia
1257 2431 1292 2485 et

128 2535 319 2622 peruiciosa
341 2535 403 2600 erit
426 2534 497 2600 haec
520 2557 541 2599 a
563 2535 665 2600 mein
686 2534 853 2621 publicum
872 2537 990 2600 emissa
1015 2535 1147 2602 Horatii
1170 2539 1290 2617 editio;

135 2675 198 2719 nec
222 2654 294 2718 talis
316 2654 465 2739 profecto
488 2656 558 2718 visa
580 2664 631 2718 est
653 2654 833 2730 Britannis,
854 2654 910 2737 qui
929 2675 1001 2717 eam
1021 2653 1110 2718 haud
1125 2656 1291 2740 indignam

135 2782 345 2849 censuerunt,
361 2794 435 2856 quae
449 2771 625 2835 invidenda
638 2770 890 2856 magnificentia,
906 2772 993 2856 typis
1009 2772 1290 2857 splendidissimis,

134 2902 171 2956 et
194 2891 229 2955 in
250 2890 365 2954 charta
388 2890 591 2968 nitidissima,
612 2889 796 2973 etquidem
810 2912 875 2954 uno
890 2900 989 2967 tomo,
1005 2890 1173 2956 commode
1188 2901 1292 2955 totum
1356 2879 1364 2888 ⁵

135 3010 312 3075 Horatium
335 3029 409 3072 cum
431 3006 542 3071 Indice
566 3008 763 3083 continente,
780 3006 923 3071 Londini
947 3019 1151 3092 repeteretur
1170 3019 1204 3073 et
1217 3007 1292 3072 Bri·

135 3140 311 3194 tannorum
325 3126 473 3190 manibus
488 3135 659 3190 tereretur.

182 3246 357 3312 Variarum
389 3245 564 3310 lectionum
600 3244 795 3329 farraginem
831 3244 972 3329 adjicere
1009 3245 1108 3323 nolui,
1145 3246 1222 3329 quia
1257 3245 1291 3307 in

134 3364 266 3430 edendo
289 3363 441 3440 Horatio,
465 3373 503 3427 ut
524 3365 593 3448 jam
618 3363 652 3426 in
675 3364 780 3447 prima
802 3362 993 3447 praefatione
1015 3362 1183 3448 professus
1208 3386 1289 3441 sum,

135 3483 297 3548 rationem
321 3481 467 3565 inprimis
493 3480 595 3545 habui
621 3480 772 3558 tironum,
800 3503 938 3564 quorum
960 3481 1014 3546 vix
1040 3504 1125 3545 unus
1150 3492 1184 3546 et
1209 3481 1291 3547 alter

134 3602 243 3665 varias
257 3600 413 3666 lectiones
429 3600 601 3685 inspicere,
617 3600 738 3663 nedum
756 3600 792 3663 in
808 3599 849 3663 iis
865 3598 1084 3683 dijudicandis
1099 3610 1133 3665 et
1148 3600 1291 3685 deligen-

138 3720 191 3784 dis
205 3721 353 3785 exerceri
368 3718 460 3784 solet.

182 3840 283 3913 Quod
298 3839 342 3903 ad
357 3838 502 3903 indicem
516 3837 702 3929 Verborum
721 3848 755 3902 et
774 3836 952 3901 Nominum
968 3838 1094 3914 attinet,
1110 3860 1184 3902 cum
1198 3838 1292 3903 intel-

134 3959 301 4034 lexissem,
322 3978 428 4041 neque
452 3967 575 4021 certum
599 3955 745 4020 ordinem
775 3956 809 4019 in
838 3978 877 4020 co
908 3956 1087 4039 digerendo
1118 3966 1290 4031 servatum,

135 4098 245 4161 neque
267 4077 302 4140 in
323 4097 398 4139 eum
416 4074 605 4159 recipienda
623 4084 756 4159 recepta
781 4095 866 4150 esse,
890 4094 1009 4136 novum
1030 4071 1126 4154 plane
1148 4070 1293 4136 Indicem

136 4196 270 4260 duobus
290 4193 466 4279 juvenibus
482 4192 617 4258 AEmilio
641 4192 788 4256 Braunio
809 4201 843 4255 et
861 4188 953 4253 Frid.
974 4188 1065 4253 Guil.
1083 4188 1222 4273 Regelio
1237 4188 1292 4271 (de

135 4334 277 4397 quorum
290 4310 400 4388 laude,
416 4322 481 4375 tam
496 4312 648 4397 egregiis,
663 4332 746 4395 quos
761 4310 796 4372 in
808 4309 967 4373 bonarum
980 4306 1160 4372 litterarum
1175 4308 1292 4373 studiis

135 4429 298 4509 fecerunt,
327 4430 569 4515 progressibus,
599 4452 697 4513 quam
728 4427 877 4493 honestis
906 4436 941 4491 et
968 4426 1165 4511 incorruptis
1194 4427 1290 4512 plane
