3150 5200
743 336 967 402 EPODON

400 489 420 550 5
453 489 551 565 Nem,
567 489 673 572 qualis
688 499 744 552 aut
761 487 940 564 Molossus,
956 497 1013 550 sut
1027 485 1135 550 fulvus
1151 487 1276 565 Lacon,

580 590 697 654 Amice
711 591 759 652 vis
774 591 974 674 pastoribus,

450 691 557 776 Agant
573 715 631 777 per
646 693 728 756 altas
744 714 822 756 aure
839 691 967 756 sublata
980 693 1084 768 nives,

580 795 795 877 Quaecunque
810 794 977 878 praecedet
990 792 1071 857 fera.

452 893 518 972 Tu,
534 917 634 978 quum
649 896 792 960 timendo
806 917 885 959 voce
900 895 1069 978 complesti
1084 917 1213 970 nemus,
1272 951 1276 958 .

392 996 432 1058 10
583 997 770 1081 Projectum
786 996 933 1060 odoraris
949 996 1068 1060 cibum.

454 1096 553 1176 Cave,
568 1101 666 1163 cave!
690 1119 829 1181 namque
844 1099 877 1160 in
892 1097 994 1162 malos
1007 1098 1206 1181 asperrimus

582 1199 703 1262 Parata
717 1200 795 1264 tollo
811 1223 951 1276 cornuc;

453 1298 570 1371 Qualis
587 1300 762 1384 Lycumbae
777 1312 906 1385 spretus
920 1301 1022 1364 infido
1039 1323 1151 1384 gener,

582 1402 653 1466 Aut
668 1426 742 1468 acer
756 1403 860 1466 hostis
876 1402 1016 1486 Bupalo.

394 1501 432 1563 15
455 1501 520 1579 An,
536 1505 562 1566 si
579 1506 651 1588 quis
666 1515 737 1570 atro
753 1505 851 1569 dente
865 1527 916 1568 me
931 1505 1094 1588 petiverit,
1134 1495 1137 1500 ’

584 1605 711 1670 Inultus
727 1617 763 1669 ut
778 1605 865 1670 flebo
880 1609 983 1689 puerl

706 1861 913 1927 CARMEN
938 1861 1017 1926 Vll.

586 2059 642 2106 AD
674 2057 872 2106 POPULUM
905 2059 1051 2107 ltOlllAN
1063 2058 1137 2106 ult.

462 2219 551 2296 Quo,
568 2241 632 2302 quo
650 2219 776 2283 scelesti
792 2219 897 2294 ruitis,
914 2229 971 2282 eut
985 2241 1044 2283 cur
1059 2218 1207 2283 dexteris

589 2319 756 2405 Aptantur
771 2342 866 2384 enses
881 2321 1024 2384 conditil
1080 2361 1083 2367 ‚

289 2453 386 2524 primore
406 2459 520 2524 possunt¹
547 2451 589 2499 Cl.
606 2451 707 2500 Mitscb.
725 2461 848 2519 comparat
878 2451 936 2526 puis
952 2468 1028 2517 proece
1045 2462 1070 2501 ta
1087 2451 1280 2502 estimantibus:
1296 2449 1439 2516 cl.sup.sd

289 2515 387 2563 Prndsr.
413 2515 485 2578 Pyth.
506 2531 532 2570 n,
557 2516 613 2562 154.
656 2517 738 2566 luoucs
763 2521 845 2572 miuus,
878 2531 906 2572 n,
918 2519 942 2573 5,
958 2520 984 2566 9.
1018 2470 1102 2572 dioclis
1122 2517 1241 2581 Lycumhae
1258 2526 1350 2577 spretus
1366 2518 1439 2578 infido

289 2579 372 2642 quales
384 2586 526 2628 sunteonlm
538 2581 682 2644 canum,qni
693 2590 781 2631 terrent
792 2592 845 2631 tan-
875 2598 956 2692 gpuer,
969 2583 1018 2630 Aut
1033 2600 1085 2630 oser
1095 2584 1163 2629 hostis
1179 2581 1283 2645 Bupalo:
1300 2580 1398 2643 qualem
1412 2595 1439 2629 ss

289 2652 340 2691 turn
355 2643 470 2697 latrando,
483 2658 531 2690 non
546 2651 633 2690 nocent
649 2645 786 2695 mordendo.
820 2648 846 2695 Si
915 2648 1006 2694 cambe
1021 2646 1122 2711 prebuit
1140 2645 1309 2699 Archilochus,
1326 2660 1383 2693 cum
1398 2644 1440 2693 illc

287 2716 357 2769 potes,
369 2723 404 2755 sc.
417 2706 502 2755 bocim
534 2716 595 2753 trare
606 2708 636 2755 ab
648 2708 744 2772 ignavie
754 2719 802 2758 tua.
905 2710 951 2757 iarn
971 2726 1040 2757 suam
1058 2712 1110 2775 jam
1131 2709 1278 2758 Archilocho
1295 2708 1440 2773 desponsam

322 2774 365 2818 5-
375 2772 412 2818 10.
428 2773 476 2843 Alit
489 2722 609 2825 lllsilossus,
617 2773 747 2843 cursolone
756 2775 846 2823 Lacon:
878 2776 1035 2823 concessisset
1055 2774 1106 2830 elii,
1124 2783 1167 2824 eut
1188 2773 1267 2839 qualis
1287 2773 1347 2821 iram
1370 2788 1441 2820 susm

289 2850 362 2882 canes
375 2834 489 2899 Epirotici
503 2843 528 2881 et
539 2836 649 2899 Spartam
660 2837 732 2900 paulo
745 2838 846 2886 robusti·
877 2837 963 2885 effudit
972 2840 1100 2904 Hipponax
1109 2839 1134 2886 in
1144 2836 1347 2904 Bupalum,quod
1354 2836 1375 2884 is
1382 2852 1440 2885 cum

289 2913 349 2955 ores,
360 2908 408 2947 tam
419 2900 552 2964 pastoribus
563 2899 594 2947 ad
604 2914 686 2962 greges
698 2914 712 2947 u
724 2903 847 2951 noctunris
880 2901 1011 2951 Anthermc
1030 2901 1189 2969 Hipponactis
1210 2901 1347 2974 imaginem,
1366 2899 1440 2949 loedi·
1485 2912 1493 2923 ·

289 2962 382 3012 furibus
397 2972 421 3011 ct
436 2965 545 3029 luporum
562 2963 658 3011 incursu
675 2964 846 3023 defendendos,
879 2972 928 3014 tete
943 2966 1070 3031 insignem,
1080 2966 1233 3015 deridendam
1252 2965 1348 3014 circulis
1365 2980 1440 3029 expc-

290 3042 362 3089 quem
374 3028 525 3077 venatoribus
542 3027 572 3075 ad
587 3028 647 3076 lerss
661 3028 810 3094 indagandas
824 3041 849 3081 et
879 3038 971 3078 suerat:
982 3031 1225 3087 vid.Plin.xxxvi,5.
1243 3031 1351 3092 Uterque
1358 3037 1441 3077 sutem

290 3105 356 3154 perse
374 3092 464 3141 uendas
476 3092 649 3141 inserviebant:
662 3094 729 3157 Virg.
741 3096 803 3143 Geo.
812 3094 847 3153 iii,
925 3102 958 3149 ta,
980 3096 1141 3144 Archilochus
1167 3094 1265 3158 quidem
1292 3093 1441 3157 Lycamben,

291 3110 410 3211 tochos
423 3158 848 3222 tthlcurocanrrmjiteritpostremo5
907 3157 931 3222 ip
964 3175 1076 3208 nervero
1094 3158 1214 3224 Bupalum
1230 3166 1257 3206 et
1270 3158 1441 3214 Anthermum,

289 3222 328 3267 sed
345 3237 393 3267 uuo
415 3222 500 3269 l'sloces
519 3222 606 3282 Sparte
626 3223 713 3269 catulos
730 3239 848 3285 cereoque
879 3174 1012 3270 remilium
1024 3240 1121 3271 suorum
1131 3221 1259 3271 acerbitate
1269 3221 1300 3269 ad
1311 3221 1391 3270 restim
1402 3236 1441 3269 re·

292 3282 415 3333 Molossum
437 3286 506 3333 Posce
525 3300 573 3331 sero
592 3288 687 3348 pingui.
724 3286 847 3349 Nunquam
878 3285 973 3346 degisse
984 3286 1104 3336 dicuntur.
1132 3287 1237 3343 inultus,
1247 3285 1290 3348 qui
1300 3286 1331 3334 ob
1341 3285 1439 3332 infirmi-

290 3352 420 3396 custodibus
433 3351 481 3397 illis
493 3349 640 3397 Nocturnum
650 3352 747 3397 stabulis
753 3351 846 3416 furem,
879 3358 952 3398 tatem
963 3368 1031 3399 suam
1043 3367 1091 3400 nou
1101 3350 1188 3399 ulcisci
1201 3359 1278 3415 potest
1291 3350 1379 3399 laetam
1393 3348 1440 3397 sihi

290 3413 439 3476 incursusque
460 3415 727 3475 luporurrt-hcrrehi15
752 3416 795 3463 ubi
817 3415 847 3464 de
880 3414 1002 3478 injuriam.

290 3474 414 3540 utriusque
426 3477 493 3526 canis
504 3477 578 3525 forma
592 3486 616 3525 et
631 3477 710 3525 indole
724 3478 772 3541 egit
785 3480 847 3528 Vos·

250 3538 251 3543 ’
291 3538 348 3587 sius.
375 3542 518 3603 quacunque
526 3544 636 3603 procedet
639 3542 706 3606 fero,
718 3559 769 3607 pro,
778 3559 848 3607 agam
1041 3542 1195 3593 CARMEN
1214 3542 1276 3591 vn.

291 3617 468 3669 quamcunque,
480 3620 535 3668 quse
553 3605 611 3653 mihi
628 3607 753 3671 procedet,
765 3607 847 3664 leram,
913 3608 1034 3673 Scriptum
1044 3616 1081 3656 est
1093 3607 1137 3656 hoc
1149 3622 1245 3655 carmen
1255 3606 1308 3654 sine
1322 3604 1398 3654 dubio
1411 3622 1441 3654 eo

292 3666 344 3713 h.e.
352 3682 434 3717 omnes
444 3678 498 3717 ante
509 3684 547 3716 me
555 3679 677 3717 currentes
688 3671 750 3717 leras
761 3673 849 3734 urgebo
881 3680 994 3736 ternpore,
1005 3688 1063 3737 quo,
1074 3686 1140 3728 cum,
1150 3671 1214 3720 victo
1226 3670 1317 3735 Lepido
1331 3678 1357 3718 et
1367 3672 1442 3718 Sexto

291 3738 315 3778 et
329 3746 465 3795 persequar.
494 3733 623 3795 Prtp'ectum
640 3736 743 3781 odoraris
760 3738 848 3783 cibum:
881 3736 996 3800 Pompeio
1011 3736 1099 3794 occiso,
1114 3735 1191 3801 sopita
1207 3733 1356 3799 aliquamdiu
1371 3733 1442 3798 quie-

292 3793 332 3843 Cl.
343 3795 444 3843 Milscb.
457 3805 578 3860 comparat
589 3796 696 3845 Murtial.
708 3797 739 3855 iv,
751 3800 792 3854 53,
804 3802 829 3847 6.
880 3798 969 3847 sissent
987 3800 1052 3849 bells
1070 3799 1158 3856 civilia,
1176 3815 1265 3848 novum
1283 3797 1354 3856 illud,
1374 3798 1441 3861 quod

325 3859 430 3907 11-16.
446 3862 600 3923 Asperrr'mur,
617 3860 800 3909 acerbissimus:
818 3862 849 3910 cl.
882 3865 915 3913 U.
928 3865 958 3912 C.
973 3880 1069 3913 cccxxi
1089 3874 1172 3911 conus
1187 3863 1322 3912 Antonium
1340 3864 1442 3927 parabat

291 3922 335 3969 inl.
357 3922 386 3971 ad
408 3924 484 3988 Epist.
504 3925 535 3973 ud
552 3925 603 3972 Pis.
622 3942 645 3972 ν.
663 3926 720 3973 221.
760 3926 850 3975 Porctc
882 3928 1040 3983 Octavianus,
1064 3927 1164 3989 gliscere
1183 3927 1307 3993 inciperet,
1327 3936 1353 3975 et
1373 3926 1441 3989 ignes

291 3989 346 4035 tollo
361 4005 456 4043 coruus,
474 4003 528 4037 cum
545 3989 625 4046 ermis,
640 4006 693 4053 quae
712 3990 736 4038 in
754 4001 848 4055 promtu
881 3991 963 4040 doloso
979 3992 1053 4039 cineri
1069 3990 1184 4056 suppositi
1198 3991 1249 4055 jam
1264 3992 1315 4055 jem
1331 4006 1439 4056 promm-

290 4050 377 4106 hsbeo‚
389 4051 479 4100 sortiter
491 4068 632 4115 exsurgam
650 4054 762 4117 intelligit
777 4055 848 4104 nimi-
881 4071 936 4119 pere
947 4055 1091 4104 viderentur.
1124 4055 1200 4102 Poste
1215 4054 1287 4118 igitur
1302 4070 1372 4110 nors,
1385 4071 1440 4119 quse

291 4130 342 4163 rum
364 4116 464 4170 iambos,
481 4116 569 4179 quibus
586 4117 620 4165 ita
639 4133 664 4166 se
684 4134 849 4183 aggressurum
881 4119 963 4185 patrie
973 4118 1135 4175 intendantur,
1142 4118 1222 4165 animo
1232 4119 1370 4182 concipiens
1420 4119 1441 4155 '-

291 4194 343 4227 esse
354 4180 388 4227 alt
400 4178 538 4235 maledicos,
546 4180 579 4229 uti
589 4181 700 4229 cornibus
710 4183 759 4231 suis
767 4192 849 4232 taurus
881 4183 1076 4249 cula,p0pulsres
1087 4196 1144 4229 suos
1155 4197 1171 4229 s
1180 4182 1282 4230 nelsndo
1293 4182 1339 4229 isto
1349 4183 1380 4230 he
1400 4198 1441 4230 um

291 4243 337 4290 sibi
350 4244 448 4293 inlestos
463 4245 558 4308 aggredi
572 4246 641 4294 solet.
675 4247 731 4295 Non
746 4247 851 4313 persistit
881 4247 952 4297 civile
968 4246 1142 4310 redintegrandi
1158 4246 1259 4294 consilio
1273 4246 1307 4294 its
1323 4244 1443 4295 deterrere

291 4306 365 4369 igitur
374 4318 444 4373 poete
460 4308 484 4355 in
499 4309 613 4371 allegoria
628 4325 641 4357 a
656 4311 756 4359 canibus
767 4312 848 4368 ducto,
882 4312 969 4368 studet,
986 4321 1013 4360 ut
1030 4312 1134 4377 primum
1150 4310 1216 4357 mala
1234 4320 1259 4358 et
1272 4311 1368 4366 damna,
1385 4326 1442 4373 quse

290 4370 332 4419 sed
345 4388 405 4420 nova
415 4372 517 4437 imagine
529 4389 554 4422 se
565 4373 695 4422 timendum
704 4376 763 4424 lacit
774 4377 847 4425 male-
881 4376 945 4424 bella
953 4376 1034 4424 civilia
1043 4376 1094 4440 jam
1104 4375 1236 4430 intrrlerint,
1248 4374 1277 4423 iis
1290 4383 1346 4423 ante
1357 4374 1442 4423 oculos

290 4434 366 4497 dicis5
384 4454 438 4502 quae
450 4438 546 4501 quidem
565 4437 694 4501 imaginum
710 4440 811 4488 mutatio
824 4450 848 4489 et
881 4452 968 4505 ponat;
984 4440 1079 4496 deinde,
1088 4455 1162 4504 quern
1176 4454 1255 4487 caecus
1270 4439 1314 4487 iste
1325 4439 1390 4487 luror
1400 4438 1441 4494 sit,

289 4498 413 4549 diversitas
424 4502 549 4568 displicere
562 4502 659 4550 omnino
669 4502 740 4553 debet
754 4520 803 4553 reru
818 4506 848 4554 ad
880 4520 929 4568 quo
943 4521 968 4554 se
985 4520 1034 4553 non
1048 4516 1131 4553 contra
1143 4503 1233 4552 hostem
1248 4502 1353 4567 aliquem
1363 4511 1442 4552 exter-
