3150 5200
526 405 530 408 .
556 356 723 424 LIBER
745 358 791 438 11,
814 363 845 425 8.

205 503 350 584 Tollem;
373 526 434 568 nec
447 515 586 572 metuam
601 509 680 592 quid
696 511 738 574 de
752 532 804 575 me
813 510 941 596 judicet
954 511 1071 593 hoeres,

207 606 308 680 Quod
323 628 388 670 non
403 605 497 690 plura
511 609 596 674 detis
610 612 784 691 invenerit3
808 623 842 677 et
855 623 964 680 tamen
976 617 1065 681 idem

205 707 297 772 Scire
310 708 425 786 volam,
439 721 596 792 quantum
610 713 748 798 simplex
761 713 939 799 hilarisque
952 718 1065 802 nepoti

206 809 393 895 Discrepet,
410 821 444 874 et
458 823 615 894 quantum
629 814 796 880 discordet
809 838 929 900 parcus
943 840 1051 883 avaro.

121 911 183 974 195
205 911 319 976 Distat
333 912 428 988 enim,
446 935 581 998 spargas
595 924 652 978 tua
665 917 836 1001 prodigus,
851 939 893 980 an
908 941 1014 1003 neque
1029 929 1169 985 sumtum

204 1012 329 1078 lnvitus
344 1013 456 1091 faciae,
472 1037 578 1099 neque
593 1017 688 1101 plura
702 1040 820 1102 parare
833 1019 981 1097 leboree3

203 1113 256 1181 Ac
271 1117 392 1200 potius,
408 1138 492 1201 puer
506 1127 543 1182 ut
558 1116 650 1182 festis
665 1120 917 1203 quinquatribus
932 1121 1020 1199 olim,

204 1215 338 1301 Exiguo
352 1228 512 1303 gratoque
527 1218 645 1283 fruaris
661 1229 807 1305 tempore
823 1223 952 1306 raptim.

204 1315 395 1402 Pauperiee‚
410 1320 575 1384 immunde
589 1320 717 1398 domus,
732 1323 847 1405 procul
862 1324 965 1386 absit:
987 1345 1062 1408 ego,
1077 1332 1187 1389 utrum

114 1416 181 1480 200
202 1417 296 1485 Nave
311 1420 397 1486 ferar
411 1443 527 1507 magne
540 1444 583 1485 an
597 1443 707 1506 parva,
723 1421 811 1488 ferar
826 1446 909 1488 unus
924 1433 959 1487 et
972 1423 1069 1490 idem.

202 1519 281 1586 Non
296 1523 421 1607 agimur
436 1524 567 1588 tumidis
582 1522 661 1588 velis
676 1521 841 1607 Aquilone
858 1525 1021 1603 secund03

201 1621 282 1686 Non
296 1632 402 1688 tamen
418 1624 562 1689 adversis
578 1635 707 1689 aeiatem
722 1625 871 1690 ducimus
886 1624 1018 1690 Austris
1031 1653 1040 1704 3

113 1822 194 1880 malit,
215 1839 289 1890 quam
311 1825 429 1891 possidere
454 1827 554 1894 pinguia
574 1829 676 1880 Herodis
707 1830 811 1879 mortalis
821 1832 847 1878 iss
857 1832 1033 1895 unumquodque
1042 1840 1122 1894 caput,
1133 1831 1159 1880 h.
1171 1845 1194 1881 e.
1205 1847 1268 1880 mor·

114 1888 228 1952 palmeta.
266 1890 345 1954 Ungi:
358 1892 496 1956 unguentis,
508 1901 535 1942 ut
545 1894 603 1943 aeds
616 1909 674 1944 eon·
706 1894 761 1942 talis
780 1902 826 1951 est,
845 1909 902 1942 cum
921 1910 1074 1960 unoquoque,
1092 1911 1163 1960 quem
1178 1895 1204 1944 in
1219 1896 1270 1946 vita

113 1959 171 2028 stat,
182 1953 257 2004 nitere
267 1955 376 2004 solebant
384 1957 540 2021 elegantiores
552 1966 576 2007 et
586 1972 673 2008 renus·
707 1957 834 2007 comitatus
847 1967 892 2014 est,
910 1959 972 2008 sedit
989 1975 1018 2008 oo
1032 1958 1096 2008 uude
1112 1959 1198 2008 missus
1213 1968 1268 2009 ests

113 2025 195 2066 nores.
330 2025 339 2038 ⁸
706 2023 731 2077 4,
752 2023 885 2079 Mutabilis,
903 2025 969 2071 sibus
986 2034 1008 2072 st
1026 2031 1085 2079 ater,
1101 2022 1175 2072 iratus
1194 2033 1232 2074 est
1246 2024 1269 2070 si

151 2082 206 2132 184.
223 2082 322 2131 Herodis
329 2085 434 2146 palmetis
448 2087 584 2158 pinguibus.
616 2085 674 2133 Pai-
708 2085 779 2135 homo
790 2087 991 2152 repugnationis
1006 2086 1027 2135 si
1041 2086 1112 2135 homo
1121 2102 1148 2136 se
1161 2089 1211 2152 regi
1224 2103 1268 2154 pa·

113 2157 183 2204 nuta,
209 2145 263 2195 loca
283 2146 369 2211 palmis
391 2155 483 2196 consus
504 2151 546 2210 (nt
566 2158 674 2212 myrteto,
707 2148 773 2198 titur.

110 2211 242 2272 querceto),
252 2226 306 2284 quse
317 2211 433 2266 Herodes,
442 2227 483 2260 rex
494 2212 509 2260 J
513 2211 597 2268 udum.
606 2211 632 2260 in
638 2229 675 2262 m·
742 2215 798 2263 190.
818 2214 888 2271 Utar,
899 2213 972 2268 fruar,
983 2227 1018 2260 sc.
1029 2213 1147 2277 quesitis.

112 2273 184 2336 gione
192 2273 223 2322 ad
235 2273 415 2323 Hierichuntem
425 2274 536 2332 habebat,
546 2276 577 2325 ad
587 2277 674 2341 pretio·
742 2279 798 2326 191.
816 2277 865 2325 Noc
874 2287 982 2333 murm,
996 2291 1040 2324 uec
1050 2278 1147 2326 curabo.

112 2336 220 2386 sissimaa
240 2338 494 2402 praestantissimaeque
516 2339 676 2404 posessione
741 2342 878 2390 tet-194.
903 2341 956 2388 Non
972 2341 1045 2401 pluro
1060 2342 1137 2389 dotis:
1158 2339 1266 2396 telmon

112 2400 265 2465 pertinuisse,
274 2417 302 2450 ox
314 2402 359 2451 hoe
371 2402 423 2468 ipso
435 2402 514 2451 locoe
530 2412 604 2468 paret.
627 2403 674 2452 Di·
707 2405 777 2469 plum
793 2404 824 2452 iis
838 2419 893 2478 quse
907 2402 967 2452 milti
982 2404 1047 2460 date,
1060 2419 1105 2452 nec
1120 2420 1184 2454 eme
1195 2413 1266 2453 ancta

112 2471 202 2512 cuntur
216 2468 324 2540 pinquis,
340 2467 379 2514 vel
395 2467 426 2515 ob
441 2417 597 2530 opobalsami,
626 2467 675 2518 uod
706 2468 915 2542 sunt(plunmam
931 2470 1122 2530 bonorumque
1132 2468 1268 2532 possidebat

112 2543 202 2590 magno
214 2539 288 2594 pretio
298 2528 452 2587 vendebatur,
465 2529 559 2596 copiam
569 2549 577 2592 ;
589 2483 627 2580 viel
644 2533 675 2580 ob
707 2532 830 2589 Horatius,
848 2540 938 2596 partem
955 2534 1048 2579 dedsrm
1064 2533 1196 2588 Maecenas,
1214 2547 1268 2598 sup.

114 2591 245 2658 pinguiae
274 2592 279 2604 ’
300 2593 526 2652 iucunditatemut
543 2598 604 2645 insti
619 2600 674 2657 pin·
707 2594 785 2661 Epod.
799 2599 822 2653 l,
837 2598 866 2644 at
885 2598 946 2645 Satis
959 2612 1070 2658 superque
1086 2613 1121 2644 me
1139 2600 1269 2659 benignitus

109 2672 170 2719 gsses
191 2672 238 2722 apa
275 2657 343 2721 Virg.
363 2660 426 2709 Geo.
448 2658 481 2714 iv.
505 2660 561 2716 118,
579 2664 676 2725 pinguis
707 2668 750 2707 tuo
767 2660 894 2721 Ditooit);
922 2659 1030 2716 velcon
1049 2660 1119 2725 plura
1135 2660 1165 2709 iis
1179 2676 1269 2724 quiea

115 2722 231 2783 Phrygia,
243 2736 296 2787 sup.
308 2722 357 2771 Od.
369 2723 395 2780 ii,
409 2724 448 2778 12,
460 2723 502 2771 22.
706 2738 745 2773 me
764 2726 820 2772 dats
839 2732 897 2772 sunt
911 2738 968 2772 cum
987 2720 1098 2772 viverem.
1142 2724 1174 2772 Et
1194 2735 1270 2772 tumea

150 2785 205 2833 185.
231 2786 387 2847 importunus,
413 2786 536 2844 molestus,
558 2802 674 2845 morosus,
708 2790 766 2835 idem
776 2788 841 2837 Scire
850 2791 939 2836 veiam.-
954 2794 980 2837 et
989 2796 1070 2836 tamen
1081 2787 1144 2837 idem
1159 2804 1268 2854 egopro·

112 2848 228 2897 difficilis.
261 2852 299 2897 Ad
314 2852 418 2898 umbram
436 2852 494 2899 iuris
512 2854 540 2899 ab
559 2861 625 2899 ortu:
644 2854 676 2901 ab
707 2852 791 2899 batum
801 2852 849 2909 ibo,
859 2868 899 2901 me
909 2851 970 2900 scire
980 2859 1004 2899 et
1021 2851 1142 2907 didicisse,
1152 2861 1268 2926 quantum

113 2911 173 2959 solis
195 2922 247 2962 ortu
269 2928 345 2977 usque
367 2914 397 2962 ad
418 2914 471 2978 ejus
491 2928 612 2971 occasum
634 2932 676 2981 per
706 2914 778 2963 homo
787 2916 814 2964 in
823 2916 879 2965 vitas
889 2914 1043 2990 simplicitate
1057 2924 1083 2964 et
1096 2916 1216 2965 hilaritate
1227 2932 1267 2965 ac-

111 2976 176 3024 diem
196 2976 313 3025 solidum:
337 2992 391 3041 snp.
406 2979 456 3026 Sat.
475 2978 493 3033 i,
512 2978 536 3033 4,
558 2981 599 3035 19,
621 2996 676 3027 sur·
708 2978 834 3041 quiesceas
850 2978 977 3044 aprodrgo
994 2988 1018 3027 et
1035 2978 1268 3034 luxurioso,eteva·

109 3050 181 3102 gents
199 3060 214 3088 a
233 3044 278 3089 sois
292 3043 324 3088 sd
337 3057 397 3097 eum,
409 3058 452 3104 quo
465 3041 598 3103 Vespestisso
617 3052 676 3104 tepet
707 3056 748 3089 rus
759 3044 789 3089 ab
798 3042 895 3091 homine
904 3058 975 3107 parce
985 3040 1080 3090 vivente
1090 3042 1191 3091 differat.
1215 3045 1267 3092 Ho-

112 3106 188 3166 regio.
707 3104 781 3153 ratius
795 3106 869 3169 igitur
884 3106 989 3154 medium
1004 3105 1066 3153 inter
1084 3114 1211 3170 utrumque
1230 3109 1268 3156 vel

152 3170 206 3217 186.
222 3169 313 3231 Agrum
329 3170 462 3227 siluestres,
476 3169 583 3217 sentibus
598 3177 673 3219 etve-
707 3184 804 3218 auream
815 3169 1001 3219 mediocritatem
1015 3170 1084 3233 sequi
1102 3169 1163 3218 vult.
1195 3171 1268 3219 Simi-

112 3230 198 3295 pribus
219 3232 332 3281 obsitum.
375 3233 493 3288 Flammis,
516 3233 674 3283 comburendo
706 3231 761 3282 liter
770 3250 825 3300 sup.
836 3232 915 3299 Epod.
928 3236 1067 3316 hfflsqq..
1076 3235 1138 3281 houd
1148 3250 1268 3295 paravero,

112 3310 144 3343 ea
167 3310 221 3358 que
242 3294 386 3345 fertilitatem
413 3296 554 3361 impediunt.
593 3298 674 3355 Ferro,
709 3298 776 3351 Quod
795 3308 847 3355 aut,
866 3314 950 3346 events
966 3307 994 3345 ut
1013 3299 1125 3351 chremes,
1138 3308 1200 3345 terra
1213 3315 1267 3359 prs-

113 3368 198 3408 raatto.
232 3360 335 3423 Mitiget,
353 3360 454 3415 molliat,
473 3360 552 3409 domet
568 3360 609 3423 (ut
624 3378 674 3409 ros·
708 3378 776 3417 mem,
788 3362 922 3409 Discinctos
931 3364 1075 3423 autperdsns
1085 3371 1113 3408 ut
1123 3377 1197 3423 nepos.

114 3426 160 3470 tris
180 3433 265 3471 tetrum
281 3426 371 3471 domare
387 3439 401 3471 a
419 3422 452 3471 ud
471 3424 540 3497 vtrq.
561 3424 622 3473 AEn.
641 3424 675 3482 ir,
741 3425 797 3475 197.
815 3426 1009 3487 Quinquatribus.
1033 3424 1192 3497 Quinquatria
1203 3424 1268 3488 (am,

112 3486 189 3547 808),
208 3486 349 3535 ioecundum
408 3486 468 3535 det:
499 3488 552 3536 Cre.
571 3486 601 3535 de
617 3489 675 3537 Nat.
707 3486 863 3549 orum),dies
871 3487 924 3535 festi
935 3494 960 3535 et
970 3485 1019 3535 leti
1033 3487 1059 3534 in
1070 3488 1187 3536 Minerva
1199 3498 1267 3537 nata·

114 3550 191 3598 Deor.
205 3549 229 3607 ii,
246 3552 288 3606 52,
305 3551 379 3599 indus
391 3568 453 3609 cero,
473 3555 513 3612 qui
530 3561 562 3599 est
576 3555 676 3599 omnium
708 3550 738 3599 lis
756 3550 867 3599 honorem
886 3550 1016 3610 celebrati;
1035 3559 1068 3606 et,
1097 3551 1139 3599 uia
1155 3550 1180 3599 id
1198 3551 1269 3601 fiebat

106 3614 238 3676 fluminum
255 3618 375 3671 morimur,
386 3632 431 3661 nost
447 3632 508 3677 aqua
522 3616 594 3661 solum
610 3632 676 3678 agros
737 3615 819 3678 rquin
837 3629 868 3662 ue
884 3613 945 3668 dies,
956 3614 993 3661 vel
1009 3622 1064 3679 post
1078 3567 1143 3663 diem
1158 3614 1269 3679 quintum

114 3680 248 3740 letificaret
260 3680 361 3741 mitigat,
372 3679 490 3726 sedetiam
501 3694 534 3725 eos
545 3682 650 3726 conterit.
707 3629 795 3726 lduum
856 3677 978 3731 artiamm,
1005 3680 1166 3741 quinquatria,
1192 3679 1267 3728 dieti:

151 3742 287 3789 187-189,
296 3743 345 3790 Scit
357 3740 454 3797 Genius,
465 3750 522 3789 cett.
532 3741 600 3789 locus
611 3742 674 3790 clas·
707 3740 837 3790 vid.0vid.
848 3742 914 3788 Fast.
924 3740 959 3795 iii,
978 3742 1027 3790 809
1037 3758 1091 3806 sqq.
1125 3742 1269 3792 Fuemntisi

113 3804 181 3853 sicus
197 3804 227 3853 de
248 3805 337 3862 δοκέω·
354 3820 409 3853 nam
427 3804 486 3868 quid
500 3804 674 3854 muserintsta·
707 3804 757 3853 dies
782 3802 862 3870 pueris
888 3804 1014 3867 gratissimi
1040 3805 1268 3870 jucundissimique,

112 3868 251 3933 tuerintque
262 3878 350 3917 veteres
360 3869 391 3917 de
408 3868 453 3917 hoc
471 3868 525 3924 deo,
535 3868 612 3916 tribus
622 3884 674 3918 ver·
707 3868 773 3931 quia,
790 3868 867 3915 donec
884 3870 1035 3930 quinquatria
1057 3868 1184 3925 durabant,
1203 3869 1269 3917 iesise

113 3932 183 3981 sibus
197 3932 336 3998 complexus
348 3940 385 3981 est
395 3931 525 3980 Horatius:
546 3934 567 3989 1,
580 3932 675 3981 Genius
706 3932 732 3981 in
743 3932 916 3981 echoliserant.
940 3931 1043 3995 Copiose
1054 3932 1085 3980 de
1093 3935 1270 3995 quinquatribus

112 3996 244 4053 hominem,
263 3996 303 4045 cui
323 3996 417 4045 additus
432 4004 469 4044 eet
483 4010 571 4052 comes,
587 3996 677 4060 ubique
707 3996 839 4061 disputavit
857 3996 937 4044 Mare.
957 3996 1069 4043 Donatus
1087 3996 1118 4044 ad
1137 3996 1191 4043 Liv.
1210 3996 1268 4052 xliv,

113 4060 244 4124 sequitur:
278 4062 304 4115 2.
333 4061 428 4107 Astsum
452 4061 529 4107 neruis
557 4070 675 4121 temperet,
707 4060 747 4109 20.
778 4061 850 4114 otim,
860 4057 964 4123 exempli
974 4073 1056 4114 causa,
1067 4068 1270 4170 uocationem&

113 4124 188 4179 mala,
200 4140 254 4187 qum
270 4123 389 4188 portendit
399 4130 487 4171 astrum
503 4123 608 4187 subque
623 4124 677 4187 quis
709 4126 759 4172 Sat.
772 4123 790 4180 i,
804 4126 826 4180 1,
837 4125 880 4178 2⁵,
896 4133 925 4170 ut
937 4123 1017 4184 pueris
1030 4124 1085 4170 oiim
1096 4125 1154 4170 dant
1163 4134 1244 4172 crustu

113 4196 187 4235 natus
207 4196 253 4244 est,
274 4188 384 4235 amolitur
406 4195 430 4235 ot
452 4194 577 4251 procurat;
602 4188 674 4243 bona,
707 4190 788 4235 blondi
800 4188 915 4235 Doctores.

132 4267 171 4298 uer
192 4252 317 4314 affulgeat,
337 4258 456 4316 promovet
471 4258 496 4299 et
512 4250 623 4313 adjuvet:
649 4253 674 4307 8,
742 4253 798 4300 198.
815 4251 925 4312 Raptim:
943 4265 998 4314 sup.
1011 4249 1089 4314 Epod.
1103 4252 1142 4306 13,
1154 4251 1179 4307 8,
1191 4252 1215 4304 1,
1228 4266 1268 4296 ra·

113 4266 215 4363 lium
225 4318 280 4362 deso
292 4316 406 4363 humane.-
418 4313 476 4363 mire
486 4315 538 4363 hec
549 4315 623 4363 verba
632 4330 674 4363 es·
706 4317 796 4376 piomm
806 4317 875 4361 amici
887 4315 1030 4362 Occasionem
1039 4316 1069 4362 ds
1078 4316 1125 4361 die.

114 4378 223 4489 plicam
241 4377 442 4443 simplicissimum
459 4387 527 4443 puto,
543 4376 603 4426 deus
621 4378 675 4441 qui·
743 4378 879 4427 teo-tot.
907 4377 1032 4431 Horatius,
1054 4376 1111 4425 vite
1131 4376 1269 4426 felicitatem

131 4456 179 4497 em,
199 4442 240 4491 sed
261 4441 373 4491 humanae
388 4449 488 4497 naturae,
509 4442 535 4489 h.
554 4456 577 4490 e.
598 4441 676 4497 morti,
708 4441 870 4490 mediocritate
881 4440 989 4497 metiens,
1000 4439 1037 4489 uti
1054 4456 1102 4489 non
1115 4438 1268 4505 exsplendes-

115 4522 184 4569 sequo
196 4513 269 4570 atque
279 4506 358 4563 homo,
368 4504 483 4555 obnoxius
492 4524 499 4569 ;
518 4505 573 4554 hinc
584 4504 678 4555 additur
709 4522 763 4556 cere
780 4504 916 4555 divitiarum
933 4504 1011 4569 copia,
1022 4504 1055 4554 ita
1066 4520 1114 4554 uon
1128 4518 1192 4554 seva
1209 4516 1269 4569 pau·
