3150 5200
394 899 650 996 merua
681 897 999 1028 nouarrr
1032 894 1329 990 aaaron.

749 1239 951 1250 -—-—-—-——

707 1474 1012 1535 PROOEMIUM.

285 1735 428 1818 Murus,
442 1753 546 1830 quibus
562 1751 702 1810 Horatius
722 1753 753 1809 iu
774 1751 836 1810 odis
854 1772 923 1810 usus
940 1762 994 1819 est,
1009 1751 1174 1811 exhibituro
1187 1751 1260 1810 mihi
1273 1751 1366 1809 risum
1381 1759 1435 1815 est,

281 1847 459 1924 quorundam
492 1847 528 1904 ad
561 1867 621 1905 rem
655 1836 803 1904 metricam
838 1847 1047 1924 pertinentium
1075 1847 1278 1905 vocabulorum
1307 1844 1436 1904 tironum

283 1942 407 2000 maxime
429 1944 512 1999 carisa
533 1941 708 2017 praemittere
728 1941 845 1999 brevem
867 1939 1098 2017 explicationem,
1112 1941 1224 2000 omissis
1242 1961 1306 2019 quae
1326 1939 1437 1997 notiora

283 2056 345 2094 esse
358 2035 460 2094 solent.
502 2035 538 2092 ln
552 2035 628 2112 quod
641 2033 770 2092 studium
785 2035 810 2092 si
824 2035 871 2092 cui
885 2034 973 2092 altius
986 2045 1139 2111 penetrare
1153 2035 1184 2092 in
1197 2036 1293 2094 animo
1305 2035 1354 2102 sit,
1363 2033 1438 2091 duce

282 2141 383 2188 utatur
397 2130 569 2207 peritissimo
583 2128 747 2188 Godofredo
763 2129 932 2188 Hermanno
942 2127 981 2186 V.
993 2129 1038 2186 cl.
1053 2127 1234 2204 (Handbuch
1247 2128 1298 2188 der
1312 2127 1436 2186 Metrils.

283 2223 384 2300 Leipa.
401 2223 501 2301 1799.)

323 2318 434 2396 Versus
455 2319 589 2376 iambicos
610 2327 640 2375 et
659 2317 814 2375 trochaicus
829 2317 1016 2375 Grammatici
1030 2316 1202 2394 pleramque
1215 2316 1338 2395 dipodiie
1352 2317 1436 2389 (διπο-

283 2409 372 2487 δίαις),
387 2412 414 2469 h.
429 2433 454 2470 e.
468 2412 600 2469 binorum
614 2410 723 2488 pedum
736 2412 864 2469 seriebus
879 2409 965 2484 (Μ’
978 2423 1029 2470 aut
1042 2409 1127 2487 ““““)
1141 2412 1313 2480 metiuntur,
1328 2421 1358 2470 et
1371 2431 1436 2471 rer·

283 2527 347 2565 sum
361 2506 482 2564 duarum
497 2505 675 2583 dipodiarum
698 2525 721 2563 s.
736 2525 773 2564 ex
794 2516 917 2582 quatuor
934 2505 1057 2583 pedibus
1077 2515 1257 2564 constantem
1275 2504 1435 2576 dimam,

284 2602 377 2661 tribus
390 2601 513 2679 dipodiis
534 2622 556 2660 s.
571 2622 622 2660 sex
642 2600 765 2678 pedibus
783 2612 982 2659 constructum
1003 2601 1161 2658 trimetrum
1174 2609 1284 2658 vocant.
1325 2599 1437 2661 Versus

283 2696 361 2753 enim
380 2698 491 2756 iambici
512 2718 577 2755 cum
598 2698 628 2754 in
647 2696 716 2755 locis
734 2696 892 2773 imparibus
908 2694 1024 2774 (primo,
1039 2695 1136 2762 tertio,
1150 2694 1236 2770 cett.)
1251 2714 1284 2752 ac
1301 2696 1437 2755 trochaici

282 2792 443 2869 inparibus
458 2790 607 2864 (secundo,
621 2792 738 2869 quarto)
753 2790 911 2869 spondeum
932 2792 1038 2849 babere
1056 2790 1178 2867 possint,
1191 2789 1345 2865 rhythmus
1358 2790 1436 2850 idem

217 2892 222 2899 '
282 2897 347 2964 post
369 2886 497 2963 singulas
515 2886 632 2945 demum
649 2885 779 2963 dipodius
800 2886 885 2945 redit.
927 2884 980 2943 Sin
993 2905 1060 2943 vero
1074 2883 1110 2944 de
1124 2883 1281 2962 dactylicis,
1296 2884 1436 2944 choriam-

282 2981 352 3039 bicis
366 2992 583 3058 ceterorumque
595 3000 734 3057 generum
748 2981 877 3039 versibus
892 2978 1037 3058 (exceptis
1049 2990 1148 3040 tamen
1162 2980 1352 3058 anapaesticis,
1365 3001 1436 3058 quo·

282 3096 346 3134 rum
368 3086 461 3134 metra
481 3075 567 3134 etiam
587 3080 660 3133 κατὰ
674 3079 784 3133 trucellus
798 3075 1016 3152 dispescuntur)
1031 3072 1123 3134 sermo
1135 3085 1190 3145 est,
1205 3076 1323 3133 dimeter
1335 3074 1436 3153 appel·

283 3171 361 3229 latur
371 3172 422 3248 qui
436 3170 556 3237 duobus,
572 3169 698 3227 trimeter
711 3171 761 3247 qui
775 3171 868 3228 tribus
881 3170 1045 3229 continetur
1059 3170 1182 3249 pedibus
1195 3170 1382 3248 simplicibus.

320 3264 353 3322 V
354 3284 434 3323 ersus
455 3262 611 3320 catalectico
625 3264 730 3337 (στίχος
750 3265 930 3341 tardarem)
949 3274 994 3323 est
1013 3266 1096 3341 cujus
1115 3265 1183 3343 pedi
1203 3264 1307 3323 ultimo
1325 3263 1437 3341 syllaba

282 3359 371 3418 deest.
413 3360 445 3415 si
460 3358 528 3447 pedi
542 3368 593 3415 aut
606 3358 754 3435 trisyllabo
768 3370 820 3417 aut
833 3358 1018 3436 tetrasyllabo
1031 3358 1097 3417 duee
1110 3358 1227 3437 syllabae
1239 3358 1355 3428 desunt,
1370 3377 1436 3418 rer-

283 3474 331 3513 sus
344 3453 444 3512 existit
458 3451 624 3521 catalectuS,
639 3466 690 3511 aut
704 3454 735 3510 in
749 3453 888 3531 syllabam
903 3464 953 3511 ant
967 3454 997 3510 in
1012 3451 1193 3531 disyllabum.

322 3548 432 3606 Versus
450 3546 715 3624 brachycataleotue
733 3558 777 3605 est
796 3549 843 3605 cui
861 3568 912 3625 pes
929 3547 1043 3624 integer
1057 3546 1157 3606 deest:
1179 3568 1236 3607 non
1251 3548 1307 3608 nisi
1319 3548 1434 3608 iambici

223 3638 225 3643 Α
280 3656 310 3702 et
324 3642 459 3701 trochaici
472 3660 572 3699 versus
585 3641 824 3719 brachycatalecti
838 3652 917 3700 suut.

321 3737 431 3795 Versus
449 3734 626 3792 acatalectico
643 3746 687 3794 est
704 3736 735 3793 in
754 3735 838 3812 cujus
856 3734 959 3794 ultimo
980 3747 1072 3795 metro
1091 3736 1165 3794 nihil
1183 3735 1221 3794 ad
1233 3736 1432 3813 integritatem

280 3831 372 3900 deest,
387 3850 479 3909 neque
492 3830 649 3908 quidquam
664 3829 801 3888 abundat.

320 3926 432 3985 Versus
445 3925 703 4004 hypercatalectus,
718 3925 748 3982 in
762 3944 819 4002 quo
833 3943 891 3982 una
904 3923 935 3981 in
949 3923 1007 3982 fine
1021 3923 1130 4000 syllaba
1143 3923 1280 3982 abundat.

319 4020 410 4077 Basia
423 4030 467 4079 est
486 4042 537 4099 pes
551 4020 671 4079 duarum
686 4030 738 4078 aut
751 4020 839 4077 trium
854 4018 1040 4096 syllabarum,
1054 4039 1071 4076 a
1084 4018 1190 4096 quibus
1202 4038 1302 4077 versus
1314 4019 1433 4097 quidam

279 4116 438 4183 exorditur,
453 4126 606 4193 antequam
621 4114 709 4173 series
722 4113 829 4192 pedum
843 4114 941 4171 versui
954 4112 998 4170 illi
1011 4111 1190 4190 propriorum
1203 4112 1314 4191 incipit.

320 4210 436 4269 Horatii
456 4209 516 4267 odae
537 4229 701 4287 perversus
721 4208 768 4267 vel
788 4208 919 4284 ejusdem
939 4228 1040 4285 usque,
1054 4208 1101 4265 vel
1114 4206 1237 4285 duplicis
1250 4208 1298 4268 vel
1311 4208 1436 4286 triplicis

279 4306 392 4383 generis
410 4304 575 4363 decurrunt.
617 4303 695 4361 Sunt
716 4304 807 4380 igitur
827 4305 972 4377 ποιήματα,
985 4301 1032 4361 vel
1045 4303 1185 4378 μονόκωλα,
1199 4302 1246 4362 vel
1266 4307 1372 4374 δίκωλα,
1386 4303 1434 4364 vel

278 4404 402 4478 τρίκωλα.
444 4398 556 4457 Versus
577 4409 674 4456 autem
689 4396 794 4455 diversi
810 4398 934 4473 generis,
950 4417 986 4455 ex
1005 4409 1083 4457 certo
1104 4396 1204 4458 ordine
1224 4417 1338 4478 semper
1350 4398 1434 4459 rede·
