3150 5200
579 367 744 436 LIBER
767 372 830 450 Ill,
854 373 885 436 9.
1251 375 1307 437 151

369 521 469 586 Multi
485 522 592 607 Lydia
610 524 747 587 nominis

411 623 562 688 Romana
576 624 665 708 vigui
678 624 795 688 clarior
811 623 881 689 Ilia.

636 829 818 876 HORATIUS.

369 927 427 992 Me
442 950 528 991 nunc
542 926 691 992 Thressa
706 929 811 994 Chloe
826 931 922 1014 regit,

308 1029 348 1092 10
412 1028 538 1093 Dulces
552 1031 651 1094 (locta
665 1032 790 1109 modos,
807 1042 840 1096 et
856 1031 990 1095 citharae
1006 1033 1128 1098 sciens:

368 1129 435 1194 Pro
449 1152 515 1213 qua
529 1152 595 1193 non
609 1140 751 1195 metuam
764 1133 858 1209 mori,

411 1232 447 1295 Si
460 1243 596 1316 parcent
611 1233 727 1297 animae
742 1231 810 1298 fata
825 1234 1005 1318 superstiti.

669 1439 785 1483 LYDIA.

368 1534 428 1600 Me
443 1546 545 1599 torret
560 1534 631 1600 sace
646 1547 759 1600 mutua

410 1637 552 1702 Thurini
568 1637 676 1700 Calais
691 1637 777 1702 filius
795 1637 932 1721 Ornyti:

305 1739 346 1801 15
368 1737 434 1804 Pro
448 1762 515 1823 quo
529 1740 581 1802 bis
595 1739 703 1822 patiar
717 1741 810 1816 mori,

410 1841 446 1903 Si
461 1851 598 1924 parcent
612 1863 716 1924 puero
731 1840 799 1905 fata
814 1841 993 1926 superstiti.

635 2049 818 2092 nonarius

367 2142 481 2216 Quid?
505 2146 533 2207 si
548 2146 656 2228 prisca
671 2146 757 2210 redit
772 2147 899 2222 Venus,

409 2245 639 2331 Diductosque
648 2249 731 2332 jugo
746 2247 835 2331 cogit
851 2248 975 2310 aeneo?

365 2345 401 2409 Si
415 2345 500 2410 flava
514 2350 679 2413 excutitur
693 2348 810 2425 Chloe,

301 2447 344 2508 20
409 2447 622 2533 Rejectaeque
636 2460 729 2534 patet
739 2451 841 2534 janua
858 2447 996 2533 Lydiaet

129 2598 217 2664 pient
230 2595 304 2662 hujus
318 2595 470 2646 mellitissimi
479 2599 592 2648 carminis
601 2599 711 2649 dulcedi·
745 2600 845 2649 Chloe:
865 2599 979 2649 Horatius
990 2599 1130 2666 simpliciter
1140 2595 1241 2653 dixerat,
1260 2595 1307 2645 Nes

138 2678 215 2716 uem,
224 2676 299 2726 quam
309 2660 418 2711 certatim
434 2663 559 2727 propinare
569 2664 713 2713 studuerunt
744 2667 862 2726 quisquam
873 2667 957 2725 potior,
969 2672 995 2714 at
1005 2664 1082 2729 Lydia
1092 2663 1145 2727 ipso
1156 2660 1252 2711 nomine
1262 2676 1306 2725 ap·

140 2726 297 2791 interpretas.
744 2728 818 2839 §ilat
836 2728 941 2839 puellam
960 2729 985 2776 iu
1008 2744 1086 2777 amora
1108 2726 1154 2775 sibi
1174 2726 1308 2791 praelatam.

182 2792 256 2838 1-4.
274 2790 710 2854 Gratuserumtibi‚suavisimplici-
773 2794 820 2839 alti
858 2794 914 2855 ydis
931 2795 1036 2847 nominis,
1079 2790 1192 2857 opuella
1209 2788 1307 2838 nobilis·

138 2855 714 2983 tttffsttttttuflustlzl‘ti
745 2856 1309 2981 :ttttttlt‘uttztttttfftt

174 2982 239 3031 ‘res
255 2992 334 3047 partes
349 2997 365 3030 a
398 2981 533 3047 dpuellam
547 2983 578 3031 al'
598 2998 654 3029 uam
670 2982 714 3030 ha·
746 2991 826 3031 sutem
836 2983 875 3031 bis
886 2998 972 3031 nomen
984 2999 1054 3031 suum
1065 3000 1116 3047 pro,
1124 2998 1178 3046 ago,
1190 2988 1307 3045 repetens,

139 2996 340 3108 mmmm
371 3046 454 3095 ''tur:
471 3046 548 3095 ints
598 3048 658 3102 .16,
671 3047 711 3101 1³,
744 3044 1307 3099 venusteetacerbemoneravideturHoratium‚

141 3110 214 3159 Noas
228 3114 248 3159 st
263 3113 322 3173 quid
335 3113 361 3159 in
373 3110 456 3159 Flacco
468 3113 516 3159 oiri
528 3120 571 3167 est,
585 3110 639 3159 Non
646 3110 713 3175 sem
744 3119 773 3159 ut
782 3111 849 3159 illius
861 3110 980 3175 temporis,
994 3124 1042 3174 quo
1054 3124 1117 3173 sape
1127 3106 1211 3171 Lydio
1221 3120 1307 3179 nomeu

140 3176 253 3221 assiduas
262 3178 347 3236 potiori
359 3184 381 3223 ts
391 3176 447 3222 ders
457 3185 545 3223 noctes:
564 3173 650 3222 otini.
663 3176 713 3221 Sat.
745 3173 770 3225 in
787 3190 827 3223 ore
843 3174 961 3229 habuerit,
973 3182 998 3223 et
1009 3182 1139 3222 amatorum
1154 3184 1227 3227 mors,
1239 3168 1307 3217 tdeu·

141 3238 174 3294 ii,
186 3240 270 3293 5,’16;
286 3237 337 3286 vicl.
350 3238 675 3292 Broucklsus.ad'l'ibull.i,
688 3239 712 3293 5.
745 3237 820 3287 tidem
836 3237 962 3304 repetierit,
976 3237 1112 3286 memoriam
1129 3235 1226 3285 recolat.
1260 3232 1308 3281 lto-

142 3303 194 3352 68.
235 3302 277 3351 Sic
345 3301 423 3351 issam
448 3318 464 3351 a
479 3302 513 3350 ud
540 3302 640 3351 callim.
666 3302 714 3375 Ep.
746 3320 815 3350 mna
824 3303 884 3351 Ilia.-
900 3302 926 3351 in
937 3302 1113 3368 comparatione
1125 3312 1222 3364 quoque
1230 3297 1309 3347 Hora·

142 3365 219 3420 xxvi.
237 3367 262 3413 1.
320 3369 382 3431 igni,
397 3366 457 3430 sign'
490 3376 557 3415 anter
574 3382 618 3431 pro
637 3374 713 3421 uuus,
747 3366 808 3415 tium
824 3366 897 3415 vincit
912 3366 1064 3431 Lydia,quas
1079 3380 1135 3413 oum
1147 3365 1234 3412 Roma
1249 3376 1307 3411 con·

145 3428 199 3483 fui,
220 3429 278 3476 vixi.
311 3431 434 3478 Persarum
455 3446 523 3493 rege:
548 3429 599 3494 jam
624 3438 715 3478 soteres
747 3429 830 3478 diteris
852 3438 934 3485 matre,
952 3430 1008 3488 Ilia,
1027 3446 1054 3479 se
1075 3442 1216 3494 comparans
1238 3425 1309 3489 louge

145 3508 272 3541 summam
298 3493 433 3543 felicitatem
460 3509 516 3567 cum
542 3509 625 3567 qum
653 3502 715 3543 sorte
748 3495 849 3542 Horatio
870 3508 925 3541 cum
943 3495 1074 3567 'Persarum
1097 3508 1152 3557 rege
1172 3497 1309 3556 comparato

144 3556 714 3695 {offlnrpumebpppmv1dr3ffl.oegppp
747 3565 985 3695 appmsanuppesgtripp.
999 3620 1103 3670 suaviter
1124 3623 1175 3694 regi
1196 3616 1309 3667 dicuutur

144 3684 216 3748 quod
240 3686 369 3735 Persarum
393 3702 460 3750 reges
485 3684 669 3751 opulentissimi,
690 3693 715 3734 et
745 3693 871 3741 amatores,
889 3701 930 3750 qur
945 3686 976 3734 arl
993 3694 1078 3734 nutum
1095 3684 1199 3732 domme
1214 3696 1264 3731 sua
1283 3694 1309 3731 ss

145 3749 258 3798 omnium
280 3766 368 3805 rarum,
390 3749 416 3798 iu
438 3766 540 3815 quanam
564 3749 715 3815 possessione
745 3757 908 3816 componuut;
924 3752 1018 3799 cithara
1032 3752 1113 3807 seim,
1129 3748 1224 3803 Grata,
1240 3744 1307 3795 κιθά-

145 3812 224 3876 vulgo
234 3813 327 3863 censeri
337 3815 399 3863 solet
408 3814 516 3864 humana
525 3813 635 3871 felicitas,
645 3814 715 3879 copia
745 3831 793 3877 ρας
810 3813 899 3863 εἰδυῖα.
933 3814 1030 3869 Anima,
1047 3812 1140 3867 Chloe.
1158 3813 1239 3859 anima
1257 3824 1310 3857 m

145 3877 328 3927 instructissimi
338 3878 412 3927 luere.
747 3880 789 3943 (ut
799 3894 853 3943 sup.
862 3877 879 3933 i,
889 3878 935 3934 3,8
949 3876 1063 3926 Horatius
1074 3874 1194 3939 loquitur)
1201 3874 1311 3946 dimidie.-

181 3944 257 3991 5-8.
275 3942 330 3990 Non
339 3944 389 3990 sliu
400 3943 631 4005 mgaarsssnon
641 3941 715 3991 aliam
747 3942 780 3990 cl.
801 3958 855 4006 sup.
875 3940 998 3997 ii‚17‚s.
1032 3938 1123 3989 Eodem
1146 3934 1308 4007 blandimento

145 4006 257 4070 puellam
272 4005 397 4055 asrleutius
413 4007 526 4055 amabas:
543 4006 574 4055 de
585 4006 714 4061 locutione,
748 4006 845 4061 Cicero,
866 4005 912 4068 Ep.
930 4003 961 4051 ad
981 4002 1039 4051 Dis.
1056 4002 1103 4059 siv,
1122 4002 1161 4055 14,
1174 4000 1309 4047 Terentiam

145 4072 232 4119 πᾶσι
246 4073 329 4133 aliqu
339 4086 391 4135 pro,
402 4070 485 4119 ardere
504 4071 535 4119 ob
549 4071 665 4136 aliquam,
683 4069 716 4118 ci.
748 4078 774 4119 at
783 4067 915 4117 Tulliolam
926 4070 1166 4114 ontmmmmvocat.
1304 4128 1309 4137 Ι

146 4134 249 4198 supsd
265 4134 293 4191 ii,
306 4136 331 4189 4,
346 4135 372 4182 7.
405 4136 519 4184 Ceterum
533 4135 641 4189 observa,
654 4149 714 4199 quo·
782 4133 888 4180 13-16.
905 4129 1198 4200 Mermetsrrrmatun
1215 4124 1310 4172 Torrm

145 4198 221 4246 modo
237 4198 317 4263 Lydia
333 4212 390 4247 curu
401 4199 503 4247 Horatio
519 4198 644 4247 iraeadem
661 4213 716 4246 sen·
748 4196 780 4246 ‹le
798 4196 863 4259 gravi
880 4192 966 4241 amoris
986 4200 1056 4249 astu,
1073 4192 1107 4241 ci.
1122 4206 1176 4264 sup.
1192 4206 1209 4246 1,
1226 4189 1267 4243 33,
1283 4190 1310 4261 β,

144 4262 227 4310 tantia
242 4263 340 4327 gravium
354 4262 475 4312 efferenda
485 4271 569 4312 certat.
603 4260 718 4312 Horatius
750 4260 796 4310 inl.
807 4260 842 4316 iii,
852 4260 891 4315 19,
903 4259 952 4317 20;
969 4254 1045 4304 multo
1056 4256 1132 4306 ma'or
1143 4262 1215 4329 igitur
1227 4251 1311 4316 Lydia

144 4324 253 4383 dixerat,
266 4327 346 4376 Dm
360 4338 445 4391 gratus
461 4330 641 4382 somnusue
654 4328 717 4389 quis·
750 4324 829 4373 serbis
844 4323 881 4372 ris
899 4322 1055 4385 inest,quam
1098 4326 1176 4376 oram,
1193 4317 1234 4366 Me
1250 4332 1313 4389 nuso

142 4408 219 4453 qm
234 4394 426 4452 perimamus
440 4391 519 4455 Lydia
534 4391 611 4440 multo
627 4389 718 4444 lortius,
754 4388 849 4437 Thressa
875 4388 943 4435 Chloe
964 4388 1036 4449 regit.
1079 4384 1188 4441 Thurini,
1209 4380 1309 4435 Thuno,

145 4454 289 4502 Donecnon
304 4457 355 4504 alis
365 4458 439 4520 magis
450 4458 545 4505 arsisti.
579 4455 721 4517 Nequserat
753 4452 869 4502 Lucania
885 4450 981 4526 opido,
993 4448 1096 4523 oriundi.
1130 4446 1171 4495 Bis
1181 4444 1310 4502 mori,Ho·

146 4517 230 4580 Lydia
243 4529 294 4580 post
307 4520 402 4576 Chloen,
415 4534 493 4583 neque
503 4534 548 4583 ego
563 4519 722 4583 postponebat
753 4518 829 4566 ratius
840 4467 979 4581 simpliciter
989 4516 1047 4563 mori
1056 4514 1156 4563 dixerat.
