3150 5200
535 346 701 411 LIBER
724 345 769 424 11,
789 348 823 409 6.
1189 346 1255 409 415

189 498 337 563 Solveret
351 496 501 581 hospitiis
516 500 666 563 animum.
713 498 806 571 Quid
821 496 943 561 multat
966 518 1073 581 neque
1088 495 1141 560 ille

189 600 333 684 Sepositi
347 600 461 665 ciceris
477 622 536 665 nec
551 601 658 685 longae
671 599 787 663 invidit
802 619 924 675 avenae,

123 702 167 765 85
188 699 329 765 Aridum
343 712 378 765 et
391 723 447 765 ore
462 701 570 767 ferens
584 704 711 767 acinum
727 721 916 783 semesaque
928 699 1014 763 lardi

188 802 308 866 Frusta
323 803 426 880 dedit,
443 806 578 889 cupiens
593 805 683 868 varia
697 802 830 867 fastidia
845 823 940 866 coena

188 903 330 969 Vincere
346 906 508 989 tangentis
522 906 604 971 male
620 904 748 990 singula
761 905 860 969 dente
876 904 1037 988 superbo:

189 1004 301 1077 Quum
315 1017 409 1089 pater
424 1008 496 1091 ipse
510 1008 625 1072 domus
640 1006 734 1092 pales
747 1016 919 1090 porrectus
934 1006 968 1069 in
982 1004 1086 1069 horna

189 1107 290 1171 Esset
304 1108 385 1171 ador
399 1107 587 1194 loliumque,
602 1110 696 1193 dapis
712 1106 845 1173 meliora
859 1107 1056 1190 relinquens.
1153 1104 1157 1113 '

123 1208 168 1273 90
189 1209 339 1273 Tandem
355 1211 499 1273 urbanus
513 1211 557 1275 ad
571 1210 670 1288 hunc,
688 1210 779 1283 Quid
795 1220 828 1273 te
839 1210 945 1294 juvat,
958 1210 1075 1292 inquit,
1092 1210 1205 1285 amice,

190 1310 354 1393 Praerupti
369 1312 508 1375 nemoris
523 1314 699 1396 patientem
714 1312 822 1376 vivere
837 1311 959 1375 doraol

189 1411 251 1476 vis
267 1424 303 1475 tu
318 1412 464 1477 homines
480 1415 658 1499 urbemque
671 1412 748 1503 feris
764 1434 956 1496 praeponere
972 1412 1083 1476 silvist

189 1514 298 1598 Carpe
313 1515 407 1591 viam,
423 1514 626 1592 mihicrede,
642 1536 761 1591 comes,
779 1516 947 1578 terrestria
960 1514 1094 1598 quando

191 1614 349 1680 Mortales
364 1616 486 1679 ammas
501 1617 614 1680 vivunt
629 1616 754 1692 sortita,
770 1636 877 1699 neque
891 1615 959 1679 ulla
971 1626 1023 1680 est

124 1718 167 1781 95
189 1714 260 1781 Aut
273 1740 390 1802 magno
405 1726 462 1781 aut
476 1738 577 1800 parvo
591 1717 648 1781 leti
663 1716 752 1801 fuga.
800 1717 889 1793 Quo,
905 1718 1003 1794 bone,
1018 1718 1117 1794 circa,

192 1818 282 1883 Dum
296 1818 384 1895 licet,
400 1819 433 1881 in
448 1820 547 1883 rebus
558 1818 714 1903 jucundis
730 1819 801 1883 vive
816 1820 952 1897 beatus3

190 1918 274 1985 Vive
288 1942 421 1998 memor,
436 1943 532 2004 quam
548 1922 593 1985 sis
608 1922 669 1986 aevi
683 1922 804 1985 brevis.
851 1920 935 1985 Hoec
950 1922 1008 1985 ubi
1023 1921 1112 1985 dicta

189 2020 365 2106 Agrestem
379 2022 546 2106 pepulere,
563 2023 660 2087 domo
674 2022 753 2087 levis
768 2021 895 2099 exsilit,
918 2023 996 2087 inde
1052 2044 1058 2052 ·

189 2122 298 2188 Ambo
313 2126 517 2208 propositum
532 2134 693 2209 peragunt
708 2123 782 2201 iter,
799 2124 890 2187 urbis
908 2134 1041 2187 aventes

106 2224 169 2287 100
190 2224 317 2289 Moenia
330 2226 482 2290 nocturni
497 2227 685 2309 subrepere.
732 2224 872 2308 Jamque
887 2227 1022 2289 tenebat

189 2324 269 2391 Nox
283 2327 425 2391 medium
439 2326 513 2391 coeli
529 2328 680 2410 spatium,
696 2348 797 2410 quum
811 2328 904 2411 ponit
918 2337 1056 2410 uterque

102 2526 134 2576 de
155 2526 256 2575 latibulo
279 2526 410 2576 nitedulaez
436 2546 546 2591 parspere,
568 2538 596 2578 ut
617 2528 661 2578 inl.
727 2528 1266 2595 93‚94.Miliorsdetegosuppleoneutsit,

104 2590 185 2658 Epist.
193 2590 211 2650 i,
224 2594 263 2650 10,
274 2594 316 2650 32,
326 2594 367 2640 sub
378 2610 478 2656 paupere
488 2605 554 2643 teoto.
695 2592 762 2644 trade
770 2602 795 2644 te
804 2610 865 2643 mee
875 2593 931 2643 fidei
940 2610 1041 2658 meoque
1049 2592 1168 2671 presidio.
1203 2593 1259 2643 Ter·

137 2658 179 2706 82.
196 2657 279 2720 Asper.-
296 2657 352 2706 vite
363 2668 451 2722 esperre
462 2666 487 2706 et
497 2658 564 2708 dures
576 2657 662 2708 adsue·
695 2661 779 2707 restria
789 2660 881 2722 qrrondo
893 2659 1003 2707 Mortales
1014 2675 1104 2706 normas
1118 2662 1201 2707 oiount
1211 2676 1260 2707 sor·

102 2730 150 2769 tus.
187 2721 219 2769 Ut
240 2731 315 2770 tomen
334 2730 425 2768 oretum
442 2722 542 2770 Solveret
563 2723 665 2784 hospitiis
698 2725 751 2778 tite,
761 2721 954 2834 quandoquidem
967 2722 993 2778 ii,
1002 2723 1079 2788 quiin
1091 2722 1260 2778 terrisvivuut,

102 2788 225 2833 ssimum:
253 2787 369 2834 hactenus
395 2793 483 2843 umen,
506 2796 533 2834 ut
558 2787 665 2836 animum
698 2787 912 2836 montesanimas
923 2786 999 2835 sortiti
1008 2794 1074 2835 sunt.
1108 2786 1261 2852 Lepidemus

102 2849 176 2898 arctis
202 2851 274 2898 rebus
303 2848 423 2898 intentum
454 2850 550 2916 hospitii
581 2850 666 2900 officiis
698 2852 814 2908 urbanus,
825 2849 945 2916 proposita
956 2850 1127 2916 Epicureorum
1140 2851 1260 2916 opinione,

102 2913 214 2978 aperiret·
698 2918 801 2964 animum
815 2933 867 2963 cerm
882 2917 969 2963 homine
984 2919 1041 2963 mori
1052 2925 1073 2962 et
1089 2918 1194 2970 interire,
1206 2931 1260 2964 mu·

136 2980 178 3026 84.
196 2976 326 3039 Nequeills
342 2978 437 3040 Sepositi
451 2981 530 3026 cicens
542 2981 630 3028 melon
647 2997 665 3028 a
698 2993 746 3027 rem
769 2978 884 3028 rusticum
902 2978 933 3027 nd
950 2977 1096 3045 arripiendos
1110 2978 1262 3043 jucundioris

102 3042 189 3089 invidit
210 3057 300 3090 roem:
318 3042 414 3107 planius
435 3041 466 3090 ad
488 2997 648 3107 vulgareml

102 3104 193 3170 qusndi
216 3103 331 3154 rationem
359 3105 467 3164 dixisset,
497 3114 514 3136 ‘¹
527 3123 605 3172 neque
627 3107 668 3156 ille
702 3107 746 3156 Sil.
766 3107 823 3156 Ital.
842 3123 881 3164 xv,
903 3109 944 3164 45,
960 3107 992 3155 ad
1010 3107 1117 3156 animum
1136 3107 1166 3155 P.
1188 3107 1263 3156 Corn.

101 3168 193 3234 hospiti
203 3167 289 3217 invidit
297 3169 381 3218 ciceris
390 3178 414 3218 et
426 3186 507 3220 avene
522 3170 626 3220 fructum
638 3171 663 3232 ;’'
698 3171 816 3237 Scipionis
828 3170 938 3220 Africani
949 3172 995 3220 sibi
1005 3169 1191 3227 conciliandum,
1205 3171 1261 3218 Um-

102 3232 148 3281 sed
171 3248 230 3281 usus
246 3242 283 3282 est
300 3234 376 3283 forma
390 3234 486 3291 Graeca,
504 3237 603 3300 φθονεῖν
616 3236 665 3286 τινί
698 3238 762 3283 mom
773 3253 819 3284 non
829 3252 946 3284 sensuram
957 3253 1001 3285 esse
1013 3237 1069 3299 quid
1080 3237 1184 3300 gesserit,
1195 3234 1238 3284 ait.

102 3312 183 3356 rruoc⁴
195 3295 245 3345 vid.
258 3298 386 3347 Heindorf.
730 3301 770 3348 95.
788 3302 838 3348 Aut
848 3317 931 3365 magno
941 3312 984 3348 out
1000 3316 1087 3363 porro:
1107 3299 1216 3364 Propert.
1226 3299 1262 3356 iii,

138 3361 179 3409 87.
197 3361 260 3410 Male
276 3363 380 3412 tolerunt
397 3361 429 3410 ad
439 3367 564 3426 tangentis,
584 3371 611 3412 ut
625 3362 665 3418 sit,
698 3364 795 3418 tuas
827 3366 958 3412 Sedtamen
971 3365 1164 3419 decorarentur
1173 3366 1263 3426 primus

101 3423 144 3473 vix
167 3425 303 3490 tangentis;
327 3425 438 3493 equidem
458 3426 589 3492 junxerim,
610 3429 669 3475 molo
700 3437 723 3474 rt
743 3429 841 3476 ultimus
863 3431 932 3476 ordo:
950 3429 982 3478 cf.
1003 3445 1059 3493 sup.
1082 3427 1113 3476 sd
1134 3427 1182 3476 Od.
1201 3429 1218 3484 i,
1237 3430 1261 3482 4,

103 3491 209 3551 superbo,
223 3490 248 3538 h.
260 3506 282 3546 e,
300 3490 429 3538 admodum
446 3493 556 3555 superbo,
574 3499 601 3540 ut
618 3494 668 3540 Sat.
703 3492 741 3539 13.

103 3553 207 3617 praced.
218 3569 243 3602 v.
256 3555 312 3610 107,
324 3557 382 3602 muto
400 3558 493 3610 tmslre,
511 3565 535 3604 et
545 3557 595 3604 Sat.
611 3557 628 3612 i,
640 3557 665 3611 3,
731 3557 771 3604 98.
798 3556 921 3618 Populere,
949 3564 1091 3606 moverunt:
1120 3555 1205 3605 Cicero
1233 3553 1264 3604 de

103 3619 146 3674 ts,
159 3619 218 3666 mule
227 3635 321 3680 porcus,
332 3619 374 3666 ubi
385 3618 418 3667 cf.
428 3625 479 3667 not.
700 3617 754 3668 Fin.
766 3618 793 3674 ii,
807 3621 846 3675 10,
860 3623 891 3669 Ar
902 3622 942 3668 ille
952 3622 1028 3682 pellit,
1039 3622 1163 3683 permulcet
1175 3636 1263 3668 sensum

137 3683 179 3730 88.
199 3681 518 3748 Patertpsedornus,lepide
533 3681 669 3732 musmsti·
701 3685 836 3745 uoluptate,-
860 3683 893 3733 sic
921 3685 1009 3749 passim
1037 3685 1139 3749 simplex
1166 3685 1264 3732 verbum

103 3760 149 3792 cus
157 3745 209 3810 jam
227 3752 254 3793 nt
268 3746 310 3794 hos
369 3749 442 3794 muris
459 3747 543 3795 urbani
552 3757 620 3810 poter
630 3749 669 3794 do·
700 3749 800 3810 pollere.-
816 3746 869 3797 vide
890 3747 997 3813 inprimis
1015 3749 1038 3797 1.
1054 3749 1094 3796 Fr.
1109 3749 1215 3798 Gronov.
1233 3747 1265 3796 ad

103 3826 154 3859 mus
170 3809 307 3876 (paterlami
319 3827 361 3866 ras,
377 3811 462 3874 herus)
474 3819 586 3859 vocatur:
603 3813 671 3872 poles
704 3810 758 3858 Liv.
770 3811 805 3866 iii,
814 3812 856 3865 80,
868 3813 881 3874 t
894 3815 919 3868 4,
930 3829 954 3876 p.
963 3813 1020 3867 660,
1031 3813 1056 3862 in
1066 3811 1124 3861 edit.
1141 3811 1264 3862 Drakenb.

102 3877 131 3921 in
155 3875 236 3930 ltomn
256 3889 331 3940 nuper
353 3875 450 3923 demum
472 3873 497 3922 iu
520 3875 593 3939 hujus
613 3875 669 3923 enni
734 3876 857 3925 99-101.
878 3877 947 3924 Urbis
968 3887 1057 3925 aventes
1075 3877 1164 3925 Murrio
1186 3877 1265 3923 nibre-

102 3939 304 3994 meseecolleota,
316 3947 419 3988 recente.
701 3956 762 4001 perr,
784 3938 867 3988 itinere
883 3948 980 4005 peracto
1002 3956 1056 3988 cum
1079 3956 1158 3988 mures
1178 3939 1263 3987 urbem

108 4003 114 4011 '
137 4003 179 4051 89.
196 4001 270 4058 Esset,
288 4003 436 4062 comederet3
453 4005 518 4060 odor,
535 4019 588 4060 nos,
605 4003 667 4052 Din—
701 4003 806 4052 adeundi
824 4002 915 4052 subiret
932 4003 1058 4069 cupiditas,
1074 4004 1174 4051 latenter
1189 4011 1262 4052 noctu
1313 4013 1322 4030 ·

102 4067 150 4122 lul,
161 4067 242 4129 Sprlt5
259 4067 353 4116 Lolium
372 4068 505 4131 (bromus),
518 4083 570 4124 nos,
587 4068 668 4116 Lolclt.
701 4069 781 4116 subter
800 4067 889 4117 moeuia
909 4083 1014 4132 strepere
1033 4075 1169 4132 coeperunt.
1202 4066 1264 4114 Noo-

103 4129 255 4194 Relinquetur,
267 4147 390 4181 reservans
401 4131 498 4198 hospiti.
701 4136 776 4188 turni,
800 4140 917 4182 nocturno
939 4140 1062 4196 tempore3
1089 4140 1118 4180 ut
1138 4141 1266 4179 nocturnus

136 4195 179 4242 91.
198 4195 328 4244 Patiertem
345 4195 549 4262 (καρτεροῦντα),
567 4211 602 4243 sc.
613 4195 668 4244 vitae
701 4197 771 4258 lupus
783 4196 848 4261 apud
859 4195 930 4259 Virg.
943 4195 1005 4245 Geo.
1022 4194 1057 4252 iii,
1070 4195 1128 4252 637,
1139 4203 1165 4244 et
1175 4211 1264 4256 resper-

102 4271 194 4322 asperes
214 4267 238 4307 et
258 4259 324 4308 dure
343 4269 445 4321 sortem3
469 4264 529 4324 pati,
549 4275 598 4309 uon
617 4274 668 4308 raro
701 4263 765 4308 tinus
783 4277 860 4316 ursus,
878 4276 933 4325 sup.
945 4259 1024 4325 Epod.
1044 4260 1083 4315 16,
1095 4262 1135 4309 51.
1167 4260 1265 4322 Jamque

101 4321 670 4436 qmqqqdqqqppqpepaqqq
702 4325 830 4436 {tt-‘lul
829 4342 856 4437 t
865 4327 967 4437 11111
968 4326 1044 4437 :tl
1045 4322 1265 4437 “mnltllmlssi

100 4449 300 4563 atltae
318 4423 667 4565 {moltam
700 4453 963 4566 tornatur
977 4404 1267 4526 iic

640 3059 666 3090 o·
699 3042 754 3092 vite
765 3043 1019 3102 lructnsexhortatu13
1035 3043 1070 3092 sic
1081 3043 1190 3104 Voluptas
1198 3041 1262 3107 apud
