<?xml version="1.0" encoding="UTF-8"?>
<!DOCTYPE html PUBLIC "-//W3C//DTD XHTML 1.0 Transitional//EN"
    "http://www.w3.org/TR/xhtml1/DTD/xhtml1-transitional.dtd">
<html xmlns="http://www.w3.org/1999/xhtml" xml:lang="en" lang="en">
 <head>
  <title>
</title>
<meta http-equiv="Content-Type" content="text/html;charset=utf-8" />
  <meta name='ocr-system' content='tesseract 3.04.00' />
  <meta name='ocr-capabilities' content='ocr_page ocr_carea ocr_par ocr_line ocrx_word'/>
</head>
<body>
  <div class='ocr_page' id='page_1' title='image "./operaomniaillus00horagoog_0467.png"; bbox 0 0 3150 5200; ppageno 0'>
   <div class='ocr_carea' id='block_1_1' title="bbox 564 330 852 408">
    <p class='ocr_par' dir='ltr' id='par_1_1' title="bbox 564 330 852 408">
     <span class='ocr_line' id='line_1_1' title="bbox 564 330 852 408; baseline -0.014 -11"><span class='ocrx_word' id='word_1_1' title='bbox 564 331 729 397; x_wconf 87' lang='lat' dir='ltr'>LIBER</span> <span class='ocrx_word' id='word_1_2' title='bbox 752 330 798 408; x_wconf 91' lang='lat' dir='ltr'>Il,</span> <span class='ocrx_word' id='word_1_3' title='bbox 821 333 852 394; x_wconf 89' lang='grc'>8.</span> 
     </span>
    </p>
   </div>
   <div class='ocr_carea' id='block_1_2' title="bbox 160 481 1125 2201">
    <p class='ocr_par' dir='ltr' id='par_1_2' title="bbox 219 481 1047 668">
     <span class='ocr_line' id='line_1_2' title="bbox 220 481 1047 571; baseline -0.01 -18"><span class='ocrx_word' id='word_1_4' title='bbox 220 488 275 553; x_wconf 91' lang='lat' dir='ltr'>De</span> <span class='ocrx_word' id='word_1_5' title='bbox 290 486 397 552; x_wconf 86' lang='lat' dir='ltr'>medio</span> <span class='ocrx_word' id='word_1_6' title='bbox 413 494 527 571; x_wconf 86' lang='lat' dir='ltr'>potare</span> <span class='ocrx_word' id='word_1_7' title='bbox 542 484 606 549; x_wconf 89' lang='lat' dir='ltr'>die.</span> <span class='ocrx_word' id='word_1_8' title='bbox 654 483 720 559; x_wconf 90' lang='lat' dir='ltr'>Sic,</span> <span class='ocrx_word' id='word_1_9' title='bbox 737 494 773 547; x_wconf 89' lang='lat' dir='ltr'>ut</span> <span class='ocrx_word' id='word_1_10' title='bbox 788 481 867 545; x_wconf 92' lang='lat' dir='ltr'>mihi</span> <span class='ocrx_word' id='word_1_11' title='bbox 881 502 1047 565; x_wconf 89' lang='lat' dir='ltr'>nunquam</span> 
     </span>
     <span class='ocr_line' id='line_1_3' title="bbox 219 584 1018 668; baseline -0.011 -14"><span class='ocrx_word' id='word_1_12' title='bbox 219 590 259 654; x_wconf 95' lang='lat' dir='ltr'>In</span> <span class='ocrx_word' id='word_1_13' title='bbox 273 592 340 653; x_wconf 87' lang='lat' dir='ltr'>vita</span> <span class='ocrx_word' id='word_1_14' title='bbox 353 587 452 652; x_wconf 86' lang='lat' dir='ltr'>fuerit</span> <span class='ocrx_word' id='word_1_15' title='bbox 466 586 590 651; x_wconf 90' lang='lat' dir='ltr'>melius.</span> <span class='ocrx_word' id='word_1_16' title='bbox 637 584 703 661; x_wconf 91' lang='lat' dir='ltr'>Da,</span> <span class='ocrx_word' id='word_1_17' title='bbox 720 585 748 649; x_wconf 92' lang='lat' dir='ltr'>si</span> <span class='ocrx_word' id='word_1_18' title='bbox 761 604 861 668; x_wconf 85' lang='lat' dir='ltr'>grave</span> <span class='ocrx_word' id='word_1_19' title='bbox 875 604 942 646; x_wconf 90' lang='lat' dir='ltr'>non</span> <span class='ocrx_word' id='word_1_20' title='bbox 955 593 1018 661; x_wconf 85' lang='lat' dir='ltr'>est,</span> 
     </span>
    </p>

    <p class='ocr_par' dir='ltr' id='par_1_3' title="bbox 177 685 1093 1172">
     <span class='ocr_line' id='line_1_4' title="bbox 177 685 1011 776; baseline -0.013 -18"><span class='ocrx_word' id='word_1_21' title='bbox 177 694 198 758; x_wconf 88' lang='grc'><strong><em>5</em></strong></span> <span class='ocrx_word' id='word_1_22' title='bbox 221 693 308 765; x_wconf 83' lang='lat' dir='ltr'>Quae</span> <span class='ocrx_word' id='word_1_23' title='bbox 322 692 427 776; x_wconf 87' lang='lat' dir='ltr'>prima</span> <span class='ocrx_word' id='word_1_24' title='bbox 441 690 560 753; x_wconf 87' lang='lat' dir='ltr'>iratum</span> <span class='ocrx_word' id='word_1_25' title='bbox 574 697 718 751; x_wconf 87' lang='lat' dir='ltr'>ventrem</span> <span class='ocrx_word' id='word_1_26' title='bbox 733 685 911 770; x_wconf 80' lang='lat' dir='ltr'>placaverit</span> <span class='ocrx_word' id='word_1_27' title='bbox 925 706 1011 749; x_wconf 86' lang='lat' dir='ltr'>esea.</span> 
     </span>
     <span class='ocr_line' id='line_1_5' title="bbox 219 784 963 879; baseline -0.012 -21"><span class='ocrx_word' id='word_1_28' title='bbox 219 794 386 879; x_wconf 87' lang='lat' dir='ltr'>Inprimis</span> <span class='ocrx_word' id='word_1_29' title='bbox 403 791 557 857; x_wconf 89' lang='lat' dir='ltr'>Lucanus</span> <span class='ocrx_word' id='word_1_30' title='bbox 573 810 652 873; x_wconf 86' lang='lat' dir='ltr'>aper</span> <span class='ocrx_word' id='word_1_31' title='bbox 668 787 745 869; x_wconf 86' lang='lat' dir='ltr'>(leni</span> <span class='ocrx_word' id='word_1_32' title='bbox 760 787 823 851; x_wconf 87' lang='lat' dir='ltr'>fuit</span> <span class='ocrx_word' id='word_1_33' title='bbox 837 784 963 850; x_wconf 86' lang='lat' dir='ltr'><strong>Austro</strong></span> 
     </span>
     <span class='ocr_line' id='line_1_6' title="bbox 222 889 1042 981; baseline -0.007 -22"><span class='ocrx_word' id='word_1_34' title='bbox 222 896 360 981; x_wconf 86' lang='lat' dir='ltr'>Captus,</span> <span class='ocrx_word' id='word_1_35' title='bbox 377 906 414 959; x_wconf 90' lang='lat' dir='ltr'>ut</span> <span class='ocrx_word' id='word_1_36' title='bbox 429 894 538 958; x_wconf 88' lang='lat' dir='ltr'>aiebat</span> <span class='ocrx_word' id='word_1_37' title='bbox 552 912 655 957; x_wconf 89' lang='lat' dir='ltr'>coenae</span> <span class='ocrx_word' id='word_1_38' title='bbox 670 890 795 975; x_wconf 86' lang='lat' dir='ltr'>pater);</span> <span class='ocrx_word' id='word_1_39' title='bbox 817 890 906 953; x_wconf 84' lang='lat' dir='ltr'>acria</span> <span class='ocrx_word' id='word_1_40' title='bbox 920 889 1042 953; x_wconf 79' lang='lat' dir='ltr'>circum</span> 
     </span>
     <span class='ocr_line' id='line_1_7' title="bbox 221 991 942 1081; baseline -0.008 -20"><span class='ocrx_word' id='word_1_41' title='bbox 221 996 365 1081; x_wconf 87' lang='lat' dir='ltr'>Rapula,</span> <span class='ocrx_word' id='word_1_42' title='bbox 380 996 527 1071; x_wconf 82' lang='lat' dir='ltr'>lactucae,</span> <span class='ocrx_word' id='word_1_43' title='bbox 542 994 682 1069; x_wconf 83' lang='lat' dir='ltr'>radices,</span> <span class='ocrx_word' id='word_1_44' title='bbox 698 992 807 1076; x_wconf 86' lang='lat' dir='ltr'>qualia</span> <span class='ocrx_word' id='word_1_45' title='bbox 820 991 942 1055; x_wconf 86' lang='lat' dir='ltr'>lassum</span> 
     </span>
     <span class='ocr_line' id='line_1_8' title="bbox 221 1091 1093 1172; baseline -0.007 -9"><span class='ocrx_word' id='word_1_46' title='bbox 221 1097 410 1163; x_wconf 88' lang='lat' dir='ltr'>Pervellunt</span> <span class='ocrx_word' id='word_1_47' title='bbox 425 1096 637 1172; x_wconf 87' lang='lat' dir='ltr'>stomachum,</span> <span class='ocrx_word' id='word_1_48' title='bbox 654 1096 746 1171; x_wconf 86' lang='lat' dir='ltr'>siser,</span> <span class='ocrx_word' id='word_1_49' title='bbox 761 1093 866 1171; x_wconf 88' lang='lat' dir='ltr'>halec,</span> <span class='ocrx_word' id='word_1_50' title='bbox 881 1091 998 1157; x_wconf 71' lang='lat' dir='ltr'>fecula</span> <span class='ocrx_word' id='word_1_51' title='bbox 1012 1092 1093 1157; x_wconf 84' lang='lat' dir='ltr'>Coa.</span> 
     </span>
    </p>

    <p class='ocr_par' dir='ltr' id='par_1_4' title="bbox 160 1197 1078 1690">
     <span class='ocr_line' id='line_1_9' title="bbox 160 1197 996 1283; baseline -0.007 -18"><span class='ocrx_word' id='word_1_52' title='bbox 160 1200 201 1265; x_wconf 92' lang='grc'>10</span> <span class='ocrx_word' id='word_1_53' title='bbox 222 1199 287 1263; x_wconf 89' lang='lat' dir='ltr'>His</span> <span class='ocrx_word' id='word_1_54' title='bbox 302 1201 360 1265; x_wconf 90' lang='lat' dir='ltr'>ubi</span> <span class='ocrx_word' id='word_1_55' title='bbox 374 1199 512 1265; x_wconf 85' lang='lat' dir='ltr'>sublatis</span> <span class='ocrx_word' id='word_1_56' title='bbox 526 1220 610 1283; x_wconf 87' lang='lat' dir='ltr'>puer</span> <span class='ocrx_word' id='word_1_57' title='bbox 625 1197 689 1262; x_wconf 86' lang='lat' dir='ltr'>alte</span> <span class='ocrx_word' id='word_1_58' title='bbox 704 1197 830 1261; x_wconf 89' lang='lat' dir='ltr'>cinctus</span> <span class='ocrx_word' id='word_1_59' title='bbox 845 1217 996 1261; x_wconf 88' lang='lat' dir='ltr'>acernam</span> 
     </span>
     <span class='ocr_line' id='line_1_10' title="bbox 223 1296 1049 1387; baseline -0.005 -22"><span class='ocrx_word' id='word_1_60' title='bbox 223 1301 382 1387; x_wconf 88' lang='lat' dir='ltr'>Gausape</span> <span class='ocrx_word' id='word_1_61' title='bbox 397 1324 565 1387; x_wconf 89' lang='lat' dir='ltr'>purpureo</span> <span class='ocrx_word' id='word_1_62' title='bbox 580 1320 723 1365; x_wconf 89' lang='lat' dir='ltr'>mensam</span> <span class='ocrx_word' id='word_1_63' title='bbox 737 1298 902 1383; x_wconf 78' lang='lat' dir='ltr'><strong>pertersit,</strong></span> <span class='ocrx_word' id='word_1_64' title='bbox 917 1308 952 1362; x_wconf 91' lang='lat' dir='ltr'>et</span> <span class='ocrx_word' id='word_1_65' title='bbox 965 1296 1049 1363; x_wconf 87' lang='lat' dir='ltr'>alter</span> 
     </span>
     <span class='ocr_line' id='line_1_11' title="bbox 222 1400 1057 1488; baseline -0.002 -21"><span class='ocrx_word' id='word_1_66' title='bbox 222 1403 373 1488; x_wconf 85' lang='lat' dir='ltr'>Sublegit</span> <span class='ocrx_word' id='word_1_67' title='bbox 388 1404 608 1488; x_wconf 90' lang='lat' dir='ltr'>quodcunque</span> <span class='ocrx_word' id='word_1_68' title='bbox 618 1403 745 1487; x_wconf 88' lang='lat' dir='ltr'>jaceret</span> <span class='ocrx_word' id='word_1_69' title='bbox 760 1400 884 1477; x_wconf 89' lang='lat' dir='ltr'>inutile,</span> <span class='ocrx_word' id='word_1_70' title='bbox 901 1400 1057 1485; x_wconf 88' lang='lat' dir='ltr'>quodque</span> 
     </span>
     <span class='ocr_line' id='line_1_12' title="bbox 225 1500 1025 1587; baseline -0.003 -18"><span class='ocrx_word' id='word_1_71' title='bbox 225 1504 345 1569; x_wconf 86' lang='lat' dir='ltr'>Posset</span> <span class='ocrx_word' id='word_1_72' title='bbox 360 1515 526 1570; x_wconf 80' lang='lat' dir='ltr'>coenantes</span> <span class='ocrx_word' id='word_1_73' title='bbox 542 1504 728 1580; x_wconf 82' lang='lat' dir='ltr'>offendere3</span> <span class='ocrx_word' id='word_1_74' title='bbox 753 1512 791 1566; x_wconf 86' lang='lat' dir='ltr'>ut</span> <span class='ocrx_word' id='word_1_75' title='bbox 805 1500 918 1566; x_wconf 81' lang='lat' dir='ltr'>Attica</span> <span class='ocrx_word' id='word_1_76' title='bbox 932 1504 1025 1587; x_wconf 81' lang='lat' dir='ltr'>virgo</span> 
     </span>
     <span class='ocr_line' id='line_1_13' title="bbox 224 1603 1078 1690; baseline -0.002 -19"><span class='ocrx_word' id='word_1_77' title='bbox 224 1607 307 1671; x_wconf 89' lang='lat' dir='ltr'>Cum</span> <span class='ocrx_word' id='word_1_78' title='bbox 324 1608 424 1673; x_wconf 86' lang='lat' dir='ltr'>sacris</span> <span class='ocrx_word' id='word_1_79' title='bbox 440 1606 581 1683; x_wconf 86' lang='lat' dir='ltr'>Cereris,</span> <span class='ocrx_word' id='word_1_80' title='bbox 596 1604 746 1690; x_wconf 83' lang='lat' dir='ltr'>procedit</span> <span class='ocrx_word' id='word_1_81' title='bbox 761 1604 873 1669; x_wconf 81' lang='lat' dir='ltr'>fuscus</span> <span class='ocrx_word' id='word_1_82' title='bbox 888 1603 1078 1689; x_wconf 78' lang='lat' dir='ltr'>Hydaspes,</span> 
     </span>
    </p>

    <p class='ocr_par' dir='ltr' id='par_1_5' title="bbox 161 1706 1125 2201">
     <span class='ocr_line' id='line_1_14' title="bbox 161 1706 1105 1792; baseline -0.002 -19"><span class='ocrx_word' id='word_1_83' title='bbox 161 1710 202 1773; x_wconf 87' lang='grc'>15</span> <span class='ocrx_word' id='word_1_84' title='bbox 223 1710 367 1775; x_wconf 82' lang='lat' dir='ltr'>Caecuba</span> <span class='ocrx_word' id='word_1_85' title='bbox 380 1710 458 1773; x_wconf 87' lang='lat' dir='ltr'>vina</span> <span class='ocrx_word' id='word_1_86' title='bbox 469 1708 589 1785; x_wconf 84' lang='lat' dir='ltr'>ferens,</span> <span class='ocrx_word' id='word_1_87' title='bbox 605 1706 712 1773; x_wconf 89' lang='lat' dir='ltr'>Alcon</span> <span class='ocrx_word' id='word_1_88' title='bbox 728 1706 847 1771; x_wconf 92' lang='lat' dir='ltr'>Chium</span> <span class='ocrx_word' id='word_1_89' title='bbox 861 1707 959 1770; x_wconf 88' lang='lat' dir='ltr'>maris</span> <span class='ocrx_word' id='word_1_90' title='bbox 973 1729 1105 1792; x_wconf 85' lang='lat' dir='ltr'>expers.</span> 
     </span>
     <span class='ocr_line' id='line_1_15' title="bbox 225 1807 1093 1886; baseline -0.003 -11"><span class='ocrx_word' id='word_1_91' title='bbox 225 1812 291 1876; x_wconf 91' lang='lat' dir='ltr'>Hic</span> <span class='ocrx_word' id='word_1_92' title='bbox 305 1811 423 1875; x_wconf 87' lang='lat' dir='ltr'>herus:</span> <span class='ocrx_word' id='word_1_93' title='bbox 448 1809 624 1886; x_wconf 88' lang='lat' dir='ltr'>Albanum,</span> <span class='ocrx_word' id='word_1_94' title='bbox 641 1808 819 1885; x_wconf 87' lang='lat' dir='ltr'>Maecenas,</span> <span class='ocrx_word' id='word_1_95' title='bbox 836 1809 903 1872; x_wconf 85' lang='lat' dir='ltr'>sive</span> <span class='ocrx_word' id='word_1_96' title='bbox 918 1807 1093 1873; x_wconf 83' lang='lat' dir='ltr'>Falernum</span> 
     </span>
     <span class='ocr_line' id='line_1_16' title="bbox 223 1910 1125 1999; baseline -0.004 -20"><span class='ocrx_word' id='word_1_97' title='bbox 223 1914 393 1998; x_wconf 85' lang='lat' dir='ltr'>Tamagis</span> <span class='ocrx_word' id='word_1_98' title='bbox 409 1913 568 1999; x_wconf 88' lang='lat' dir='ltr'>appositis</span> <span class='ocrx_word' id='word_1_99' title='bbox 584 1911 742 1977; x_wconf 87' lang='lat' dir='ltr'>delectat:</span> <span class='ocrx_word' id='word_1_100' title='bbox 765 1910 924 1973; x_wconf 87' lang='lat' dir='ltr'>habemus</span> <span class='ocrx_word' id='word_1_101' title='bbox 939 1919 1125 1995; x_wconf 90' lang='lat' dir='ltr'>utrumque.</span> 
     </span>
     <span class='ocr_line' id='line_1_17' title="bbox 223 2011 1052 2098; baseline -0.005 -19"><span class='ocrx_word' id='word_1_102' title='bbox 223 2016 379 2098; x_wconf 88' lang='lat' dir='ltr'>(Divitias</span> <span class='ocrx_word' id='word_1_103' title='bbox 393 2017 527 2080; x_wconf 86' lang='lat' dir='ltr'>miseras</span> <span class='ocrx_word' id='word_1_104' title='bbox 538 2014 559 2098; x_wconf 83' lang='lat' dir='ltr'>l)</span> <span class='ocrx_word' id='word_1_105' title='bbox 583 2014 651 2077; x_wconf 83' lang='lat' dir='ltr'>Sed</span> <span class='ocrx_word' id='word_1_106' title='bbox 666 2011 739 2096; x_wconf 85' lang='lat' dir='ltr'>quis</span> <span class='ocrx_word' id='word_1_107' title='bbox 755 2014 962 2075; x_wconf 87' lang='lat' dir='ltr'>coenantibus</span> <span class='ocrx_word' id='word_1_108' title='bbox 976 2034 1052 2089; x_wconf 87' lang='lat' dir='ltr'>una,</span> 
     </span>
     <span class='ocr_line' id='line_1_18' title="bbox 225 2113 992 2201; baseline -0.005 -19"><span class='ocrx_word' id='word_1_109' title='bbox 225 2116 388 2194; x_wconf 86' lang='lat' dir='ltr'>Fundani,</span> <span class='ocrx_word' id='word_1_110' title='bbox 405 2116 541 2201; x_wconf 89' lang='lat' dir='ltr'>pulchre</span> <span class='ocrx_word' id='word_1_111' title='bbox 557 2114 656 2180; x_wconf 85' lang='lat' dir='ltr'>fuerit</span> <span class='ocrx_word' id='word_1_112' title='bbox 672 2114 743 2190; x_wconf 90' lang='lat' dir='ltr'>tibi,</span> <span class='ocrx_word' id='word_1_113' title='bbox 759 2136 856 2177; x_wconf 88' lang='lat' dir='ltr'>nosse</span> <span class='ocrx_word' id='word_1_114' title='bbox 867 2113 992 2179; x_wconf 86' lang='lat' dir='ltr'>laboro.</span> 
     </span>
    </p>
   </div>
   <div class='ocr_carea' id='block_1_3' title="bbox 135 2264 1297 3804">
    <p class='ocr_par' dir='ltr' id='par_1_6' title="bbox 135 2264 1297 3804">
     <span class='ocr_line' id='line_1_19' title="bbox 135 2264 1292 2345; baseline -0.003 -26"><span class='ocrx_word' id='word_1_115' title='bbox 135 2268 256 2326; x_wconf 83' lang='lat' dir='ltr'>Fundani,</span> <span class='ocrx_word' id='word_1_116' title='bbox 270 2268 312 2345; x_wconf 70' lang='lat' dir='ltr'>qui</span> <span class='ocrx_word' id='word_1_117' title='bbox 323 2283 392 2317; x_wconf 76' lang='lat' dir='ltr'>versu</span> <span class='ocrx_word' id='word_1_118' title='bbox 404 2269 435 2316; x_wconf 89' lang='lat'>19</span> <span class='ocrx_word' id='word_1_119' title='bbox 445 2267 542 2317; x_wconf 86' lang='lat' dir='ltr'>demum</span> <span class='ocrx_word' id='word_1_120' title='bbox 553 2266 698 2315; x_wconf 85' lang='lat' dir='ltr'>nominatur.</span> <span class='ocrx_word' id='word_1_121' title='bbox 730 2264 844 2313; x_wconf 80' lang='lat' dir='ltr'>stantiam</span> <span class='ocrx_word' id='word_1_122' title='bbox 861 2265 962 2329; x_wconf 87' lang='lat' dir='ltr'>superbo</span> <span class='ocrx_word' id='word_1_123' title='bbox 981 2265 1051 2314; x_wconf 80' lang='lat' dir='ltr'>vultu</span> <span class='ocrx_word' id='word_1_124' title='bbox 1069 2266 1292 2318; x_wconf 76' lang='lat' dir='ltr'>commendantem:</span> 
     </span>
     <span class='ocr_line' id='line_1_20' title="bbox 136 2328 1295 2397; baseline 0 -14"><span class='ocrx_word' id='word_1_125' title='bbox 136 2334 215 2391; x_wconf 78' lang='lat' dir='ltr'>Beati,</span> <span class='ocrx_word' id='word_1_126' title='bbox 233 2333 321 2390; x_wconf 76' lang='lat' dir='ltr'>divitis,</span> <span class='ocrx_word' id='word_1_127' title='bbox 341 2339 369 2380; x_wconf 89' lang='lat' dir='ltr'>nt</span> <span class='ocrx_word' id='word_1_128' title='bbox 389 2331 518 2397; x_wconf 70' lang='lat' dir='ltr'>sepissime</span> <span class='ocrx_word' id='word_1_129' title='bbox 537 2331 602 2397; x_wconf 86' lang='lat' dir='ltr'>apud</span> <span class='ocrx_word' id='word_1_130' title='bbox 619 2332 698 2379; x_wconf 87' lang='lat' dir='ltr'>Hora·</span> <span class='ocrx_word' id='word_1_131' title='bbox 730 2328 833 2377; x_wconf 82' lang='lat' dir='ltr'>ridicula</span> <span class='ocrx_word' id='word_1_132' title='bbox 849 2338 913 2379; x_wconf 85' lang='lat' dir='ltr'>certe</span> <span class='ocrx_word' id='word_1_133' title='bbox 930 2337 968 2377; x_wconf 81' lang='lat' dir='ltr'>est</span> <span class='ocrx_word' id='word_1_134' title='bbox 984 2330 1102 2395; x_wconf 85' lang='lat' dir='ltr'>ejusmodi</span> <span class='ocrx_word' id='word_1_135' title='bbox 1119 2333 1295 2383; x_wconf 83' lang='lat' dir='ltr'>commendatio</span> 
     </span>
     <span class='ocr_line' id='line_1_21' title="bbox 138 2393 1294 2460; baseline 0.009 -23"><span class='ocrx_word' id='word_1_136' title='bbox 138 2400 208 2446; x_wconf 71' lang='lat' dir='ltr'>tium,</span> <span class='ocrx_word' id='word_1_137' title='bbox 730 2408 761 2441; x_wconf 85' lang='lat' dir='ltr'>ex</span> <span class='ocrx_word' id='word_1_138' title='bbox 788 2409 829 2443; x_wconf 87' lang='lat' dir='ltr'>ora</span> <span class='ocrx_word' id='word_1_139' title='bbox 855 2393 959 2442; x_wconf 86' lang='lat' dir='ltr'>hominis</span> <span class='ocrx_word' id='word_1_140' title='bbox 984 2396 1050 2443; x_wconf 82' lang='lat' dir='ltr'>avari</span> <span class='ocrx_word' id='word_1_141' title='bbox 1076 2395 1190 2460; x_wconf 83' lang='lat' dir='ltr'>prolecta.</span> <span class='ocrx_word' id='word_1_142' title='bbox 1233 2398 1294 2447; x_wconf 64' lang='lat' dir='ltr'>tent</span> 
     </span>
     <span class='ocr_line' id='line_1_22' title="bbox 168 2459 1294 2527; baseline 0 -16"><span class='ocrx_word' id='word_1_143' title='bbox 168 2465 194 2518; x_wconf 80' lang='lat'>2,</span> <span class='ocrx_word' id='word_1_144' title='bbox 207 2464 232 2511; x_wconf 80' lang='lat'>³.</span> <span class='ocrx_word' id='word_1_145' title='bbox 261 2462 322 2509; x_wconf 80' lang='lat' dir='ltr'>Nam</span> <span class='ocrx_word' id='word_1_146' title='bbox 341 2461 398 2508; x_wconf 78' lang='lat' dir='ltr'>mili</span> <span class='ocrx_word' id='word_1_147' title='bbox 420 2463 541 2523; x_wconf 76' lang='lat' dir='ltr'>querenti,</span> <span class='ocrx_word' id='word_1_148' title='bbox 562 2468 620 2508; x_wconf 82' lang='lat' dir='ltr'>cett.</span> <span class='ocrx_word' id='word_1_149' title='bbox 644 2472 700 2507; x_wconf 88' lang='lat' dir='ltr'>nam</span> <span class='ocrx_word' id='word_1_150' title='bbox 732 2459 819 2508; x_wconf 66' lang='lat' dir='ltr'>Andro</span> <span class='ocrx_word' id='word_1_151' title='bbox 837 2468 933 2520; x_wconf 68' lang='lat' dir='ltr'>coptos,</span> <span class='ocrx_word' id='word_1_152' title='bbox 955 2460 1015 2523; x_wconf 83' lang='lat' dir='ltr'>quia</span> <span class='ocrx_word' id='word_1_153' title='bbox 1033 2474 1089 2508; x_wconf 86' lang='lat' dir='ltr'>caro</span> <span class='ocrx_word' id='word_1_154' title='bbox 1110 2475 1230 2525; x_wconf 82' lang='lat' dir='ltr'>aprorum,</span> <span class='ocrx_word' id='word_1_155' title='bbox 1250 2463 1294 2527; x_wconf 88' lang='lat' dir='ltr'>qui</span> 
     </span>
     <span class='ocr_line' id='line_1_23' title="bbox 136 2521 1295 2589; baseline 0.003 -16"><span class='ocrx_word' id='word_1_156' title='bbox 136 2526 195 2575; x_wconf 85' lang='lat' dir='ltr'>mihi</span> <span class='ocrx_word' id='word_1_157' title='bbox 212 2534 235 2575; x_wconf 84' lang='lat' dir='ltr'>te</span> <span class='ocrx_word' id='word_1_158' title='bbox 254 2525 304 2574; x_wconf 81' lang='lat' dir='ltr'>hori</span> <span class='ocrx_word' id='word_1_159' title='bbox 321 2524 352 2573; x_wconf 87' lang='lat' dir='ltr'>ad</span> <span class='ocrx_word' id='word_1_160' title='bbox 369 2540 463 2573; x_wconf 82' lang='lat' dir='ltr'>coenam</span> <span class='ocrx_word' id='word_1_161' title='bbox 481 2524 578 2573; x_wconf 86' lang='lat' dir='ltr'>vocanti</span> <span class='ocrx_word' id='word_1_162' title='bbox 593 2530 619 2572; x_wconf 88' lang='lat' dir='ltr'>tn</span> <span class='ocrx_word' id='word_1_163' title='bbox 633 2522 697 2588; x_wconf 83' lang='lat' dir='ltr'>apud</span> <span class='ocrx_word' id='word_1_164' title='bbox 731 2522 821 2571; x_wconf 81' lang='lat' dir='ltr'>Austro</span> <span class='ocrx_word' id='word_1_165' title='bbox 832 2521 905 2571; x_wconf 86' lang='lat' dir='ltr'>nimis</span> <span class='ocrx_word' id='word_1_166' title='bbox 914 2521 1020 2573; x_wconf 74' lang='lat' dir='ltr'>fervente</span> <span class='ocrx_word' id='word_1_167' title='bbox 1033 2524 1169 2589; x_wconf 83' lang='lat' dir='ltr'>capiuntur,</span> <span class='ocrx_word' id='word_1_168' title='bbox 1186 2526 1252 2576; x_wconf 77' lang='lat' dir='ltr'>brevi</span> <span class='ocrx_word' id='word_1_169' title='bbox 1267 2528 1295 2577; x_wconf 84' lang='lat' dir='ltr'>fit</span> 
     </span>
     <span class='ocr_line' id='line_1_24' title="bbox 136 2586 1295 2656; baseline 0.002 -16"><span class='ocrx_word' id='word_1_170' title='bbox 136 2592 161 2640; x_wconf 89' lang='lat' dir='ltr'><strong>N</strong></span> <span class='ocrx_word' id='word_1_171' title='bbox 164 2590 297 2641; x_wconf 84' lang='lat' dir='ltr'>asidienum</span> <span class='ocrx_word' id='word_1_172' title='bbox 307 2589 336 2640; x_wconf 88' lang='lat' dir='ltr'>de</span> <span class='ocrx_word' id='word_1_173' title='bbox 347 2588 426 2639; x_wconf 85' lang='lat' dir='ltr'>madio</span> <span class='ocrx_word' id='word_1_174' title='bbox 436 2588 475 2638; x_wconf 86' lang='lat' dir='ltr'>die</span> <span class='ocrx_word' id='word_1_175' title='bbox 487 2598 567 2656; x_wconf 76' lang='lat' dir='ltr'>potera</span> <span class='ocrx_word' id='word_1_176' title='bbox 577 2587 699 2637; x_wconf 80' lang='lat' dir='ltr'>dicturas.</span> <span class='ocrx_word' id='word_1_177' title='bbox 731 2586 831 2637; x_wconf 87' lang='lat' dir='ltr'>rancida</span> <span class='ocrx_word' id='word_1_178' title='bbox 846 2594 970 2654; x_wconf 83' lang='lat' dir='ltr'>putetque,</span> <span class='ocrx_word' id='word_1_179' title='bbox 981 2590 1029 2638; x_wconf 80' lang='lat' dir='ltr'>leni</span> <span class='ocrx_word' id='word_1_180' title='bbox 1039 2591 1126 2639; x_wconf 79' lang='lat' dir='ltr'>Austro</span> <span class='ocrx_word' id='word_1_181' title='bbox 1141 2599 1225 2640; x_wconf 84' lang='lat' dir='ltr'>contra</span> <span class='ocrx_word' id='word_1_182' title='bbox 1238 2607 1295 2642; x_wconf 81' lang='lat' dir='ltr'>caro</span> 
     </span>
     <span class='ocr_line' id='line_1_25' title="bbox 137 2652 868 2730; baseline -0.004 -26"><span class='ocrx_word' id='word_1_183' title='bbox 137 2657 208 2714; x_wconf 81' lang='lat' dir='ltr'>Here,</span> <span class='ocrx_word' id='word_1_184' title='bbox 220 2655 341 2730; x_wconf 75' lang='lat' dir='ltr'>antiquius</span> <span class='ocrx_word' id='word_1_185' title='bbox 351 2671 402 2720; x_wconf 91' lang='lat' dir='ltr'>pro,</span> <span class='ocrx_word' id='word_1_186' title='bbox 414 2655 473 2704; x_wconf 77' lang='lat' dir='ltr'>lert.</span> <span class='ocrx_word' id='word_1_187' title='bbox 495 2655 532 2703; x_wconf 80' lang='lat' dir='ltr'>De</span> <span class='ocrx_word' id='word_1_188' title='bbox 543 2655 616 2702; x_wconf 84' lang='lat' dir='ltr'>medio</span> <span class='ocrx_word' id='word_1_189' title='bbox 625 2655 671 2710; x_wconf 82' lang='lat' dir='ltr'>die,</span> <span class='ocrx_word' id='word_1_190' title='bbox 684 2667 699 2700; x_wconf 92' lang='lat' dir='ltr'>a</span> <span class='ocrx_word' id='word_1_191' title='bbox 730 2652 757 2700; x_wconf 86' lang='lat' dir='ltr'>fit</span> <span class='ocrx_word' id='word_1_192' title='bbox 766 2653 868 2702; x_wconf 85' lang='lat' dir='ltr'>mollior.</span> 
     </span>
     <span class='ocr_line' id='line_1_26' title="bbox 136 2716 1293 2784; baseline 0.002 -16"><span class='ocrx_word' id='word_1_193' title='bbox 136 2719 215 2768; x_wconf 89' lang='lat' dir='ltr'>medio</span> <span class='ocrx_word' id='word_1_194' title='bbox 227 2728 307 2768; x_wconf 74' lang='lat' dir='ltr'>statim</span> <span class='ocrx_word' id='word_1_195' title='bbox 321 2718 371 2776; x_wconf 89' lang='lat' dir='ltr'>die,</span> <span class='ocrx_word' id='word_1_196' title='bbox 383 2721 523 2767; x_wconf 79' lang='lat' dir='ltr'>utdenocte</span> <span class='ocrx_word' id='word_1_197' title='bbox 537 2734 632 2781; x_wconf 76' lang='lat' dir='ltr'>surgere</span> <span class='ocrx_word' id='word_1_198' title='bbox 647 2731 698 2783; x_wconf 84' lang='lat' dir='ltr'>pro,</span> <span class='ocrx_word' id='word_1_199' title='bbox 765 2718 790 2766; x_wconf 89' lang='grc'>7.</span> <span class='ocrx_word' id='word_1_200' title='bbox 809 2720 913 2774; x_wconf 78' lang='lat' dir='ltr'>Circum,</span> <span class='ocrx_word' id='word_1_201' title='bbox 935 2733 970 2767; x_wconf 84' lang='lat' dir='ltr'>sc.</span> <span class='ocrx_word' id='word_1_202' title='bbox 992 2718 1083 2784; x_wconf 83' lang='lat' dir='ltr'>posita:</span> <span class='ocrx_word' id='word_1_203' title='bbox 1099 2716 1126 2766; x_wconf 93' lang='lat' dir='ltr'>in</span> <span class='ocrx_word' id='word_1_204' title='bbox 1144 2734 1228 2770; x_wconf 83' lang='lat' dir='ltr'>mensa</span> <span class='ocrx_word' id='word_1_205' title='bbox 1246 2720 1293 2769; x_wconf 85' lang='lat' dir='ltr'>ali·</span> 
     </span>
     <span class='ocr_line' id='line_1_27' title="bbox 136 2781 1292 2848; baseline 0.002 -16"><span class='ocrx_word' id='word_1_206' title='bbox 136 2784 216 2832; x_wconf 84' lang='lat' dir='ltr'>statim</span> <span class='ocrx_word' id='word_1_207' title='bbox 240 2801 255 2832; x_wconf 85' lang='lat' dir='ltr'>a</span> <span class='ocrx_word' id='word_1_208' title='bbox 281 2783 361 2832; x_wconf 86' lang='lat' dir='ltr'>media</span> <span class='ocrx_word' id='word_1_209' title='bbox 396 2791 473 2840; x_wconf 84' lang='lat' dir='ltr'>nocte,</span> <span class='ocrx_word' id='word_1_210' title='bbox 490 2783 555 2848; x_wconf 85' lang='lat' dir='ltr'>apud</span> <span class='ocrx_word' id='word_1_211' title='bbox 581 2781 635 2831; x_wconf 88' lang='lat' dir='ltr'>Cic.</span> <span class='ocrx_word' id='word_1_212' title='bbox 657 2797 699 2846; x_wconf 88' lang='lat' dir='ltr'>pro</span> <span class='ocrx_word' id='word_1_213' title='bbox 731 2781 792 2846; x_wconf 86' lang='lat' dir='ltr'>quid</span> <span class='ocrx_word' id='word_1_214' title='bbox 801 2784 889 2832; x_wconf 76' lang='lat' dir='ltr'>catillis</span> <span class='ocrx_word' id='word_1_215' title='bbox 904 2785 1081 2845; x_wconf 73' lang='lat' dir='ltr'>circumponere,</span> <span class='ocrx_word' id='word_1_216' title='bbox 1092 2799 1148 2848; x_wconf 85' lang='lat' dir='ltr'>sup.</span> <span class='ocrx_word' id='word_1_217' title='bbox 1160 2786 1213 2834; x_wconf 81' lang='lat' dir='ltr'>Sat.</span> <span class='ocrx_word' id='word_1_218' title='bbox 1223 2785 1251 2842; x_wconf 89' lang='lat' dir='ltr'>ii,</span> <span class='ocrx_word' id='word_1_219' title='bbox 1266 2787 1292 2844; x_wconf 78' lang='lat' dir='ltr'>t,</span> 
     </span>
     <span class='ocr_line' id='line_1_28' title="bbox 137 2845 1293 2922; baseline 0.001 -26"><span class='ocrx_word' id='word_1_220' title='bbox 137 2849 235 2896; x_wconf 83' lang='lat' dir='ltr'>Muren.</span> <span class='ocrx_word' id='word_1_221' title='bbox 243 2849 290 2897; x_wconf 82' lang='lat'>³3:</span> <span class='ocrx_word' id='word_1_222' title='bbox 303 2846 420 2912; x_wconf 87' lang='lat' dir='ltr'>ejusmodi</span> <span class='ocrx_word' id='word_1_223' title='bbox 430 2847 546 2904; x_wconf 83' lang='lat' dir='ltr'>convivia,</span> <span class='ocrx_word' id='word_1_224' title='bbox 555 2863 610 2911; x_wconf 81' lang='lat' dir='ltr'>qua</span> <span class='ocrx_word' id='word_1_225' title='bbox 619 2845 649 2896; x_wconf 91' lang='lat' dir='ltr'>de</span> <span class='ocrx_word' id='word_1_226' title='bbox 659 2845 699 2895; x_wconf 86' lang='lat' dir='ltr'>die</span> <span class='ocrx_word' id='word_1_227' title='bbox 732 2847 773 2895; x_wconf 80' lang='lat'>75.</span> <span class='ocrx_word' id='word_1_228' title='bbox 806 2848 887 2903; x_wconf 79' lang='lat' dir='ltr'>Acria,</span> <span class='ocrx_word' id='word_1_229' title='bbox 898 2863 962 2910; x_wconf 74' lang='lat' dir='ltr'>quse,</span> <span class='ocrx_word' id='word_1_230' title='bbox 974 2855 1003 2896; x_wconf 90' lang='lat' dir='ltr'>ut</span> <span class='ocrx_word' id='word_1_231' title='bbox 1011 2863 1067 2896; x_wconf 81' lang='lat' dir='ltr'>mox</span> <span class='ocrx_word' id='word_1_232' title='bbox 1080 2847 1196 2922; x_wconf 77' lang='lat' dir='ltr'>seqnitur,</span> <span class='ocrx_word' id='word_1_233' title='bbox 1208 2851 1293 2898; x_wconf 73' lang='lat' dir='ltr'>lam</span> 
     </span>
     <span class='ocr_line' id='line_1_29' title="bbox 135 2909 1292 2977; baseline 0.003 -18"><span class='ocrx_word' id='word_1_234' title='bbox 135 2911 291 2976; x_wconf 85' lang='lat' dir='ltr'>incipiebant,</span> <span class='ocrx_word' id='word_1_235' title='bbox 303 2921 328 2960; x_wconf 90' lang='lat' dir='ltr'>et</span> <span class='ocrx_word' id='word_1_236' title='bbox 344 2911 370 2959; x_wconf 92' lang='lat' dir='ltr'>in</span> <span class='ocrx_word' id='word_1_237' title='bbox 383 2911 482 2960; x_wconf 78' lang='lat' dir='ltr'>multam</span> <span class='ocrx_word' id='word_1_238' title='bbox 498 2921 592 2961; x_wconf 86' lang='lat' dir='ltr'>noctem</span> <span class='ocrx_word' id='word_1_239' title='bbox 627 2909 698 2960; x_wconf 85' lang='lat' dir='ltr'>mdu-</span> <span class='ocrx_word' id='word_1_240' title='bbox 732 2911 910 2975; x_wconf 75' lang='lat' dir='ltr'>(languentem,</span> <span class='ocrx_word' id='word_1_241' title='bbox 922 2911 988 2960; x_wconf 83' lang='lat' dir='ltr'>eibos</span> <span class='ocrx_word' id='word_1_242' title='bbox 998 2911 1105 2960; x_wconf 67' lang='grc' dir='ltr'>1αῇἀίιο</span> <span class='ocrx_word' id='word_1_243' title='bbox 1114 2911 1292 2977; x_wconf 73' lang='lat' dir='ltr'>incipientem),</span> 
     </span>
     <span class='ocr_line' id='line_1_30' title="bbox 136 2928 1291 3048; baseline 0.001 -23"><span class='ocrx_word' id='word_1_244' title='bbox 136 2977 262 3048; x_wconf 75' lang='lat' dir='ltr'>cebantur,</span> <span class='ocrx_word' id='word_1_245' title='bbox 272 2983 386 3026; x_wconf 76' lang='lat' dir='ltr'>vocantur</span> <span class='ocrx_word' id='word_1_246' title='bbox 397 2979 543 3038; x_wconf 78' lang='lat' dir='ltr'>tempestivo.-</span> <span class='ocrx_word' id='word_1_247' title='bbox 560 2975 592 3025; x_wconf 84' lang='lat' dir='ltr'>cl.</span> <span class='ocrx_word' id='word_1_248' title='bbox 604 2928 699 3024; x_wconf 48' lang='lat' dir='ltr'>{mest</span> <span class='ocrx_word' id='word_1_249' title='bbox 730 2978 870 3024; x_wconf 71' lang='lat' dir='ltr'>stomachum</span> <span class='ocrx_word' id='word_1_250' title='bbox 878 2977 1012 3037; x_wconf 76' lang='lat' dir='ltr'>pervellunt</span> <span class='ocrx_word' id='word_1_251' title='bbox 1023 2978 1157 3041; x_wconf 83' lang='lat' dir='ltr'>(pungunt,</span> <span class='ocrx_word' id='word_1_252' title='bbox 1169 2978 1291 3036; x_wconf 78' lang='lat' dir='ltr'>vellicant,</span> 
     </span>
     <span class='ocr_line' id='line_1_31' title="bbox 136 3039 847 3103; baseline 0.001 -16"><span class='ocrx_word' id='word_1_253' title='bbox 136 3039 699 3101; x_wconf 77' lang='lat' dir='ltr'>rnClav.Cic.subvocibusDeetTempestivut.</span> <span class='ocrx_word' id='word_1_254' title='bbox 730 3039 847 3103; x_wconf 78' lang='lat' dir='ltr'>acuum).</span> 
     </span>
     <span class='ocr_line' id='line_1_32' title="bbox 137 3103 1295 3171; baseline 0.003 -19"><span class='ocrx_word' id='word_1_255' title='bbox 137 3105 181 3152; x_wconf 82' lang='lat' dir='ltr'>An</span> <span class='ocrx_word' id='word_1_256' title='bbox 203 3114 258 3170; x_wconf 84' lang='lat' dir='ltr'>post</span> <span class='ocrx_word' id='word_1_257' title='bbox 277 3108 315 3154; x_wconf 79' lang='lat' dir='ltr'>die</span> <span class='ocrx_word' id='word_1_258' title='bbox 335 3104 425 3153; x_wconf 76' lang='lat' dir='ltr'>excidit</span> <span class='ocrx_word' id='word_1_259' title='bbox 445 3104 545 3154; x_wconf 79' lang='lat' dir='ltr'>fortasse</span> <span class='ocrx_word' id='word_1_260' title='bbox 565 3106 605 3152; x_wconf 74' lang='lat' dir='ltr'>ee?</span> <span class='ocrx_word' id='word_1_261' title='bbox 634 3104 699 3152; x_wconf 87' lang='lat' dir='ltr'>Nam</span> <span class='ocrx_word' id='word_1_262' title='bbox 763 3106 787 3153; x_wconf 81' lang='lat'>8.</span> <span class='ocrx_word' id='word_1_263' title='bbox 811 3105 908 3166; x_wconf 78' lang='lat' dir='ltr'>Reputo</span> <span class='ocrx_word' id='word_1_264' title='bbox 924 3103 1109 3167; x_wconf 77' lang='lat' dir='ltr'>(Rodiescten),</span> <span class='ocrx_word' id='word_1_265' title='bbox 1125 3105 1158 3154; x_wconf 82' lang='lat' dir='ltr'>cl.</span> <span class='ocrx_word' id='word_1_266' title='bbox 1172 3120 1227 3171; x_wconf 85' lang='lat' dir='ltr'>sup.</span> <span class='ocrx_word' id='word_1_267' title='bbox 1242 3108 1295 3156; x_wconf 85' lang='lat' dir='ltr'>Sat.</span> 
     </span>
     <span class='ocr_line' id='line_1_33' title="bbox 136 3167 1292 3236; baseline 0.003 -20"><span class='ocrx_word' id='word_1_268' title='bbox 136 3167 217 3216; x_wconf 78' lang='lat' dir='ltr'>finalis</span> <span class='ocrx_word' id='word_1_269' title='bbox 227 3168 307 3218; x_wconf 84' lang='lat' dir='ltr'>littera</span> <span class='ocrx_word' id='word_1_270' title='bbox 316 3186 328 3217; x_wconf 87' lang='lat' dir='ltr'>e</span> <span class='ocrx_word' id='word_1_271' title='bbox 336 3176 360 3216; x_wconf 84' lang='lat' dir='ltr'>et</span> <span class='ocrx_word' id='word_1_272' title='bbox 373 3167 473 3217; x_wconf 83' lang='lat' dir='ltr'>initialis</span> <span class='ocrx_word' id='word_1_273' title='bbox 485 3185 494 3216; x_wconf 83' lang='lat' dir='ltr'>s</span> <span class='ocrx_word' id='word_1_274' title='bbox 505 3168 577 3220; x_wconf 80' lang='lat' dir='ltr'>facile</span> <span class='ocrx_word' id='word_1_275' title='bbox 587 3182 669 3217; x_wconf 82' lang='lat' dir='ltr'>rocem</span> <span class='ocrx_word' id='word_1_276' title='bbox 677 3184 698 3216; x_wconf 79' lang='lat' dir='ltr'>es</span> <span class='ocrx_word' id='word_1_277' title='bbox 730 3167 757 3224; x_wconf 88' lang='lat' dir='ltr'>ii,</span> <span class='ocrx_word' id='word_1_278' title='bbox 768 3171 794 3226; x_wconf 82' lang='lat'>2,</span> <span class='ocrx_word' id='word_1_279' title='bbox 805 3170 838 3217; x_wconf 79' lang='lat'>⁴3</span> <span class='ocrx_word' id='word_1_280' title='bbox 844 3185 853 3226; x_wconf 69' lang='grc' dir='ltr'><strong><em>ς</em></strong></span> <span class='ocrx_word' id='word_1_281' title='bbox 864 3168 1103 3232; x_wconf 53' lang='lat' dir='ltr'>indenuntiata),</span> <span class='ocrx_word' id='word_1_282' title='bbox 1110 3185 1164 3236; x_wconf 86' lang='lat' dir='ltr'>sup.</span> <span class='ocrx_word' id='word_1_283' title='bbox 1173 3172 1222 3219; x_wconf 85' lang='lat' dir='ltr'>Sat.</span> <span class='ocrx_word' id='word_1_284' title='bbox 1232 3171 1257 3228; x_wconf 86' lang='lat' dir='ltr'>ii,</span> <span class='ocrx_word' id='word_1_285' title='bbox 1267 3174 1292 3228; x_wconf 79' lang='lat'>4,</span> 
     </span>
     <span class='ocr_line' id='line_1_34' title="bbox 136 3231 1138 3298; baseline 0.001 -17"><span class='ocrx_word' id='word_1_286' title='bbox 136 3233 263 3282; x_wconf 84' lang='lat' dir='ltr'>absorbere</span> <span class='ocrx_word' id='word_1_287' title='bbox 320 3240 405 3281; x_wconf 84' lang='lat' dir='ltr'>terant.</span> <span class='ocrx_word' id='word_1_288' title='bbox 448 3233 495 3292; x_wconf 76' lang='lat' dir='ltr'>Sta,</span> <span class='ocrx_word' id='word_1_289' title='bbox 518 3249 554 3284; x_wconf 87' lang='lat' dir='ltr'>sc.</span> <span class='ocrx_word' id='word_1_290' title='bbox 575 3248 612 3282; x_wconf 88' lang='lat' dir='ltr'>me</span> <span class='ocrx_word' id='word_1_291' title='bbox 637 3231 701 3297; x_wconf 80' lang='lat' dir='ltr'>juvit</span> <span class='ocrx_word' id='word_1_292' title='bbox 732 3235 781 3292; x_wconf 74' lang='lat'>593</span> <span class='ocrx_word' id='word_1_293' title='bbox 795 3236 928 3290; x_wconf 59' lang='lat' dir='ltr'>redimas</span> <span class='ocrx_word' id='word_1_294' title='bbox 945 3232 1138 3298; x_wconf 76' lang='lat' dir='ltr'>heni(Rettig).</span> 
     </span>
     <span class='ocr_line' id='line_1_35' title="bbox 137 3249 1292 3369; baseline 0.004 -24"><span class='ocrx_word' id='word_1_295' title='bbox 137 3311 212 3346; x_wconf 71' lang='lat' dir='ltr'>crena</span> <span class='ocrx_word' id='word_1_296' title='bbox 222 3249 358 3348; x_wconf 63' lang='lat' dir='ltr'>Nasidlni.</span> <span class='ocrx_word' id='word_1_297' title='bbox 548 3359 553 3369; x_wconf 42' lang='grc' dir='ltr'>Ι</span> <span class='ocrx_word' id='word_1_298' title='bbox 656 3359 661 3369; x_wconf 42' lang='grc' dir='ltr'>Ι</span> <span class='ocrx_word' id='word_1_299' title='bbox 764 3299 789 3346; x_wconf 90' lang='grc'>9.</span> <span class='ocrx_word' id='word_1_300' title='bbox 815 3298 877 3346; x_wconf 76' lang='lat' dir='ltr'>Sim</span> <span class='ocrx_word' id='word_1_301' title='bbox 904 3249 987 3361; x_wconf 59' lang='grc' dir='ltr'>(0οη</span> <span class='ocrx_word' id='word_1_302' title='bbox 1009 3301 1116 3358; x_wconf 63' lang='lat' dir='ltr'>mmm,</span> <span class='ocrx_word' id='word_1_303' title='bbox 1142 3297 1216 3348; x_wconf 88' lang='lat' dir='ltr'>Linn.</span> <span class='ocrx_word' id='word_1_304' title='bbox 1239 3315 1292 3360; x_wconf 85' lang='lat' dir='ltr'>nos,</span> 
     </span>
     <span class='ocr_line' id='line_1_36' title="bbox 172 3359 1292 3424; baseline 0.004 -15"><span class='ocrx_word' id='word_1_305' title='bbox 172 3363 197 3410; x_wconf 84' lang='grc'>4.</span> <span class='ocrx_word' id='word_1_306' title='bbox 214 3362 263 3416; x_wconf 81' lang='lat' dir='ltr'>Da,</span> <span class='ocrx_word' id='word_1_307' title='bbox 286 3377 364 3416; x_wconf 88' lang='lat' dir='ltr'>narra,</span> <span class='ocrx_word' id='word_1_308' title='bbox 386 3369 469 3409; x_wconf 88' lang='lat' dir='ltr'>notum</span> <span class='ocrx_word' id='word_1_309' title='bbox 490 3369 526 3410; x_wconf 83' lang='lat' dir='ltr'>est</span> <span class='ocrx_word' id='word_1_310' title='bbox 547 3359 609 3409; x_wconf 82' lang='lat' dir='ltr'>ulud</span> <span class='ocrx_word' id='word_1_311' title='bbox 630 3361 699 3423; x_wconf 79' lang='lat' dir='ltr'>Vng.</span> <span class='ocrx_word' id='word_1_312' title='bbox 733 3361 932 3424; x_wconf 76' lang='lat' dir='ltr'>Zockenouml),</span> <span class='ocrx_word' id='word_1_313' title='bbox 950 3361 1017 3411; x_wconf 88' lang='lat' dir='ltr'>Plio.</span> <span class='ocrx_word' id='word_1_314' title='bbox 1037 3379 1078 3418; x_wconf 84' lang='lat' dir='ltr'>rx,</span> <span class='ocrx_word' id='word_1_315' title='bbox 1095 3364 1135 3421; x_wconf 92' lang='grc'>17,</span> <span class='ocrx_word' id='word_1_316' title='bbox 1152 3364 1292 3414; x_wconf 73' lang='lat' dir='ltr'>Sim—tto·</span> 
     </span>
     <span class='ocr_line' id='line_1_37' title="bbox 138 3425 1293 3491; baseline 0.004 -17"><span class='ocrx_word' id='word_1_317' title='bbox 138 3425 196 3474; x_wconf 85' lang='lat' dir='ltr'>Ecl.</span> <span class='ocrx_word' id='word_1_318' title='bbox 207 3425 224 3482; x_wconf 89' lang='lat' dir='ltr'>i,</span> <span class='ocrx_word' id='word_1_319' title='bbox 239 3428 278 3486; x_wconf 88' lang='grc'>19,</span> <span class='ocrx_word' id='word_1_320' title='bbox 289 3427 334 3475; x_wconf 83' lang='lat' dir='ltr'>Sed</span> <span class='ocrx_word' id='word_1_321' title='bbox 349 3436 423 3475; x_wconf 80' lang='lat' dir='ltr'>tomen</span> <span class='ocrx_word' id='word_1_322' title='bbox 439 3427 481 3473; x_wconf 81' lang='lat' dir='ltr'>iste</span> <span class='ocrx_word' id='word_1_323' title='bbox 493 3427 548 3474; x_wconf 79' lang='lat' dir='ltr'>deut</span> <span class='ocrx_word' id='word_1_324' title='bbox 558 3428 597 3488; x_wconf 75' lang='lat' dir='ltr'>qui</span> <span class='ocrx_word' id='word_1_325' title='bbox 607 3427 647 3480; x_wconf 81' lang='lat' dir='ltr'>tit,</span> <span class='ocrx_word' id='word_1_326' title='bbox 658 3428 698 3482; x_wconf 81' lang='lat' dir='ltr'>da,</span> <span class='ocrx_word' id='word_1_327' title='bbox 731 3427 836 3474; x_wconf 74' lang='lat' dir='ltr'>melum</span> <span class='ocrx_word' id='word_1_328' title='bbox 843 3425 1065 3491; x_wconf 74' lang='lat' dir='ltr'>acitot,fnetidinm</span> <span class='ocrx_word' id='word_1_329' title='bbox 1072 3430 1192 3491; x_wconf 76' lang='lat' dir='ltr'>abstergit.</span> <span class='ocrx_word' id='word_1_330' title='bbox 1209 3429 1293 3487; x_wconf 82' lang='lat' dir='ltr'>Holec,</span> 
     </span>
     <span class='ocr_line' id='line_1_38' title="bbox 140 3488 1237 3557; baseline 0.005 -19"><span class='ocrx_word' id='word_1_331' title='bbox 140 3489 231 3554; x_wconf 79' lang='lat' dir='ltr'>Tityre,</span> <span class='ocrx_word' id='word_1_332' title='bbox 249 3493 320 3540; x_wconf 77' lang='lat' dir='ltr'>nobie.</span> <span class='ocrx_word' id='word_1_333' title='bbox 354 3491 450 3538; x_wconf 86' lang='lat' dir='ltr'>Terent.</span> <span class='ocrx_word' id='word_1_334' title='bbox 470 3489 559 3538; x_wconf 86' lang='lat' dir='ltr'>Heaut.</span> <span class='ocrx_word' id='word_1_335' title='bbox 577 3489 644 3537; x_wconf 84' lang='lat' dir='ltr'>Ptol.</span> <span class='ocrx_word' id='word_1_336' title='bbox 660 3489 699 3546; x_wconf 93' lang='grc'>10,</span> <span class='ocrx_word' id='word_1_337' title='bbox 724 3488 817 3554; x_wconf 72' lang='lat' dir='ltr'>seculo</span> <span class='ocrx_word' id='word_1_338' title='bbox 829 3491 890 3538; x_wconf 83' lang='lat' dir='ltr'>Coo.-</span> <span class='ocrx_word' id='word_1_339' title='bbox 906 3490 940 3539; x_wconf 83' lang='lat' dir='ltr'>el.</span> <span class='ocrx_word' id='word_1_340' title='bbox 950 3507 1005 3557; x_wconf 84' lang='lat' dir='ltr'>sup.</span> <span class='ocrx_word' id='word_1_341' title='bbox 1017 3490 1048 3538; x_wconf 87' lang='lat' dir='ltr'>ad</span> <span class='ocrx_word' id='word_1_342' title='bbox 1059 3493 1110 3540; x_wconf 84' lang='lat' dir='ltr'>Sat.</span> <span class='ocrx_word' id='word_1_343' title='bbox 1121 3492 1147 3549; x_wconf 89' lang='lat' dir='ltr'>ii,</span> <span class='ocrx_word' id='word_1_344' title='bbox 1160 3495 1184 3549; x_wconf 83' lang='lat'>4,</span> <span class='ocrx_word' id='word_1_345' title='bbox 1196 3495 1237 3543; x_wconf 78' lang='lat'>78.</span> 
     </span>
     <span class='ocr_line' id='line_1_39' title="bbox 135 3553 1295 3625; baseline 0.004 -22"><span class='ocrx_word' id='word_1_346' title='bbox 135 3558 218 3616; x_wconf 77' lang='lat' dir='ltr'>paucis</span> <span class='ocrx_word' id='word_1_347' title='bbox 240 3557 306 3604; x_wconf 81' lang='lat' dir='ltr'>doto.</span> <span class='ocrx_word' id='word_1_348' title='bbox 349 3553 489 3602; x_wconf 84' lang='lat' dir='ltr'>Lectioncm</span> <span class='ocrx_word' id='word_1_349' title='bbox 510 3557 541 3602; x_wconf 85' lang='lat' dir='ltr'>dn</span> <span class='ocrx_word' id='word_1_350' title='bbox 562 3554 702 3602; x_wconf 84' lang='lat' dir='ltr'>confirmant</span> <span class='ocrx_word' id='word_1_351' title='bbox 767 3555 808 3602; x_wconf 90' lang='lat'>10.</span> <span class='ocrx_word' id='word_1_352' title='bbox 824 3555 888 3602; x_wconf 78' lang='lat' dir='ltr'>Puer</span> <span class='ocrx_word' id='word_1_353' title='bbox 905 3557 953 3604; x_wconf 76' lang='lat' dir='ltr'>alte</span> <span class='ocrx_word' id='word_1_354' title='bbox 972 3558 1070 3612; x_wconf 75' lang='lat' dir='ltr'>cinctae,</span> <span class='ocrx_word' id='word_1_355' title='bbox 1091 3557 1185 3606; x_wconf 86' lang='lat' dir='ltr'>scilicet</span> <span class='ocrx_word' id='word_1_356' title='bbox 1202 3566 1230 3607; x_wconf 90' lang='lat' dir='ltr'>ut</span> <span class='ocrx_word' id='word_1_357' title='bbox 1248 3558 1295 3625; x_wconf 86' lang='lat' dir='ltr'>ipsi</span> 
     </span>
     <span class='ocr_line' id='line_1_40' title="bbox 453 3703 1296 3737; baseline 0.007 -7"><span class='ocrx_word' id='word_1_358' title='bbox 453 3717 460 3730; x_wconf 95' lang='lat'>.</span> <span class='ocrx_word' id='word_1_359' title='bbox 1169 3703 1184 3733; x_wconf 88' lang='lat' dir='ltr'>v</span> <span class='ocrx_word' id='word_1_360' title='bbox 1267 3705 1296 3737; x_wconf 91' lang='lat' dir='ltr'>u·</span> 
     </span>
     <span class='ocr_line' id='line_1_41' title="bbox 171 3744 1297 3804; baseline 0.004 -8"><span class='ocrx_word' id='word_1_361' title='bbox 171 3749 196 3796; x_wconf 87' lang='lat'>5.</span> <span class='ocrx_word' id='word_1_362' title='bbox 214 3747 355 3804; x_wconf 78' lang='lat' dir='ltr'>Plocooerit‚</span> <span class='ocrx_word' id='word_1_363' title='bbox 373 3744 551 3796; x_wconf 84' lang='lat' dir='ltr'>accommodate</span> <span class='ocrx_word' id='word_1_364' title='bbox 568 3745 599 3793; x_wconf 87' lang='lat' dir='ltr'>ad</span> <span class='ocrx_word' id='word_1_365' title='bbox 614 3747 702 3793; x_wconf 78' lang='lat' dir='ltr'>iratum</span> <span class='ocrx_word' id='word_1_366' title='bbox 734 3747 825 3796; x_wconf 85' lang='lat' dir='ltr'>litatem</span> <span class='ocrx_word' id='word_1_367' title='bbox 851 3746 1011 3797; x_wconf 81' lang='lat' dir='ltr'>ostenderent.</span> <span class='ocrx_word' id='word_1_368' title='bbox 1054 3751 1182 3797; x_wconf 70' lang='lat' dir='ltr'>Aconum:</span> <span class='ocrx_word' id='word_1_369' title='bbox 1213 3753 1297 3801; x_wconf 82' lang='lat' dir='ltr'>Schol.</span> 
     </span>
    </p>
   </div>
   <div class='ocr_carea' id='block_1_4' title="bbox 136 3808 1297 3940">
    <p class='ocr_par' dir='ltr' id='par_1_7' title="bbox 136 3808 1297 3940">
     <span class='ocr_line' id='line_1_42' title="bbox 136 3808 1295 3922; baseline 0.003 -62"><span class='ocrx_word' id='word_1_370' title='bbox 136 3826 190 3922; x_wconf 85' lang='lat' dir='ltr'>pro,</span> <span class='ocrx_word' id='word_1_371' title='bbox 208 3811 360 3868; x_wconf 84' lang='lat' dir='ltr'>esurientem,</span> <span class='ocrx_word' id='word_1_372' title='bbox 379 3812 417 3885; x_wconf 73' lang='lat' dir='ltr'>vel</span> <span class='ocrx_word' id='word_1_373' title='bbox 436 3813 479 3875; x_wconf 90' lang='lat' dir='ltr'>(ut</span> <span class='ocrx_word' id='word_1_374' title='bbox 495 3826 549 3875; x_wconf 89' lang='lat' dir='ltr'>sup.</span> <span class='ocrx_word' id='word_1_375' title='bbox 568 3811 618 3883; x_wconf 77' lang='lat' dir='ltr'>Sat.</span> <span class='ocrx_word' id='word_1_376' title='bbox 634 3808 661 3866; x_wconf 89' lang='lat' dir='ltr'>ii,</span> <span class='ocrx_word' id='word_1_377' title='bbox 676 3811 701 3866; x_wconf 84' lang='lat'>2,</span> <span class='ocrx_word' id='word_1_378' title='bbox 735 3812 820 3876; x_wconf 74' lang='lat' dir='ltr'>Cruq„</span> <span class='ocrx_word' id='word_1_379' title='bbox 838 3811 870 3860; x_wconf 86' lang='lat' dir='ltr'>Et</span> <span class='ocrx_word' id='word_1_380' title='bbox 886 3811 927 3858; x_wconf 84' lang='lat' dir='ltr'>lwe</span> <span class='ocrx_word' id='word_1_381' title='bbox 943 3823 1008 3888; x_wconf 60' lang='lat' dir='ltr'>notat</span> <span class='ocrx_word' id='word_1_382' title='bbox 1028 3813 1295 3891; x_wconf 26' lang='lat' dir='ltr'>Nasidieninsordr&#39;tt&#39;em,</span> 
     </span>
     <span class='ocr_line' id='line_1_43' title="bbox 155 3875 1297 3940; baseline 0.005 -18"><span class='ocrx_word' id='word_1_383' title='bbox 155 3875 186 3935; x_wconf 88' lang='lat'>7)</span> <span class='ocrx_word' id='word_1_384' title='bbox 210 3877 349 3935; x_wconf 74' lang='lat' dir='ltr'>latrantem,</span> <span class='ocrx_word' id='word_1_385' title='bbox 376 3875 434 3924; x_wconf 90' lang='lat' dir='ltr'>lunc</span> <span class='ocrx_word' id='word_1_386' title='bbox 453 3890 507 3940; x_wconf 89' lang='lat' dir='ltr'>sup.</span> <span class='ocrx_word' id='word_1_387' title='bbox 525 3877 576 3924; x_wconf 81' lang='lat' dir='ltr'>Sat.</span> <span class='ocrx_word' id='word_1_388' title='bbox 593 3891 610 3931; x_wconf 86' lang='grc' dir='ltr'>ι,</span> <span class='ocrx_word' id='word_1_389' title='bbox 631 3877 657 3930; x_wconf 84' lang='grc'>5,</span> <span class='ocrx_word' id='word_1_390' title='bbox 677 3876 701 3930; x_wconf 83' lang='grc'>0,</span> <span class='ocrx_word' id='word_1_391' title='bbox 734 3878 795 3940; x_wconf 75' lang='lat' dir='ltr'>quod</span> <span class='ocrx_word' id='word_1_392' title='bbox 813 3891 858 3937; x_wconf 82' lang='lat' dir='ltr'>pro</span> <span class='ocrx_word' id='word_1_393' title='bbox 882 3878 972 3924; x_wconf 67' lang='lat' dir='ltr'>dueum</span> <span class='ocrx_word' id='word_1_394' title='bbox 997 3895 1043 3924; x_wconf 82' lang='lat' dir='ltr'>non</span> <span class='ocrx_word' id='word_1_395' title='bbox 1068 3879 1175 3926; x_wconf 76' lang='lat' dir='ltr'>lotumt</span> <span class='ocrx_word' id='word_1_396' title='bbox 1198 3895 1297 3928; x_wconf 74' lang='lat' dir='ltr'>mensum</span> 
     </span>
    </p>
   </div>
   <div class='ocr_carea' id='block_1_5' title="bbox 135 3937 1298 4588">
    <p class='ocr_par' dir='ltr' id='par_1_8' title="bbox 137 3937 1069 4003">
     <span class='ocr_line' id='line_1_44' title="bbox 137 3937 1069 4003; baseline 0.001 -16"><span class='ocrx_word' id='word_1_397' title='bbox 137 3938 264 4000; x_wconf 84' lang='lat' dir='ltr'>Horatius,</span> <span class='ocrx_word' id='word_1_398' title='bbox 291 3957 339 3989; x_wconf 92' lang='lat' dir='ltr'>non</span> <span class='ocrx_word' id='word_1_399' title='bbox 370 3940 463 3988; x_wconf 88' lang='lat' dir='ltr'>habens</span> <span class='ocrx_word' id='word_1_400' title='bbox 490 3938 554 4003; x_wconf 89' lang='lat' dir='ltr'>quod</span> <span class='ocrx_word' id='word_1_401' title='bbox 585 3937 648 3995; x_wconf 88' lang='lat' dir='ltr'>edat,</span> <span class='ocrx_word' id='word_1_402' title='bbox 676 3953 702 3986; x_wconf 83' lang='lat' dir='ltr'>se</span> <span class='ocrx_word' id='word_1_403' title='bbox 733 3943 1069 3990; x_wconf 76' lang='lat' dir='ltr'>citreamautvermicutotnm.</span> 
     </span>
    </p>

    <p class='ocr_par' dir='ltr' id='par_1_9' title="bbox 136 4004 1296 4134">
     <span class='ocr_line' id='line_1_45' title="bbox 136 4004 1295 4075; baseline 0.003 -24"><span class='ocrx_word' id='word_1_404' title='bbox 136 4007 215 4052; x_wconf 76' lang='lat' dir='ltr'>ventri</span> <span class='ocrx_word' id='word_1_405' title='bbox 225 4006 308 4053; x_wconf 77' lang='lat' dir='ltr'>tellam</span> <span class='ocrx_word' id='word_1_406' title='bbox 319 4007 420 4054; x_wconf 79' lang='lat' dir='ltr'>indicere</span> <span class='ocrx_word' id='word_1_407' title='bbox 431 4004 473 4052; x_wconf 85' lang='lat' dir='ltr'>ait.</span> <span class='ocrx_word' id='word_1_408' title='bbox 530 4064 560 4075; x_wconf 89' lang='lat'>..</span> <span class='ocrx_word' id='word_1_409' title='bbox 769 4007 809 4053; x_wconf 94' lang='grc'>11.</span> <span class='ocrx_word' id='word_1_410' title='bbox 822 4004 1062 4067; x_wconf 75' lang='lat' dir='ltr'>Gomnpeparpnm.</span> <span class='ocrx_word' id='word_1_411' title='bbox 1080 4005 1295 4068; x_wconf 52' lang='lat' dir='ltr'>commuue,</span> 
     </span>
     <span class='ocr_line' id='line_1_46' title="bbox 172 4066 1296 4134; baseline 0.003 -17"><span class='ocrx_word' id='word_1_412' title='bbox 172 4069 197 4117; x_wconf 86' lang='lat'>6.</span> <span class='ocrx_word' id='word_1_413' title='bbox 215 4068 326 4118; x_wconf 70' lang='lat' dir='ltr'>Imaum</span> <span class='ocrx_word' id='word_1_414' title='bbox 341 4086 405 4131; x_wconf 81' lang='lat' dir='ltr'>aper,</span> <span class='ocrx_word' id='word_1_415' title='bbox 418 4068 476 4133; x_wconf 86' lang='lat' dir='ltr'>quia</span> <span class='ocrx_word' id='word_1_416' title='bbox 487 4083 539 4134; x_wconf 86' lang='lat' dir='ltr'>apn</span> <span class='ocrx_word' id='word_1_417' title='bbox 554 4082 580 4114; x_wconf 88' lang='lat' dir='ltr'>m</span> <span class='ocrx_word' id='word_1_418' title='bbox 595 4066 703 4115; x_wconf 87' lang='lat' dir='ltr'>Lucania</span> <span class='ocrx_word' id='word_1_419' title='bbox 733 4085 848 4133; x_wconf 77' lang='lat' dir='ltr'>gausape,</span> <span class='ocrx_word' id='word_1_420' title='bbox 863 4085 890 4125; x_wconf 71' lang='grc' dir='ltr'>ω,</span> <span class='ocrx_word' id='word_1_421' title='bbox 909 4076 933 4117; x_wconf 90' lang='lat' dir='ltr'>et</span> <span class='ocrx_word' id='word_1_422' title='bbox 950 4085 1089 4130; x_wconf 78' lang='lat' dir='ltr'>gnompum,</span> <span class='ocrx_word' id='word_1_423' title='bbox 1108 4072 1126 4124; x_wconf 81' lang='grc' dir='ltr'>ι’,</span> <span class='ocrx_word' id='word_1_424' title='bbox 1144 4070 1245 4119; x_wconf 87' lang='lat' dir='ltr'>linteum</span> <span class='ocrx_word' id='word_1_425' title='bbox 1263 4071 1296 4120; x_wconf 83' lang='lat' dir='ltr'>ab</span> 
     </span>
    </p>

    <p class='ocr_par' dir='ltr' id='par_1_10' title="bbox 137 4130 1295 4198">
     <span class='ocr_line' id='line_1_47' title="bbox 137 4130 1295 4198; baseline 0.005 -20"><span class='ocrx_word' id='word_1_426' title='bbox 137 4131 171 4179; x_wconf 93' lang='lat' dir='ltr'>ob</span> <span class='ocrx_word' id='word_1_427' title='bbox 194 4140 289 4198; x_wconf 86' lang='lat' dir='ltr'>pastum</span> <span class='ocrx_word' id='word_1_428' title='bbox 309 4133 334 4182; x_wconf 89' lang='lat' dir='ltr'>in</span> <span class='ocrx_word' id='word_1_429' title='bbox 356 4133 474 4198; x_wconf 86' lang='lat' dir='ltr'>quercetis</span> <span class='ocrx_word' id='word_1_430' title='bbox 496 4139 553 4180; x_wconf 86' lang='lat' dir='ltr'>sunt</span> <span class='ocrx_word' id='word_1_431' title='bbox 575 4130 703 4180; x_wconf 87' lang='lat' dir='ltr'>admodum</span> <span class='ocrx_word' id='word_1_432' title='bbox 737 4134 812 4184; x_wconf 71' lang='lat' dir='ltr'>altera</span> <span class='ocrx_word' id='word_1_433' title='bbox 832 4141 899 4197; x_wconf 85' lang='lat' dir='ltr'>parte</span> <span class='ocrx_word' id='word_1_434' title='bbox 922 4131 1046 4191; x_wconf 69' lang='lat' dir='ltr'>villosum</span> <span class='ocrx_word' id='word_1_435' title='bbox 1063 4147 1078 4179; x_wconf 87' lang='lat' dir='ltr'>a</span> <span class='ocrx_word' id='word_1_436' title='bbox 1095 4133 1128 4180; x_wconf 92' lang='lat' dir='ltr'>ud</span> <span class='ocrx_word' id='word_1_437' title='bbox 1148 4133 1246 4183; x_wconf 82' lang='lat' dir='ltr'>ditiores</span> <span class='ocrx_word' id='word_1_438' title='bbox 1265 4151 1295 4184; x_wconf 84' lang='lat' dir='ltr'>er</span> 
     </span>
    </p>

    <p class='ocr_par' dir='ltr' id='par_1_11' title="bbox 137 4149 1297 4318">
     <span class='ocr_line' id='line_1_48' title="bbox 137 4149 1296 4313; baseline 0.003 -69"><span class='ocrx_word' id='word_1_439' title='bbox 137 4194 215 4308; x_wconf 53' lang='lat' dir='ltr'>ffli</span> <span class='ocrx_word' id='word_1_440' title='bbox 223 4215 230 4257; x_wconf 74' lang='lat'>5</span> <span class='ocrx_word' id='word_1_441' title='bbox 245 4197 374 4310; x_wconf 63' lang='lat' dir='ltr'>hdippmsup.</span> <span class='ocrx_word' id='word_1_442' title='bbox 391 4199 443 4311; x_wconf 50' lang='lat' dir='ltr'>Satt.</span> <span class='ocrx_word' id='word_1_443' title='bbox 454 4197 481 4254; x_wconf 89' lang='lat' dir='ltr'>ii,</span> <span class='ocrx_word' id='word_1_444' title='bbox 492 4199 516 4309; x_wconf 55' lang='grc' dir='ltr'>ἰ,</span> <span class='ocrx_word' id='word_1_445' title='bbox 533 4197 590 4253; x_wconf 80' lang='lat'>2³4,</span> <span class='ocrx_word' id='word_1_446' title='bbox 603 4195 634 4308; x_wconf 59' lang='lat' dir='ltr'>ig</span> <span class='ocrx_word' id='word_1_447' title='bbox 650 4199 702 4243; x_wconf 84' lang='lat' dir='ltr'>niue</span> <span class='ocrx_word' id='word_1_448' title='bbox 734 4196 910 4312; x_wconf 51' lang='lat' dir='ltr'>{lanalmolliore</span> <span class='ocrx_word' id='word_1_449' title='bbox 920 4205 945 4246; x_wconf 87' lang='lat' dir='ltr'>et</span> <span class='ocrx_word' id='word_1_450' title='bbox 960 4197 1038 4310; x_wconf 51' lang='lat' dir='ltr'>{olore</span> <span class='ocrx_word' id='word_1_451' title='bbox 1048 4149 1189 4262; x_wconf 71' lang='lat' dir='ltr'>splendido,</span> <span class='ocrx_word' id='word_1_452' title='bbox 1207 4216 1257 4313; x_wconf 58' lang='grc' dir='ltr'>(1ιὲ</span> <span class='ocrx_word' id='word_1_453' title='bbox 1271 4199 1296 4248; x_wconf 91' lang='lat' dir='ltr'>in</span> 
     </span>
     <span class='ocr_line' id='line_1_49' title="bbox 193 4277 1297 4318; baseline 0.005 -10"><span class='ocrx_word' id='word_1_454' title='bbox 193 4279 239 4309; x_wconf 84' lang='lat' dir='ltr'>ona</span> <span class='ocrx_word' id='word_1_455' title='bbox 320 4279 495 4318; x_wconf 63' lang='lat' dir='ltr'>“areauna</span> <span class='ocrx_word' id='word_1_456' title='bbox 518 4279 533 4309; x_wconf 84' lang='lat' dir='ltr'>n</span> <span class='ocrx_word' id='word_1_457' title='bbox 562 4279 600 4308; x_wconf 80' lang='lat' dir='ltr'>nm</span> <span class='ocrx_word' id='word_1_458' title='bbox 632 4277 702 4308; x_wconf 75' lang='lat' dir='ltr'>ouem</span> <span class='ocrx_word' id='word_1_459' title='bbox 751 4279 780 4312; x_wconf 85' lang='lat' dir='ltr'>oc</span> <span class='ocrx_word' id='word_1_460' title='bbox 800 4277 963 4311; x_wconf 83' lang='lat' dir='ltr'>ocoservusa</span> <span class='ocrx_word' id='word_1_461' title='bbox 995 4277 1102 4310; x_wconf 82' lang='lat' dir='ltr'>mensam</span> <span class='ocrx_word' id='word_1_462' title='bbox 1224 4281 1241 4312; x_wconf 94' lang='lat' dir='ltr'>n</span> <span class='ocrx_word' id='word_1_463' title='bbox 1257 4279 1297 4313; x_wconf 86' lang='lat' dir='ltr'>am</span> 
     </span>
    </p>

    <p class='ocr_par' dir='ltr' id='par_1_12' title="bbox 137 4271 1296 4390">
     <span class='ocr_line' id='line_1_50' title="bbox 137 4271 1296 4390; baseline 0.004 -18"><span class='ocrx_word' id='word_1_464' title='bbox 137 4339 188 4387; x_wconf 82' lang='lat' dir='ltr'>ego.</span> <span class='ocrx_word' id='word_1_465' title='bbox 232 4325 263 4374; x_wconf 92' lang='lat' dir='ltr'>In</span> <span class='ocrx_word' id='word_1_466' title='bbox 284 4325 367 4376; x_wconf 85' lang='lat' dir='ltr'>eadem</span> <span class='ocrx_word' id='word_1_467' title='bbox 390 4325 461 4374; x_wconf 85' lang='lat' dir='ltr'>lande</span> <span class='ocrx_word' id='word_1_468' title='bbox 483 4278 597 4387; x_wconf 54' lang='lat' dir='ltr'>estlliper</span> <span class='ocrx_word' id='word_1_469' title='bbox 620 4325 703 4374; x_wconf 77' lang='lat' dir='ltr'>Umber</span> <span class='ocrx_word' id='word_1_470' title='bbox 734 4327 829 4376; x_wconf 81' lang='lat' dir='ltr'>utitur:</span> <span class='ocrx_word' id='word_1_471' title='bbox 869 4325 918 4375; x_wconf 82' lang='lat' dir='ltr'>rid.</span> <span class='ocrx_word' id='word_1_472' title='bbox 948 4326 1055 4390; x_wconf 80' lang='lat' dir='ltr'>Boettig.</span> <span class='ocrx_word' id='word_1_473' title='bbox 1091 4271 1238 4384; x_wconf 53' lang='lat' dir='ltr'>Sam.</span> <span class='ocrx_word' id='word_1_474' title='bbox 1269 4329 1296 4386; x_wconf 84' lang='lat' dir='ltr'>ii,</span> 
     </span>
    </p>

    <p class='ocr_par' dir='ltr' id='par_1_13' title="bbox 137 4389 830 4458">
     <span class='ocr_line' id='line_1_51' title="bbox 137 4389 830 4458; baseline 0.007 -23"><span class='ocrx_word' id='word_1_475' title='bbox 137 4403 193 4454; x_wconf 87' lang='lat' dir='ltr'>sup.</span> <span class='ocrx_word' id='word_1_476' title='bbox 212 4389 262 4438; x_wconf 86' lang='lat' dir='ltr'>Sat.</span> <span class='ocrx_word' id='word_1_477' title='bbox 277 4389 304 4446; x_wconf 87' lang='lat' dir='ltr'>ii,</span> <span class='ocrx_word' id='word_1_478' title='bbox 322 4392 347 4448; x_wconf 83' lang='grc'>4,</span> <span class='ocrx_word' id='word_1_479' title='bbox 365 4392 406 4439; x_wconf 76' lang='grc'>40.</span> <span class='ocrx_word' id='word_1_480' title='bbox 444 4391 503 4438; x_wconf 76' lang='lat' dir='ltr'>Leni</span> <span class='ocrx_word' id='word_1_481' title='bbox 512 4389 577 4455; x_wconf 79' lang='lat' dir='ltr'>suit,</span> <span class='ocrx_word' id='word_1_482' title='bbox 595 4397 653 4438; x_wconf 84' lang='lat' dir='ltr'>cett.</span> <span class='ocrx_word' id='word_1_483' title='bbox 671 4405 703 4438; x_wconf 85' lang='lat' dir='ltr'>en</span> <span class='ocrx_word' id='word_1_484' title='bbox 735 4409 760 4458; x_wconf 85' lang='lat' dir='ltr'>p.</span> <span class='ocrx_word' id='word_1_485' title='bbox 775 4393 830 4440; x_wconf 78' lang='lat'>102.</span> 
     </span>
    </p>

    <p class='ocr_par' dir='ltr' id='par_1_14' title="bbox 135 4454 1298 4588">
     <span class='ocr_line' id='line_1_52' title="bbox 135 4454 1298 4522; baseline 0.005 -22"><span class='ocrx_word' id='word_1_486' title='bbox 135 4463 303 4514; x_wconf 72' lang='lat' dir='ltr'>patrensem</span> <span class='ocrx_word' id='word_1_487' title='bbox 314 4455 513 4520; x_wconf 82' lang='lat' dir='ltr'>(convivatorem,</span> <span class='ocrx_word' id='word_1_488' title='bbox 525 4454 617 4510; x_wconf 89' lang='lat' dir='ltr'>herum,</span> <span class='ocrx_word' id='word_1_489' title='bbox 630 4469 699 4518; x_wconf 80' lang='lat' dir='ltr'>paro·</span> <span class='ocrx_word' id='word_1_490' title='bbox 767 4458 807 4505; x_wconf 78' lang='lat' dir='ltr'>l‘t.</span> <span class='ocrx_word' id='word_1_491' title='bbox 823 4457 1074 4522; x_wconf 78' lang='lat' dir='ltr'>Suttegit,servnsqui</span> <span class='ocrx_word' id='word_1_492' title='bbox 1084 4458 1198 4521; x_wconf 74' lang='lat' dir='ltr'>sublegit.-</span> <span class='ocrx_word' id='word_1_493' title='bbox 1215 4457 1298 4506; x_wconf 87' lang='lat' dir='ltr'>Schol.</span> 
     </span>
     <span class='ocr_line' id='line_1_53' title="bbox 137 4517 1297 4588; baseline 0.004 -22"><span class='ocrx_word' id='word_1_494' title='bbox 137 4517 225 4588; x_wconf 82' lang='lat' dir='ltr'>chum)</span> <span class='ocrx_word' id='word_1_495' title='bbox 245 4534 364 4576; x_wconf 84' lang='lat' dir='ltr'>escarum,</span> <span class='ocrx_word' id='word_1_496' title='bbox 385 4535 440 4584; x_wconf 81' lang='lat' dir='ltr'>qua</span> <span class='ocrx_word' id='word_1_497' title='bbox 460 4527 621 4584; x_wconf 87' lang='lat' dir='ltr'>apponuntur,</span> <span class='ocrx_word' id='word_1_498' title='bbox 639 4534 699 4583; x_wconf 76' lang='lat' dir='ltr'>pra·</span> <span class='ocrx_word' id='word_1_499' title='bbox 733 4523 820 4586; x_wconf 70' lang='lat' dir='ltr'>Cruq„</span> <span class='ocrx_word' id='word_1_500' title='bbox 832 4521 977 4581; x_wconf 76' lang='grc' dir='ltr'>ἀνελέξατο,</span> <span class='ocrx_word' id='word_1_501' title='bbox 989 4524 1297 4586; x_wconf 74' lang='lat' dir='ltr'>quodmuqmjneeretiau·</span> 
     </span>
    </p>
   </div>
   <div class='ocr_carea' id='block_1_6' title="bbox 0 0 1586 5200">
    <p class='ocr_par' dir='ltr' id='par_1_15' title="bbox 0 0 1586 5200">
     <span class='ocr_line' id='line_1_54' title="bbox 0 0 1586 5200; baseline 0 0"><span class='ocrx_word' id='word_1_502' title='bbox 0 0 1586 5200; x_wconf 95' lang='lat' dir='ltr'> </span> 
     </span>
    </p>
   </div>
   <div class='ocr_carea' id='block_1_7' title="bbox 1571 0 1578 2605">
    <p class='ocr_par' dir='ltr' id='par_1_16' title="bbox 1571 0 1578 2605">
     <span class='ocr_line' id='line_1_55' title="bbox 1571 0 1578 2605; baseline 0 0"><span class='ocrx_word' id='word_1_503' title='bbox 1571 0 1578 2605; x_wconf 95' lang='lat' dir='ltr'> </span> 
     </span>
    </p>
   </div>
  </div>
 </body>
</html>
