3150 5200
589 337 752 404 LIBER
779 339 807 416 l,
834 341 862 403 l.

364 493 430 557 Seu
445 490 515 554 visa
528 501 578 554 est
593 491 708 556 catulis
724 512 819 556 cerva
833 488 997 566 fidelibus,

362 595 429 659 Seu
443 595 532 678 rupit
547 603 666 659 teretes
682 593 815 658 Marsus
830 615 910 676 aper
924 590 1048 676 plagae

361 695 419 761 Me
435 695 604 760 doctarum
617 696 726 759 ederae
739 696 873 781 praemia
887 693 1041 758 frontium

296 797 339 860 30
360 795 424 862 Dia
439 797 575 862 miscent
590 796 733 880 superis:
757 817 808 860 mc
822 793 965 880 gelidum
978 817 1091 859 nemus

361 897 653 985 Nympharumque
667 895 754 962 leves
769 918 843 962 cum
857 895 982 980 Satyris
997 895 1088 961 chori

361 1000 543 1065 Secernunt
557 997 696 1082 populo:
721 998 748 1060 si
763 998 869 1081 neque
883 999 980 1062 tibiae

360 1101 508 1185 Euterpe
522 1098 664 1174 cohibet,
680 1121 740 1164 nec
755 1097 969 1182 Polyhymnia

362 1202 528 1266 Lesboum
541 1199 663 1284 refugit
677 1199 812 1265 tendere
825 1201 988 1264 barbiton.

297 1305 341 1368 35
363 1302 492 1377 Quodsi
506 1321 556 1365 me
571 1300 680 1384 lyricis
694 1301 823 1364 vatibus
837 1300 964 1376 inseris,

362 1403 499 1470 Sublimi
512 1401 625 1466 seriam
640 1402 748 1466 sidera
762 1403 891 1468 vertice.
976 1409 979 1414 '

176 1611 219 1668 29,
246 1611 288 1659 ³0.
316 1610 357 1659 hle
376 1611 496 1658 doctam
518 1608 590 1658 adare
610 1612 706 1671 memte
736 1615 785 1658 tem
805 1608 831 1656 in
850 1607 896 1658 hoc
916 1608 947 1658 ad
966 1624 1022 1659 eum
1041 1608 1130 1674 scripto
1147 1609 1253 1660 carmine
1270 1620 1299 1658 ut

134 1671 260 1737 frontium
278 1673 323 1722 Dia
342 1677 436 1722 miscent
457 1677 554 1735 ruperis,
567 1673 602 1747 ¹h.
621 1689 642 1722 e.
661 1687 706 1735 ego
738 1687 852 1736 magnum
860 1681 955 1738 poetam
965 1674 1152 1732 celebrassem
1182 1682 1297 1749 rtuapro-

141 1744 705 1874 :ementiendum
734 1735 986 1874 utronno
1008 1738 1297 1787 ι·

142 1864 211 1914 cilio.
245 1867 327 1914 Poetae
342 1865 406 1914 anim
419 1865 509 1921 divino,
525 1880 575 1930 quo
591 1873 705 1929 aguntur,
738 1871 763 1914 et
770 1863 1180 1939 yactautcrloquitur‚aedloquitur
1189 1872 1217 1912 ut
1226 1875 1298 1930 poeta

141 1928 224 1979 furore
240 1929 306 1994 pleni
324 1929 371 1978 diie
387 1930 610 1994 increscensque
628 1931 706 1978 uidere
736 1931 840 1986 mrtem,
855 1929 898 1994 qui
913 1928 1001 1977 dirime
1017 1927 1152 1994 poereoari
1168 1929 1296 1981 ethonore

142 1993 210 2066 (od.
221 1993 247 2051 ii,
260 1996 300 2050 19,
313 1995 344 2058 2)
361 2001 386 2043 et
402 1996 486 2042 audire
502 1993 566 2057 (Od.
582 1993 617 2050 iii,
632 1995 657 2049 4,
674 1994 704 2056 6)
737 1992 842 2055 agitatus
853 2008 879 2043 te
890 1993 975 2043 miacet
985 1993 1032 2042 diis
1042 1994 1140 2058 nuperis,
1152 2001 1177 2041 et
1188 2001 1217 2041 ut
1225 2004 1295 2058 pocta

141 2057 191 2105 arbi
215 2057 335 2108 ridentur.
375 2057 473 2106 Edere:
500 2060 578 2114 mero,
607 2057 706 2106 Baccho
737 2056 827 2120 lyricut
844 2060 937 2106 tablini
953 2062 1038 2106 vertice
1046 2058 1125 2122 ferire
1141 2057 1187 2105 eibi
1202 2056 1297 2108 videtur

141 2135 221 2178 seam,
242 2137 311 2186 mque
331 2136 360 2170 ac
383 2121 474 2178 laurus,
491 2129 623 2186 poctamm,
644 2136 703 2186 pre·
736 2123 822 2170 sidero.
840 2121 903 2179 Quia
914 2121 1190 2185 Homtiumjactatorem
1201 2122 1295 2180 hebeat,

142 2185 216 2251 cipue
225 2185 317 2234 Bacchi
327 2184 412 2234 laudea
422 2185 568 2239 ementium.
578 2185 703 2251 premium
735 2183 755 2232 ai
770 2185 837 2233 canit
847 2185 896 2234 Od.
907 2185 933 2242 ii,
942 2186 984 2242 20,
998 2185 1051 2233 Non
1066 2187 1163 2240 usitato,
1173 2201 1216 2233 nce
1230 2192 1296 2236 tanai

141 2257 218 2313 fltque
227 2249 330 2312 insigne.
345 2250 415 2313 Virg.
425 2249 480 2298 Ecl.
489 2248 530 2306 vii,
539 2251 580 2307 25,
598 2249 704 2298 Partem
728 2248 802 2312 feror
819 2250 910 2306 Penne,
927 2259 971 2299 etc.
986 2249 1024 2297 vel
1042 2249 1090 2296 Od.
1108 2247 1144 2306 iii,
1163 2249 1205 2305 30,
1222 2244 1295 2315 Exegi

141 2315 213 2362 dere
229 2323 363 2362 crescentem
383 2323 463 2362 ornate
478 2323 576 2374 poetam.
616 2314 703 2363 Docto·
734 2324 905 2362 monumentum
918 2315 1095 2375 aerepercaniur
1106 2313 1294 2386 Regaliquetitu

140 2392 197 2425 rum
200 2377 329 2442 frontium,
338 2376 462 2427 doctorum
474 2386 609 2441 poetarum:
624 2381 704 2426 doctus
736 2376 992 2426 Promtdumaltiar?
1024 2376 1050 2424 si
1061 2377 1176 2425 Horatius
1188 2393 1214 2424 m
1225 2379 1294 2428 m29

141 2439 252 2552 Secede)
263 2442 368 2490 solemne
378 2449 512 2505 poetarum,
523 2441 637 2490 doctrinm
648 2440 702 2490 lau·
777 2441 938 2490 Maeccnatem
951 2448 1087 2490 convenere
1097 2439 1213 2489 voluiaaet
1223 2442 1294 2490 emti·

161 2519 199 2552 am
216 2504 261 2552 ribi
271 2504 454 2561 vindicantium,
467 2503 597 2570 epitheton.
630 2506 702 2555 Cete-
734 2519 815 2560 ouem,
833 2505 915 2554 haecce
933 2505 982 2554 fere
1000 2504 1024 2554 ei
1040 2503 1192 2570 exprimenda
1211 2504 1295 2555 fuisset

140 2568 702 2629 rumWahefieldio,Tedoctamm,utudMn·
734 2569 869 2619 tentantia:
894 2570 931 2620 Te
948 2570 1021 2635 juvat
1043 2585 1121 2619 rerum
1140 2567 1292 2635 publicarum

139 2640 252 2683 mutem
267 2634 390 2691 reseratur,
401 2649 444 2699 pro
458 2634 498 2681 Me
509 2636 629 2682 doctarum
645 2642 701 2683 cett.
733 2649 785 2683 ease
799 2643 933 2683 curatorem
945 2643 971 2684 et
985 2633 1171 2697 adminbuum]

139 2694 271 2759 legendum
291 2713 344 2747 esee
366 2697 520 2747 contendenti
541 2713 610 2747 nemo
631 2696 702 2748 tacite
766 2698 873 2747 31-34.
901 2699 971 2748 Iaeou
990 2699 1050 2747 refer
1073 2698 1103 2747 ad
1126 2697 1293 2763 Nympharum

139 2760 471 2828 suffragabitur-[Recepit
484 2770 564 2811 temen
575 2760 701 2810 lectionem
734 2776 789 2811 cum
810 2762 901 2827 Satyria
921 2762 1061 2811 muudum
1080 2762 1219 2826 agilitatem.
1250 2764 1291 2813 Se·

139 2834 166 2873 te
186 2824 212 2873 in
232 2826 303 2875 lidem
325 2834 350 2875 et
370 2825 507 2883 clientelam
531 2839 601 2874 tuam
624 2826 702 2889 gravio
734 2836 834 2875 comunt
849 2829 943 2889 populo,
961 2826 1037 2891 pomis
1055 2825 1189 2890 explicare:
1210 2827 1292 2891 sejun-

138 2896 255 2953 patronus
275 2888 455 2939 Illueuieaimur
475 2889 579 2951 Wolfiua
597 2888 622 2937 in
642 2890 702 2941 Litt.
767 2889 1294 2941 ntaconeortioetconauetudinecumaliia

139 2954 217 3001 Aual.
229 2954 254 3012 ii,
267 2971 292 3028 p.
302 2955 348 3003 261
362 2970 416 3029 sqq.
449 2954 571 3003 Lubenter
582 2956 613 3003 ab
629 2953 703 3018 hujus
750 2953 1202 3018 ominibur,meinsolitudiua(quam
1211 2966 1294 3004 amant

138 3016 703 3145 trttruuttlnnmtmt
730 3008 1292 3147 mmmm

138 3096 266 3195 gententia
275 3146 350 3211 hujus
358 3145 432 3195 totiut
446 3144 557 3194 carminis
568 3153 604 3194 est
614 3154 638 3194 et
648 3160 700 3195 ma·
733 3144 815 3193 malim
823 3145 953 3211 explicare:
966 3144 1225 3210 mediatiuguuntapo
1242 3146 1293 3205 ulo,

139 3218 183 3257 net
200 3210 268 3259 bec:
287 3210 391 3259 Diversa
408 3210 488 3275 plana,
500 3209 633 3266 Maecenas,
646 3208 701 3257 vitre
733 3209 798 3257 ultra
808 3210 929 3272 vulgarem
938 3210 1061 3259 homiuum
1069 3218 1156 3258 sortem
1165 3162 1303 3268 extollunt.

137 3273 221 3323 studia
230 3274 486 3333 aectanmrhominea3
503 3271 703 3329 aliushoc,aliua
734 3272 760 3321 in
776 3271 915 3321 societatem
931 3273 1030 3323 deorum
1048 3288 1086 3322 me
1103 3273 1237 3324 adducunt.
1266 3276 1293 3326 Sa·

109 3371 112 3375 .
137 3335 381 3403 aliudamplectitur3
394 3352 439 3400 ego
450 3334 702 3403 poeseoamihidelegi
750 3351 783 3393 ro,
792 3335 921 3400 aiquidem,
929 3337 1135 3411 quandoquidem.
1158 3339 1294 3401 Euterpe-

137 3400 362 3465 etudium3quodai
375 3401 448 3465 igitur
461 3398 505 3449 tibi
522 3415 571 3448 non
587 3398 702 3463 indiguus
733 3353 890 3463 lolyhymaia
911 3416 954 3466 pro
973 3416 1059 3467 quana
1077 3416 1157 3451 muta.
1190 3404 1292 3460 cohibet,

137 3462 287 3529 ridear,qui
297 3472 421 3529 poetarum
436 3464 507 3513 choro
522 3462 702 3520 adscribar,me
733 3464 828 3522 retinet,
845 3464 957 3527 denegat.
989 3466 1089 3531 Refugit
1103 3469 1196 3515 tendere
1210 3468 1292 3516 Labo-

137 3526 306 3577 selicietimum
325 3528 471 3594 praedicabo.
502 3526 537 3575 At
560 3526 580 3575 ai
602 3542 644 3591 pro
666 3545 700 3577 me
732 3545 771 3575 um
784 3530 898 3585 barbiton,
911 3529 1023 3579 tbborret
1037 3545 1052 3578 a
1067 3530 1190 3579 mactando
1201 3532 1293 3580 barbito

137 3591 226 3654 legeris
237 3604 268 3650 ta,
279 3592 338 3641 erit:
357 3592 421 3641 aliua
431 3592 484 3649 hoc,
497 3590 560 3639 alim
571 3590 638 3639 aliud
648 3598 699 3639 stu·
733 3591 837 3648 Lesboo,
850 3592 875 3641 b.
888 3607 909 3641 a.
921 3608 937 3641 a
950 3593 1097 3643 carminibus
1110 3594 1198 3658 lyricis,
1210 3594 1293 3659 qualia

135 3654 208 3703 dium
224 3655 349 3719 aequitum
365 3665 392 3705 tu
409 3672 435 3705 es
497 3664 530 3710 ta,
544 3662 569 3702 et
584 3669 629 3717 ego
646 3670 700 3703 eum
733 3653 791 3703 olim
808 3655 907 3707 Aloeus
924 3657 1027 3706 Lesbius
1047 3666 1073 3707 et
1088 3659 1184 3724 Sappho
1207 3658 1293 3709 Lesbia

135 3728 221 3783 poeta.
254 3720 386 3776 Maecenas,
415 3720 439 3768 ιι·
457 3717 558 3784 quidde
572 3717 627 3781 ejua
642 3718 699 3769 doc·
733 3718 884 3769 cecinerunt:
897 3724 998 3778 tondere,
1024 3721 1072 3772 uod
1080 3722 1292 3787 propriedechor·

135 3782 204 3855 trine
212 3791 236 3831 et
247 3798 345 3847 poeseos
356 3792 394 3831 atu
421 3782 701 3855 otmdantvepdantque
733 3782 778 3840 die,
796 3799 851 3847 qua
872 3784 928 3847 lyrae
948 3738 1113 3842 inuehuntur,
1128 3786 1225 3844 dicitur,
1240 3788 1293 3851 jam

135 3846 701 3975 tutuneu‘ttnnnnh‘ni
733 3846 1217 3965 nutrimentum
1235 3914 1281 3965 n

135 3973 285 4034 veniebant,
306 3990 365 4029 non,
387 3982 415 4023 ut
437 3984 507 4041 poeta
529 3972 653 4030 Horatius,
674 3990 701 4023 ee
732 3972 789 4023 lime
814 3983 887 4039 caput
963 3975 1041 4027 eidem
1067 3992 1145 4041 uaquc
1170 3977 1291 4032 extollam,

135 4036 238 4087 miscere
256 4046 349 4103 poterat
362 4038 408 4087 diis
425 4038 531 4106 ruperia:
551 4036 598 4085 imo
615 4036 636 4085 si
646 4054 700 4089 vere
733 4037 759 4086 h.
772 4052 795 4086 e.
805 4036 836 4084 ad
850 4037 927 4087 sidera
942 4056 1019 4107 utque
1036 4055 1122 4092 nomon
1134 4055 1213 4089 meum
1229 4040 1294 4089 cele·

136 4102 255 4152 Horatius
272 4102 406 4167 acripaiaset
421 4116 444 4153 te
452 4123 459 4164 ς
478 4104 498 4153 si
511 4117 564 4153 vere
578 4102 699 4157 Macero-
732 4100 846 4154 brabitut.
