3150 5200
572 382 735 448 LIBER
758 380 804 460 ΙΙ,
828 382 859 446 7.

562 720 767 787 CARMEN
791 721 870 787 Vll.

528 968 591 1017 AD
628 966 909 1017 POMPEIUM.

357 1146 389 1210 Ο
406 1165 495 1209 emes
510 1166 636 1209 mecum
650 1155 778 1228 tempus
791 1146 825 1207 in
838 1144 986 1208 ultimum

357 1246 522 1323 Deducte,
540 1246 645 1310 Bruto
660 1245 782 1309 militiae
797 1246 892 1324 duce,

400 1349 484 1422 Quis
500 1358 533 1413 te
548 1347 718 1411 redonavit
733 1346 897 1420 Quiritem

441 1447 505 1512 Dis
519 1448 633 1533 patriis
649 1447 797 1531 Italoque
812 1448 907 1525 coelo,

305 1554 326 1617 5
356 1550 502 1636 Pompei,
517 1572 662 1615 meonun
675 1551 777 1635 prime
794 1549 976 1614 sodalium?

358 1654 440 1717 Cum
455 1676 521 1736 quo
536 1662 714 1717 morantem
729 1674 817 1736 saepe
832 1651 919 1716 diem
932 1674 1022 1719 mero

398 1755 507 1840 megi,
524 1764 697 1820 coronatus
712 1754 854 1817 nitentes

442 1856 653 1921 Malobathro
670 1854 764 1940 Syrio
781 1854 926 1938 capillos.

356 1956 482 2023 Tecum
495 1958 666 2042 Philippos
681 1968 715 2021 et
728 1955 867 2021 celerem
881 1955 991 2040 firgam

296 2061 337 2124 10
358 2059 463 2141 Sensi,
480 2061 593 2127 relicta
609 2082 674 2124 non
686 2060 770 2125 bene
785 2058 949 2144 parmula;

139 2260 229 2313 tutent,
239 2255 360 2321 impellere
373 2255 468 2305 omnino
479 2273 523 2306 nos
533 2256 622 2307 debent
634 2263 661 2304 ut
671 2270 700 2304 eo
732 2258 809 2313 ritem,
832 2255 918 2311 omnis,
938 2248 986 2319 ouo
1009 2262 1065 2303 ente
1086 2254 1146 2303 civis
1169 2256 1294 2307 &manus

139 2320 300 2380 secedamus3
325 2321 419 2385 gravius
442 2321 515 2385 igitur
535 2338 577 2387 pro
598 2318 700 2385 vulgari,
734 2319 866 2381 gaudebas,
875 2318 937 2383 Juris
950 2318 980 2367 de
995 2318 1086 2383 integro
1097 2321 1252 2387 participem,
1268 2325 1294 2371 in

138 2394 238 2441 vocent,
254 2384 366 2434 invitent.
399 2385 515 2434 calentem
545 2386 650 2441 initiam,
667 2382 702 2431 ci·
732 2382 773 2447 jus
786 2383 917 2442 Quiritium
929 2382 1072 2432 restitutum.

140 2464 211 2498 neree
241 2448 341 2497 cremati
366 2449 469 2514 corporis
496 2390 576 2497 edliuc
601 2448 702 2513 tepidos.
767 2448 841 2496 6-e.
868 2448 927 2495 Cum
947 2465 991 2510 quo
1011 2457 1135 2495 morantem
1156 2465 1212 2510 seps
1234 2454 1295 2500 diem

141 2514 229 2562 Debita
247 2516 351 2569 lacrimo,
370 2528 418 2561 non
437 2515 575 2577 unguentis.
595 2522 624 2561 ut
642 2511 704 2560 alius
735 2528 796 2559 mero
811 2512 890 2575 fregi,
904 2519 961 2560 cett.
977 2526 1034 2560 cum
1052 2526 1101 2575 quo
1118 2528 1182 2577 nepe
1200 2522 1295 2580 tempus

141 2594 197 2626 mos
207 2578 295 2628 ferebat
305 2576 367 2652 (vid.
379 2578 471 2628 Tibull.
481 2578 498 2636 i,
511 2580 535 2637 3,
548 2578 592 2641 7);
606 2576 648 2627 sed
657 2576 704 2643 piis
736 2574 811 2625 leielli
828 2576 854 2626 in
873 2575 1089 2643 compotationibus
1102 2595 1109 2638 3
1131 2592 1174 2643 pro
1190 2578 1293 2692 vulpam,

142 2643 216 2691 amici
230 2643 333 2691 lacrimis
348 2643 440 2692 eineres
454 2659 511 2691 suos
525 2643 605 2708 spargi
619 2643 702 2707 cupit,
736 2647 831 2706 tempus
854 2642 915 2690 inter
931 2641 988 2689 vine
1005 2641 1094 2698 fellere,
1110 2643 1205 2704 gravius
1242 2643 1295 2704 ixit,

142 2710 204 2755 votis
231 2709 307 2764 amici,
334 2707 507 2770 significantius
535 2723 577 2773 pro
601 2705 703 2770 vulgari,
736 2715 860 2753 morantem
875 2709 935 2754 diem
950 2723 1011 2754 mmo
1018 2706 1144 2817 fropfm,
1157 2707 1182 2756 h.
1194 2723 1217 2756 e.
1228 2723 1294 2757 com·

141 2786 231 2819 meam.
259 2770 702 2836 Cl.lt1itsch.comparetlnscr.epud
735 2769 851 2834 potationi
873 2769 1019 2833 indulgendo
1038 2778 1063 2816 ta
1091 2772 1128 2818 ius
1147 2773 1228 2820 euntis
1247 2773 1295 2822 diei

144 2835 250 2883 Fabrett.
269 2853 295 2900 p.
313 2837 354 2890 64,
374 2843 399 2883 et
420 2835 515 2883 Flettw.
533 2851 557 2899 p.
581 2837 638 2893 320,
661 2833 704 2882 sed
736 2849 813 2882 mores
834 2835 938 2883 vincere.
980 2833 1029 2882 Sed
1051 2834 1092 2883 Cl.
1114 2835 1215 2886 Mitscb.
1236 2839 1296 2886 diem

142 2898 229 2948 vitiose
251 2899 372 2962 scriptam.
405 2899 560 2948 Emendatius
580 2899 625 2948 hoc
645 2897 703 2963 Epi·
736 2913 795 2946 mero
816 2899 926 2962 frangere
946 2898 1018 2963 paulo
1041 2898 1154 2947 subtilius
1175 2898 1293 2967 explicat:

141 2962 703 3027 grammeexhibuitlacobs.inAnthelGreo.
736 2953 827 3072 partein
849 2961 880 3010 de
900 2961 940 3010 dis
962 2961 1072 3024 gravibus
1094 2970 1119 3010 st
1137 2962 1204 3012 seriis
1225 2965 1297 3014 rebus

144 3043 238 3084 cccxv,
255 3029 279 3084 6,
293 3027 317 3082 7,
329 3028 360 3075 Τ.
373 3028 406 3082 ἰν,
422 3043 446 3092 p.
462 3029 519 3083 273,
537 3027 588 3075 sic:
607 3026 705 3089 Μέμνεο
753 3026 880 3074 estinetem
893 3025 997 3081 demere,
1008 3024 1162 3090 demtamque
1175 3039 1297 3094 compota-

142 3091 193 3150 κήν
216 3093 288 3149 lubic
307 3089 399 3154 lplbev,
418 3091 461 3140 καὶ
487 3093 597 3140 πολλάκι
619 3091 705 3156 τύμβῳ
737 3089 798 3139 tioni
808 3090 883 3149 dare3
899 3089 1022 3138 decurtare
1033 3088 1081 3136 diei
1095 3090 1209 3154 spatium,
1221 3093 1297 3142 nocti-

144 3156 256 3206 Σπεῑσον
277 3155 329 3205 ἀπὸ
352 3155 482 3222 βλεφάρων
503 3154 578 3222 δάκρυ
601 3156 706 3221 ἀποιχο·
738 3171 786 3218 que
803 3154 865 3202 illud
879 3153 991 3218 adjicere,
1003 3153 1067 3217 quod
1083 3154 1109 3200 lit
1122 3156 1298 3230 compotatione

140 3217 215 3286 μένῃ.
738 3219 903 3284 tempestivius
919 3217 1044 3277 instituta3
1064 3228 1092 3265 ut
1107 3233 1161 3284 sup.
1178 3236 1196 3276 r,
1215 3222 1238 3276 l,
1255 3223 1296 3280 20,

736 3295 827 3346 purtem
837 3287 865 3330 ds
875 3285 914 3330 die
927 3284 999 3330 solido
1012 3284 1108 3330 densere.
1142 3283 1296 3344 Melabatbro,

312 3347 464 3396 CARMEN
483 3349 545 3398 VII.
739 3357 862 3412 unguento
884 3362 897 3395 e
919 3345 1060 3395 malobathri
1082 3346 1146 3395 foliis
1168 3363 1295 3413 expresso:

180 3413 238 3469 Quo
292 3411 342 3459 vior
351 3411 398 3458 luit
410 3411 555 3469 sollicitudo,
567 3427 615 3477 qua
627 3414 705 3461 Hora-
739 3413 905 3459 malobutbmm
940 3410 1016 3475 roprie
1035 3410 1111 3460 frutex
1133 3410 1253 3472 odoratus,
1272 3413 1298 3464 in

142 3475 239 3524 tiusde
273 3490 311 3522 om
328 3475 420 3546 ⁴iosibi
433 3475 587 3534 amicissimo,
600 3477 707 3542 quipost
739 3474 817 3523 Indiae
834 3428 965 3540 paludilius
980 3489 1090 3532 nascens,
1108 3490 1138 3523 ex
1154 3476 1225 3542 cujus
1242 3479 1300 3530 solio

145 3539 260 3606 proelium
270 3539 318 3586 Phr
328 3554 422 3604 rppense
432 3539 500 3588 novis
511 3541 568 3589 belli
579 3549 706 3605 tempesta·
739 3540 865 3588 convoluto
882 3539 1052 3588 conficiebatur
1065 3549 1215 3602 unguentum
1229 3545 1298 3592 nobi·

144 3605 212 3652 tibus
230 3619 257 3652 se
276 3618 305 3651 er
337 3613 422 3661 suerat,
440 3605 589 3670 perturbatus
606 3605 660 3663 luit,
678 3621 706 3654 eo
738 3603 864 3659 lissimum,
888 3603 954 3667 quod
978 3611 1002 3652 et
1026 3602 1104 3668 ipsum
1124 3606 1299 3666 malobatbmm,

146 3669 224 3732 major
241 3668 288 3716 tuit
317 3667 399 3724 etitie,
417 3685 465 3733 qua
482 3667 523 3717 ille
539 3669 570 3718 de
588 3669 708 3735 insperato
739 3667 834 3715 Latinis
861 3668 958 3715 'oliotum
978 3668 1067 3731 (biart.
1088 3669 1121 3724 xi,
1139 3671 1186 3732 28)
1207 3670 1299 3721 dictum

145 3732 216 3796 primi
231 3731 350 3780 sodalium
367 3731 565 3843 redituperlusus
581 3743 626 3782 est.
660 3733 708 3783 Cui
740 3739 789 3780 est:
808 3732 832 3779 vi
851 3731 937 3780 .Plin.
950 3731 993 3789 xii,
1004 3732 1046 3788 26,
1060 3731 1111 3789 xiii,
1125 3735 1148 3782 l.
1180 3733 1257 3798 Syrio,
1268 3751 1299 3786 ex

166 3796 247 3844 uidem
269 3805 339 3862 poeta
363 3813 428 3845 nunc
462 3797 550 3846 iberius
571 3797 708 3846 indulturus
740 3795 813 3844 India
828 3796 854 3844 in
871 3795 972 3860 Syrium,
989 3805 1014 3844 et
1029 3795 1085 3844 indo
1101 3811 1116 3844 a
1132 3799 1302 3849 mercatoribus

146 3813 211 3909 diem
227 3861 321 3917 iesmm,
332 3868 382 3908 tam
399 3859 480 3917 sacris,
492 3877 552 3925 ques
564 3863 579 3911 J
582 3863 620 3910 ovi
634 3863 707 3910 Pom·
741 3861 846 3908 Romam
862 3860 1001 3924 deportat03
1018 3858 1064 3907 luit
1079 3860 1160 3922 igitur,
1172 3870 1201 3910 ut
1215 3880 1270 3928 sup.
1282 3864 1300 3922 i,

145 3925 215 3990 peius
232 3932 336 3980 voverat,
354 3925 442 3990 epulis,
459 3941 531 3989 quam
551 3925 622 3974 hilari
641 3935 708 3991 pota·
740 3926 781 3980 al,
794 3927 823 3972 12
834 3924 965 3979 dicebatur,
977 3940 1036 3970 mm
1048 3924 1117 3985 Syra.

146 3988 211 4037 tione
229 3987 408 4044 celebrandum,
424 3989 470 4036 hoc
490 3990 594 4039 carmine
616 3990 708 4039 indicit.
772 3989 864 4037 9-12.
881 3987 963 4035 Tecum
978 3989 1097 4048 Philippos
1111 3998 1133 4035 et
1150 3990 1242 4035 celerem
1251 3990 1300 4054 su·

146 4053 188 4100 De
210 4053 326 4116 Pompeio
347 4051 467 4116 Grospho,
486 4053 566 4117 equite
587 4055 708 4112 Romano,
739 4069 794 4116 gam
812 4053 877 4099 Semi
884 4069 890 4096 :
915 4050 988 4114 quale
1009 4049 1081 4098 luerit
1099 4049 1161 4098 illud
1180 4067 1301 4101 summum

145 4116 257 4188 Pompeii
274 4115 370 4228 Mopsi,
382 4125 410 4164 ut
420 4116 523 4192 videtur,
536 4118 629 4193 liberto,
642 4119 708 4194 copi·
742 4113 1015 4189 vitm'discrimeumuod
1025 4128 1052 4161 se
1061 4128 1111 4186 una
1122 4117 1302 4190 oumlPompeio

143 4178 710 4296 tt.&tumulltttlttbtnltltt
742 4177 1302 4310 {ilmibilltlmiipiib‘'iii-iiiiii?

144 4308 225 4358 reditu
236 4323 266 4356 ex
285 4308 354 4356 ressit
364 4309 480 4356 Horatius
490 4325 544 4374 sup.
555 4310 572 4368 i,
585 4313 625 4359 ³6.
742 4323 792 4357 una
808 4315 888 4370 tecum
905 4305 1027 4354 infelicem
1042 4305 1110 4354 illam
1127 4307 1159 4355 ad
1177 4308 1303 4375 Philippos

182 4374 256 4419 1-5.
292 4374 711 4433 empuriasultimum‚ubi,utLivius
759 4371 910 4420 Macedoniae
930 4369 1027 4433 urbem)
1046 4387 1160 4436 pugnem,
1177 4371 1229 4429 ubi,
1246 4390 1303 4422 cum

144 4437 180 4493 ix,
193 4437 227 4484 39
241 4435 356 4499 loquitur,
369 4437 400 4483 ad
418 4439 525 4484 ultimum
542 4441 641 4501 periculi
659 4455 711 4487 ont·
753 4436 834 4485 ortiter
850 4443 982 4502 pugnantes
1001 4451 1050 4483 non
1068 4451 1106 4483 am
1125 4435 1172 4484 lius
1188 4437 1305 4488 sustinere

145 4511 198 4548 tum
223 4510 264 4548 eet.
312 4499 450 4556 Redonouit,
479 4501 623 4551 redonantur
648 4503 711 4550 enirn
744 4509 842 4566 possent
853 4501 901 4548 vim
919 4499 1030 4558 hostium,
1042 4505 1067 4548 et
1081 4453 1162 4548 vultus
1178 4501 1202 4548 in
1218 4509 1304 4552 terram

145 4563 356 4630 quasi,quosjam
367 4564 470 4630 perditos
478 4567 629 4632 putabamus.
652 4568 711 4622 Qui·
744 4574 912 4630 prostratorum
939 4565 1017 4613 minas
1045 4565 1122 4614 adbuc
1148 4573 1173 4614 et
1194 4564 1253 4615 irem
1279 4569 1305 4616 in
