3150 5200
702 371 1003 442 CARMINUM

430 530 474 595 25
497 531 530 594 O
547 529 694 615 quisquis
710 531 796 594 volet
811 529 924 614 impias

538 632 654 695 Caedee
670 643 703 694 et
718 632 841 695 rabiem
856 630 968 694 tollere
983 629 1126 704 civicam,

498 731 534 794 si
550 743 674 815 quaeret
689 732 789 796 Pater
805 731 944 794 Urbium

539 833 709 897 Subscribi
725 833 852 907 statuis,
868 831 1055 894 indomitam
1071 829 1190 892 audeat

497 933 687 998 Refraenare
699 934 871 1008 licentiam,

431 1034 475 1096 30
539 1032 655 1097 Clarus
669 1033 875 1118 postgenitis,
890 1042 1061 1113 quatenuS,
1076 1031 1142 1095 beu
1156 1030 1258 1106 nefas,

497 1135 662 1199 Virtutem
676 1134 866 1199 incolumem
882 1133 1019 1208 odimus,

541 1235 708 1300 Sublatam
723 1257 765 1298 ex
780 1233 881 1298 oculis
896 1234 1070 1315 quaerimus
1085 1233 1195 1297 invidi.

498 1337 589 1410 Quid
605 1338 714 1399 tristes
730 1335 949 1418 querimoniae,

541 1436 577 1499 st
592 1459 657 1500 non
673 1427 832 1520 supplicio
848 1435 944 1519 culpa
959 1429 1138 1498 reciditur?

434 1540 477 1601 35
499 1539 590 1612 Quid
606 1538 705 1622 leges,
722 1539 790 1600 sine
806 1537 949 1600 moribus

540 1641 655 1716 Vanae,
671 1639 856 1723 proficiunt,
874 1639 900 1699 si
917 1659 1022 1720 neque
1038 1635 1169 1699 fervidis

497 1739 580 1803 Pars
595 1738 719 1803 inclusa
734 1739 896 1802 caloribus

539 1841 670 1916 Mundi,
687 1863 746 1904 nec
760 1840 877 1904 Boreae
892 1839 1062 1902 finitimum
1076 1839 1172 1914 latus,

498 1943 701 2026 Durataeque
716 1941 785 2005 solo
799 1941 901 2016 nives,

435 2045 477 2108 40
543 2044 759 2110 Mercatorem
774 2043 931 2126 abigunt?
955 2041 1088 2105 horrida
1102 2039 1208 2104 callidi
1235 2029 1238 2032 ¹

500 2148 647 2212 Vincunt
662 2167 794 2230 aequora
808 2144 947 2207 navitae?

544 2249 704 2332 Magnum
718 2245 891 2330 pauperies
907 2245 1118 2328 opprobrium
1128 2243 1224 2327 jubet

286 2411 319 2461 ed
335 2413 476 2461 sententiam
493 2414 561 2488 plura
578 2423 683 2464 vetemm
703 2413 841 2462 scriturum
875 2410 936 2470 suit5
956 2410 997 2461 sed
1046 2411 1127 2476 pulas,
1140 2418 1167 2457 nt
1184 2407 1271 2457 decent
1289 2407 1436 2457 numismata

286 2475 340 2524 loca
367 2485 512 2540 comparant
538 2479 577 2527 Cl.
600 2477 701 2527 Mitsch.
743 2430 843 2524 donitas
891 2475 992 2532 nedem,
1032 2491 1045 2524 e
1073 2475 1160 2540 quibus
1186 2472 1235 2536 egit
1259 2471 1380 2520 Raschius
1408 2473 1432 2521 in

286 2539 441 2613 eertqfndere
456 2557 507 2607 pro,
517 2542 575 2590 certi
591 2542 696 2598 laederis,
713 2540 738 2588 h.
749 2557 771 2590 e.
783 2555 840 2598 ¹cou-
874 2490 958 2588 lexic.
968 2539 1088 2588 Numism.
1101 2539 1131 2586 T.
1144 2537 1178 2593 iii,
1188 2536 1218 2584 Ρ.
1230 2535 1256 2592 ii,
1269 2552 1293 2602 p.
1305 2537 1363 2590 621,
1375 2537 1433 2593 622,

283 2618 355 2667 Jugu,
366 2604 429 2667 quad
441 2620 532 2671 semper
542 2614 607 2655 cena
616 2606 661 2655 fide
671 2614 773 2654 constat.
810 2604 841 2653 Et
872 2604 923 2668 jam
932 2604 1013 2670 plures
1024 2619 1100 2652 anuos
1110 2610 1164 2651 ante
1175 2602 1239 2650 hunc
1251 2600 1346 2649 titulum
1357 2601 1433 2649 bono·

285 2681 380 2778 perstarel
391 2668 523 2778 J‘siu'lm
539 2673 641 2731 pretium
657 2673 741 2717 emori:
759 2677 785 2717 et
799 2668 842 2716 dos
875 2668 1131 2747 nlicumeiuibuemt.
1165 2666 1312 2729 Pestgenitis,
1325 2666 1432 2739 posteris,

286 2731 842 2861 renuimutnamtur
874 2732 1088 2861 trium
1106 2728 1435 2847 Qu,

285 2867 370 2970 mi
429 2859 640 2974 adrltldqvinmfm
662 2860 842 2973 ldaedducunl
876 2870 911 2908 ter
930 2861 1049 2935 Quatenus
1065 2862 1090 2907 id
1100 2859 1175 2969 ssa-ig.
1212 2855 1324 2967 Vlll'ildll
1343 2858 1434 2968 tragini..

286 2940 781 3063 liciiantur,emdrilldortddru)m1ilomprdtid
794 2940 841 3035 lla-
876 2938 1145 3052 aonlnidlffiimldsrdllddi
1154 2936 1321 3047 studuerimus
1332 2938 1435 3032 ardreni

286 3049 353 3107 bant,
371 3052 396 3100 h.
411 3068 433 3101 e.
448 3053 508 3101 mori
544 3068 600 3102 nam
619 3052 763 3102 adulterium
779 3068 843 3101 com·
877 3051 943 3099 dum.
977 3050 1017 3100 nd
1036 3050 1178 3100 sententiam
1197 3046 1297 3095 laudant
1319 3046 1385 3095 Vell.
1407 3048 1436 3103 ii,

288 3114 381 3165 mittere
390 3116 492 3190 malunt.
523 3069 579 3179 illst
593 3120 651 3165 mori
666 3133 707 3182 pm
724 3120 843 3179 emoriap.
876 3114 1438 3176 92,Prsseutininvidia‚proeteritnremetiens

287 3178 377 3228 Feam:
396 3180 427 3228 cf.
437 3180 494 3229 edit.
506 3182 565 3228 min.
575 3182 606 3229 ad
617 3180 642 3229 b.
653 3180 686 3255 l]
875 3183 1032 3242 persequimur
1038 3197 1046 3237 ,-
1075 3181 1110 3226 bis
1130 3194 1169 3225 nos
1189 3178 1262 3231 obrui,
1282 3176 1329 3223 illia
1348 3179 1436 3223 instrui

319 3246 426 3292 25-32.
443 3244 500 3292 Jum
518 3259 573 3293 eum
589 3244 664 3293 nobili
680 3242 846 3307 indignatione
878 3246 1005 3291 eredimus:
1023 3243 1054 3291 cl.
1065 3242 1109 3291 ins.
1122 3240 1199 3306 Epist.
1208 3238 1235 3295 ii,
1249 3242 1271 3293 l,
1286 3241 1324 3286 14.

288 3305 319 3353 ad
329 3306 468 3355 indomitam
479 3306 777 3355 oetatissusrlioentiamse
787 3323 846 3356 con·
910 3308 1016 3355 33-44.
1035 3308 1110 3355 Vanae
1127 3312 1184 3352 suut
1201 3311 1286 3351 nosne
1296 3302 1326 3350 tle
1342 3318 1435 3351 mamm

288 3370 366 3442 i‘ifil·
386 3377 411 3416 et
425 3369 543 3432 quomodo
560 3369 614 3427 ista,
634 3386 649 3417 a
666 3370 717 3418 riso
733 3380 846 3419 eternam
878 3371 1011 3436 corruptela
1021 3370 1133 3435 querela,
1143 3368 1163 3417 si
1175 3382 1223 3415 non
1233 3366 1313 3433 poenis
1323 3366 1434 3429 gravissi-

288 3431 333 3478 srbr
344 3431 408 3496 apud
421 3441 526 3496 posteros
539 3432 569 3481 de
585 3435 763 3499 semstapatria
772 3435 845 3497 glori·
878 3434 923 3482 mis
941 3434 997 3482 huic
1014 3436 1077 3483 malo
1096 3432 1227 3491 resistitur;
1251 3446 1319 3478 amm
1337 3444 1435 3495 quoque

288 3508 327 3541 tm
406 3504 468 3552 turo,
494 3497 642 3547 refrenanda
665 3498 705 3556 sit,
733 3498 846 3547 ostendit.
878 3505 936 3546 sunt
944 3498 1018 3609 leqen,
1030 3499 1050 3546 si
1067 3497 1097 3545 ud
1106 3497 1161 3545 illas
1173 3510 1221 3543 non
1232 3493 1327 3550 vivitur,
1340 3493 1361 3541 si
1372 3492 1434 3543 diri·

289 3560 330 3615 Qu
381 3560 514 3633 suspicatur
535 3562 693 3626 Boettigems,
715 3564 843 3611 Horatium
876 3562 915 3610 tie
934 3572 957 3611 et
984 3578 1046 3610 usus
1066 3562 1222 3609 instrumenta
1238 3574 1252 3607 e
1271 3557 1435 3606 remotissimis

288 3621 334 3695 bac
352 3624 475 3672 severioris
491 3625 625 3690 disciplinae
639 3625 843 3675 commendatione
876 3634 943 3675 terrae
960 3624 1067 3690 partibus
1083 3640 1176 3673 summa
1191 3620 1322 3688 eupiditate
1333 3622 1435 3685 conqui-

287 3684 430 3734 veltlicatum
448 3704 501 3737 esse
559 3688 598 3737 tie
612 3689 726 3751 Augusti,
738 3690 843 3754 quitum
876 3699 966 3745 runtur,
979 3689 1111 3754 paupertati
1128 3704 1182 3736 vcro
1199 3686 1281 3735 nullus
1299 3685 1376 3733 bonor
1392 3686 1435 3734 tri·

286 3747 347 3821 torte
362 3750 517 3799 condendisi
536 3750 664 3815 islegibus
681 3768 742 3816 quas
761 3760 845 3817 postea
876 3754 965 3802 buitur.
1001 3754 1085 3815 Culpa,
1096 3767 1187 3801 morum
1198 3748 1347 3814 perversitas.
1379 3748 1435 3798 Sina

288 3811 353 3869 tntu,
369 3829 393 3860 r.
410 3829 434 3862 c.
449 3814 498 3877 legi
514 3815 586 3863 Juliae
601 3818 629 3862 de
644 3817 775 3871 adulteriis,
794 3815 842 3879 legi
874 3820 972 3865 moribus
993 3834 1065 3874 vaae,
1088 3815 1193 3870 inutiles,
1214 3813 1258 3862 uisi
1277 3812 1326 3861 vita
1342 3813 1374 3861 ed
1392 3828 1435 3861 ees

288 3875 409 3937 Papia?
508 3881 537 3926 de
557 3880 694 3927 maritandis
714 3882 841 3935 ordirsilnss,
874 3881 984 3945 exigitur.
1017 3881 1123 3928 Fervidis
1138 3878 1297 3927 Persinelusn
1309 3878 1435 3933 calm-ibus,

401 3940 418 3988 d
447 3941 499 3998 erit,
517 3940 644 3990 admodum
660 3942 781 4015 probabile
798 3952 842 3993 est.
875 3945 969 4002 Mundi,
989 3959 1049 3991 zona
1064 3942 1163 3992 torrida:
1182 3942 1214 3990 cl.
1231 3956 1284 4005 sup.
1300 3940 1317 3994 i,
1331 3942 1374 3999 22,
1390 3942 1433 3997 21,

341 4004 841 4073 lemeivicom,debelliscivrlibus,utpas·
874 4007 909 4063 iii,
929 4010 953 4063 3,
973 4010 1013 4057 55.
1046 4007 1123 4055 Borea
1135 4008 1266 4071 finitimum
1283 4006 1353 4060 latas,
1372 4018 1435 4054 zena

287 4066 331 4115 sim
343 4068 420 4133 farer
434 4072 527 4117 etaim
559 4068 585 4116 Se·
602 4080 686 4132 queres
704 4071 776 4119 Pater
796 4072 842 4119 Ur·
876 4071 969 4136 frigida.
1009 4072 1108 4119 Darne
1126 4072 1171 4118 soto
1192 4072 1263 4125 ntea,
1285 4068 1396 4131 glaciem
1421 4084 1437 4119 e

286 4132 358 4186 diua,
369 4138 426 4179 cett.
438 4132 459 4179 si
477 4132 549 4198 bujns
566 4132 647 4196 glorier
692 4143 775 4199 petens
787 4136 841 4194 erit,
875 4136 930 4185 nive
945 4136 1018 4191 enim,
1031 4150 1102 4199 quam
1119 4134 1194 4197 frigus
1208 4134 1234 4182 in
1250 4132 1301 4181 sole
1312 4132 1435 4195 jacentem

287 4203 494 4244 utnumensunm
505 4197 674 4261 aliqnandusu
702 4198 779 4256 titulo,
795 4201 841 4248 Pn-
874 4199 951 4256 durat,
964 4201 990 4249 fit
1001 4199 1099 4265 glacies.
1134 4196 1434 4255 Callidi,releradartem

286 4270 322 4307 ter
347 4258 446 4333 Urbinas
466 4260 551 4309 statuis
571 4260 698 4310 incidatur.
744 4263 842 4313 Urbium
874 4264 1010 4329 navigandi,
1028 4278 1100 4328 quam
1115 4262 1147 4311 ad
1163 4260 1269 4327 pericula
1282 4259 1378 4308 inmari
1390 4274 1435 4308 su-

284 4338 337 4434 sm,
349 4324 423 4379 nrbes,
441 4332 469 4373 ut
481 4328 564 4371 neruis
578 4340 629 4389 pro,
644 4334 738 4375 statuae.
771 4328 840 4377 Non·
873 4328 978 4393 peranda
994 4328 1055 4377 bene
1072 4336 1151 4376 nautae
1170 4326 1274 4384 callent;
1291 4322 1334 4371 alii
1349 4322 1381 4371 ad
1392 4323 1435 4373 lu-

301 4402 340 4435 um
356 4387 451 4463 quidem
468 4396 520 4436 tum
536 4387 670 4452 Augustus,
688 4407 759 4464 quem
777 4394 841 4440 Nos·
875 4392 909 4440 cri
927 4391 1030 4441 faciendi
1047 4390 1202 4440 calliditatem
1215 4388 1326 4437 referunt.
1360 4386 1436 4461 Meg-

284 4454 842 4581 trutinabit&itlltrtttt:
874 4453 1438 4587 itt,ttutt,ttt⁶tttnttt·uttl
