3150 5200
707 331 1004 400 CARMINUM

715 573 923 672 clausu
948 605 992 669 11.

602 821 661 867 AI)
690 818 828 866 IULUM
860 818 1105 868 ANTONIUM.

493 1000 685 1063 Pruosauu
698 997 847 1080 quisquis
863 994 974 1058 studet
989 995 1143 1072 aemulari,

492 1086 574 1176 Iule,
589 1100 708 1164 ceratis
724 1119 787 1182 ope
803 1094 962 1161 Daedalea

496 1201 626 1264 Nititur
641 1201 769 1284 pennis,
785 1200 889 1262 vitreo
905 1197 1042 1262 daturus

798 1299 940 1362 Nomina
954 1310 1067 1383 ponto.

440 1408 461 1470 5
494 1405 611 1470 Monte
627 1405 805 1469 decurrens
819 1399 908 1464 velut
923 1402 1037 1477 amnis,
1053 1402 1171 1464 imbres

494 1509 603 1580 Quem
619 1527 717 1590 super
733 1513 827 1567 notas
842 1502 951 1567 aluere
967 1502 1067 1586 ripas,

276 1694 390 1769 loquitur,
415 1696 560 1756 preciditur.
605 1691 671 1740 Inter
697 1695 774 1747 verbe,
801 1689 835 1738 sic
868 1692 961 1739 ciuitate
972 1693 1054 1739 iterum
1066 1692 1193 1753 iterumque
1205 1688 1231 1738 io
1242 1690 1372 1750 triumphs!
1388 1707 1429 1738 oa·

277 1757 343 1807 Dido
359 1757 404 1820 [V'
435 1757 557 1812 .AEn.iv,
570 1757 634 1820 76.],
655 1757 740 1804 AEneae
756 1769 836 1802 amore
868 1771 938 1812 nsm‚·
956 1766 1043 1803 eructo
1060 1765 1136 1802 erstem
1150 1757 1429 1816 proAugustosuscepto,

277 1774 499 1888 perversafinciptr
515 1821 593 1886 effari,
609 1822 726 1882 medioque
745 1821 770 1866 in
785 1835 837 1866 uoce
869 1821 906 1865 uti
924 1829 951 1867 tu
969 1821 1044 1867 decem
1061 1830 1138 1867 tauros
1156 1829 1177 1866 et
1193 1821 1285 1866 totidem
1296 1833 1382 1873 uaccas,
1394 1821 1430 1867 ite

276 1888 377 1935 resistit:
401 1894 426 1934 et
443 1885 478 1934 sic
496 1885 522 1933 in
538 1884 624 1933 veteris
642 1882 753 1931 carminis
774 1881 837 1946 frag·
869 1897 910 1944 ego
928 1900 970 1944 pro
990 1899 1067 1932 rerum
1094 1897 1195 1930 mearum
1217 1883 1308 1928 modulo
1328 1884 1431 1931 uitulum

277 1958 357 1998 mento
386 1949 491 2006 AEditui,
518 1949 584 2013 quod
609 1946 713 1996 servavit
740 1945 837 1996 Gellius
870 1947 1015 1994 immolah0.”
1061 1945 1179 2010 Scriptum
1204 1944 1302 1994 sortasse
1325 1952 1360 1993 est
1383 1947 1429 1995 hoc

277 2014 351 2062 Noct.
363 2015 439 2062 Attic.
455 2014 504 2070 xix,
515 2015 541 2070 9,
559 2015 627 2060 rerba
638 2014 709 2059 labris
718 2013 783 2058 abire
799 2009 836 2058 di·
869 2024 965 2058 carmen
977 2025 1006 2058 eo
1016 2010 1068 2076 ipso
1079 2025 1142 2058 anno
1151 2025 1199 2074 quo
1210 2009 1342 2072 Augustus.
1354 2010 1388 2058 U.
1397 2011 1428 2059 C.

277 2087 375 2126 cuntur.
408 2079 518 2125 Silentia:
538 2093 603 2131 nam,
619 2074 705 2124 utini.
722 2073 837 2123 Horatius
871 2090 1038 2129 occxxxvrrr,
1061 2075 1122 2122 inter
1143 2073 1205 2122 alios
1226 2081 1292 2121 trans
1315 2072 1429 2122 Rhenum

278 2141 357 2207 Epod.
371 2142 447 2199 11.9‚
459 2150 604 2190 smonterset
621 2142 645 2188 lo
678 2141 835 2187 urreisiten-
870 2138 1007 2187 Germanic
1026 2138 1135 2202 populos,
1153 2135 1244 2186 nomini
1262 2138 1372 2186 Romano
1389 2139 1427 2186 in·

277 2208 337 2254 tium
350 2209 452 2270 deguit.-
471 2206 503 2253 ci.
520 2204 653 2254 adCatull.
675 2203 692 2261 i,
704 2206 729 2252 9.
765 2203 836 2251 Volu—
869 2201 949 2257 festos,
962 2203 1106 2266 Sygambros
1121 2201 1237 2267 inprimis,
1249 2216 1350 2265 quorum
1360 2217 1428 2250 men·

276 2285 345 2326 mem,
363 2269 484 2318 celerrime
500 2277 649 2318 currentem:
674 2269 792 2322 solubiles,
811 2283 837 2315 a·
869 2265 902 2314 tio
920 2267 944 2313 in
962 2265 1006 2315 hoc
1019 2267 1125 2316 carmine
1135 2268 1170 2322 tit,
1183 2264 1343 2330 perdomuisse
1354 2266 1427 2314 tradi·

277 2348 378 2397 quarum
394 2334 499 2382 natantis
512 2349 607 2397 corpore
621 2333 764 2381 dimotarum
776 2333 836 2380 fluc-
869 2336 924 2378 tur:
943 2329 991 2377 vid.
1005 2331 1054 2380 Dio
1063 2331 1105 2388 liv,
1118 2333 1148 2380 19
1159 2347 1213 2395 sqq.
1238 2329 1354 2388 Quamvis
1364 2331 1428 2379 enim

278 2403 317 2445 tus
327 2397 426 2461 pulchre
437 2397 482 2445 hoc
493 2397 615 2461 epitheton
626 2396 745 2461 exprimit.
870 2393 995 2457 Augustus
1006 2410 1053 2442 non
1064 2394 1143 2443 statim
1158 2405 1213 2460 post
1222 2393 1364 2457 Sygambros
1378 2395 1428 2443 vic·

869 2465 914 2512 tos.
925 2457 967 2507 sed
984 2459 1016 2506 U.
1028 2459 1059 2506 C.
1073 2475 1146 2507 occur
1163 2459 1260 2506 demum
1276 2459 1380 2506 Romam
1392 2475 1428 2507 re-

455 2523 607 2572 CARMEN
625 2523 663 2570 11.
867 2521 945 2577 dierit,
965 2523 1029 2570 curis
1046 2523 1134 2588 quippe
1153 2523 1183 2572 sd
1201 2537 1237 2570 res
1255 2521 1280 2570 in
1301 2522 1385 2571 Gallia
1404 2531 1430 2571 et

310 2587 395 2643 Poeta,
417 2588 448 2636 ab
472 2588 529 2636 Iulo
552 2586 661 2635 Antonio
681 2595 785 2651 rogatus,
809 2598 837 2638 ut
868 2585 986 2652 Hispania
1000 2585 1175 2653 componendas
1190 2593 1309 2644 retentus;
1326 2587 1428 2652 ejusre·

276 2649 404 2714 gloriosum
417 2661 441 2700 et
450 2651 543 2700 felicem
556 2650 686 2713 Augustie
697 2650 761 2699 bello
772 2653 834 2702 Ger·
867 2650 932 2701 ditus
948 2659 1028 2699 tamen
1043 2651 1093 2715 jam
1109 2652 1179 2715 longe
1192 2659 1246 2699 ante
1261 2659 1309 2699 tam
1324 2652 1429 2715 publicis

277 2713 373 2763 manico
386 2716 412 2763 in
426 2716 508 2764 urbem
522 2713 633 2770 reditum,
645 2714 687 2778 qui
698 2730 784 2777 magno
795 2716 836 2766 de·
869 2730 942 2778 quam
965 2715 1061 2791 privatis
1081 2716 1142 2764 votis
1161 2722 1313 2779 exspectatus
1334 2716 1426 2764 suerat:

276 2777 363 2827 siderio
381 2788 405 2828 et
422 2779 542 2828 communi
559 2777 666 2827 omnium
684 2777 767 2826 laetitia
784 2789 835 2828 tum
869 2778 917 2827 vid.
939 2781 988 2828 Dro
1004 2779 1021 2826 l.
1039 2779 1056 2826 l.
1091 2780 1130 2828 De
1153 2780 1206 2828 luto
1222 2781 1331 2835 Antonio,
1348 2781 1428 2829 Marci

277 2842 364 2891 Romae
384 2844 576 2908 exspectabatur,
598 2842 704 2890 carmine
731 2844 835 2953 quodam
868 2842 995 2891 'l'riumviri
1012 2859 1025 2892 e
1044 2842 1130 2892 Fulvia
1145 2844 1203 2899 filio,
1221 2852 1306 2907 praeter
1323 2844 1429 2894 Dionem

276 2906 406 2957 Pindarico
423 2909 560 2964 celebraret,
579 2915 673 2955 recusat
690 2906 732 2970 qui
747 2922 786 2955 em
807 2908 832 2956 in
866 2906 907 2961 liv,
915 2909 956 2965 26,
966 2916 989 2956 et
1001 2908 1065 2956 Vell.
1075 2908 1169 2957 Patere.
1178 2908 1205 2963 ii,
1216 2908 1270 2964 100,
1279 2907 1333 2956 vide
1340 2909 1428 2959 Gentis

276 2969 321 3019 hoc
340 2972 446 3021 carmine
478 2971 527 3019 uod
542 2970 588 3021 sibi
604 2972 634 3020 ab
647 2970 690 3019 illo
701 2970 831 3021 demands·
866 2970 1005 3020 Octauiana
1020 2973 1124 3021 Stemma
1140 2972 1267 3035 diligenter
1280 2987 1294 3019 a
1306 2972 1346 3021 Cl.
1359 2974 1427 3023 Wet·

275 3041 327 3082 tum
336 3035 424 3095 iuerat;
436 3053 447 3085 s
485 3036 532 3085 hac
540 3036 593 3102 ipsa
601 3034 758 3109 recusatione,
767 3036 833 3111 quod
866 3034 926 3084 aelio
935 3044 1074 3085 contextum
1085 3035 1110 3083 in
1121 3038 1172 3085 Vit.
1184 3038 1266 3085 llorat.
1275 3035 1311 3091 iii,
1319 3052 1343 3100 p.
1351 3038 1392 3085 57.
1408 3102 1413 3112 ι

275 3100 835 3229 ttfltftttlftfftt:tittt‘altttt.
868 3101 1428 3230 ..lttd'tttttt{titutum

276 3228 360 3291 paucis
377 3228 434 3285 illis,
450 3231 539 3292 quibus
554 3245 568 3276 a
583 3244 653 3277 versu
668 3230 700 3275 ³5
716 3230 835 3292 usquead
868 3227 966 3292 aliquod
978 3243 1117 3293 componere
1129 3244 1199 3294 posse
1213 3237 1300 3277 temate
1314 3228 1361 3276 sibi
1372 3245 1427 3295 per·

276 3307 300 3338 v.
312 3293 343 3338 ⁴0
355 3306 437 3339 omnes
446 3292 550 3365 Augusti
561 3291 645 3340 laudes
655 3291 756 3340 breviter
769 3309 834 3342 com·
867 3292 958 3349 suadet,
970 3292 990 3339 is
1001 3292 1139 3341 temeritatis
1153 3308 1211 3349 suae,
1223 3300 1250 3341 ut
1260 3292 1318 3340 olim
1331 3294 1426 3351 Icarus,

274 3352 360 3417 plexus
370 3364 415 3408 est,
428 3370 532 3464 pravius,
542 3355 676 3411 sublimius,
689 3363 713 3402 et
724 3358 833 3418 magnifi-
867 3372 952 3420 poenes
969 3356 1044 3413 dabit,
1062 3357 1087 3405 h.
1098 3373 1119 3405 e.
1131 3358 1152 3405 is
1166 3358 1196 3405 ob
1212 3372 1260 3405 rem
1277 3366 1325 3404 tam
1339 3365 1427 3408 temere

274 3416 366 3464 centius
377 3416 462 3465 dello
477 3417 525 3467 dici
535 3418 630 3482 potuitl
657 3418 833 3471 Totiusautem
865 3429 889 3468 et
900 3420 1226 3471 inconsiderantertentatem
1236 3419 1427 3471 sederidendum

274 3476 348 3543 hujus
359 3481 471 3529 carminis
482 3481 594 3546 splendor
609 3481 634 3527 in
651 3481 698 3529 hac
715 3483 763 3532 iere
778 3486 832 3549 pul·
865 3485 1007 3549 propinabit.
1053 3486 1142 3535 Ceratis
1157 3502 1197 3548 ops
1211 3486 1320 3534 nessus
1336 3491 1425 3547 meniu

274 3541 390 3591 cherrima
401 3544 540 3593 collustrata
550 3553 574 3593 et
584 3538 832 3614 amplificataconspi-
865 3548 910 3596 slis
928 3548 1023 3597 Daedsli
1041 3558 1090 3597 arte
1110 3566 1140 3598 ex
1155 3564 1210 3599 cera
1227 3550 1305 3599 iactis.
1340 3550 1427 3600 Psonis

274 3607 336 3653 citur
346 3610 479 3656 sententia:
499 3617 515 3638 ‘⁸
525 3610 551 3657 Si
566 3611 605 3656 hoc
619 3611 675 3656 mihi
688 3626 783 3667 sumam,
796 3624 832 3671 ut,
864 3616 918 3667 uiti,
932 3612 1092 3675 significanter
1110 3630 1153 3687 pro
1169 3614 1271 3677 vulgari,
1288 3614 1378 3670 volare,
1399 3624 1426 3663 ut

274 3679 297 3717 te
317 3681 417 3728 auctore,
439 3674 534 3730 Antoni,
552 3673 705 3720 Pindaricum
719 3679 832 3737 quoddam
864 3675 928 3740 apud
945 3678 1014 3739 Virg.
1033 3678 1092 3725 AEn.
1110 3695 1142 3734 ru,
1153 3680 1210 3726 252.
1246 3678 1333 3733 Vitrea,
1348 3694 1425 3727 cieru-

273 3750 365 3782 cormen
376 3736 500 3800 infelicem
514 3739 617 3800 Augusti
630 3739 730 3784 reditum
744 3756 830 3801 compo-
864 3739 910 3795 leo,
923 3740 1000 3795 viridi,
1013 3740 1115 3805 ὑαλίνῳ·
1131 3742 1163 3790 ci.
1182 3758 1235 3806 sup.
1249 3742 1288 3797 ad,
1298 3743 1317 3796 i.
1333 3744 1372 3797 lt,
1383 3745 1424 3792 20.

274 3814 336 3852 nom,
351 3816 412 3863 eque
430 3809 510 3849 temere
525 3818 601 3864 agam,
613 3818 640 3848 oc
650 3804 670 3847 si
682 3805 764 3850 ceratis
777 3806 831 3862 olis,
864 3803 971 3851 Daturus
988 3805 1087 3853 Nomine
1100 3816 1182 3867 ponto:
1202 3805 1349 3854 notissimum
1365 3806 1425 3855 illud

274 3864 311 3908 uti
326 3862 416 3917 loom,
428 3867 453 3912 ia
466 3866 540 3912 ultum
552 3867 610 3912 eniti
622 3874 721 3922 tentem,¹
739 3867 830 3915 Pindo·
864 3867 955 3924 Ovidii,
974 3870 1055 3917 Icarus
1073 3870 1157 3918 icariis
1173 3871 1331 3946 rsomiuasecit
1348 3873 1423 3933 aquit,

273 3942 315 3974 rus
333 3930 394 3975 euim
412 3931 437 3976 iu
454 3932 531 3990 quouis
549 3932 679 3977 caminum
695 3946 779 3991 genere
798 3944 831 3981 est
863 3931 910 3988 vel,
928 3932 1010 3981 locrus
1029 3936 1146 3981 immensus
1157 3936 1333 3998 nomiuesrgurrt
1344 3950 1424 3997 opum.

271 4001 339 4051 porta
348 3995 454 4055 minesps
464 4002 486 4041 et
496 4010 604 4051 rummare,
616 4010 656 4043 nec
670 3995 715 4041 ulti
729 3997 828 4045 imitati·
864 3995 926 4045 Icari
945 4006 1025 4045 autern
1036 3998 1078 4045 ille
1090 4004 1221 4047 ceratarum
1234 4012 1366 4062 pennarum
1379 4014 1424 4063 ops

274 4055 319 4114 iis,·
336 4066 361 4104 st
378 4072 390 4103 e
406 4075 419 4104 o
434 4074 484 4105 sum
498 4061 573 4106 tenuis
590 4067 681 4106 tantem
698 4067 721 4106 et
738 4061 831 4109 humilis
863 4058 887 4106 in
904 4060 978 4109 altum
992 4077 1018 4110 se
1030 4062 1155 4111 attollendi
1169 4070 1269 4111 conatus
1284 4062 1425 4127 proverbiali

270 4128 345 4179 poeta.
387 4074 424 4168 i'u
446 4123 522 4185 igitur
542 4126 598 4185 ipse,
621 4124 718 4177 Antoni,
739 4129 831 4186 petendo
863 4124 982 4173 locutione
998 4126 1048 4190 jam
1069 4142 1112 4201 pro
1128 4129 1206 4190 qssoois
1224 4130 1344 4176 temerario
1364 4143 1425 4175 susa

272 4184 402 4247 Augustus,
414 4188 440 4232 ia
449 4189 516 4248 eujus
524 4189 629 4249 presidio
645 4202 733 4235 trimme
748 4189 829 4237 Roma·
863 4188 972 4253 ponitur:
992 4191 1077 4254 quodsi
1088 4192 1152 4239 enim
1163 4206 1218 4238 cum
1231 4190 1341 4255 plurimis
1351 4190 1423 4239 inter·

272 4264 353 4295 amum
376 4251 438 4296 selus
460 4260 528 4311 utque
540 4250 648 4314 felicitas
668 4254 762 4308 nititur,
785 4258 829 4303 tri·
862 4254 968 4318 pratibus
986 4254 1019 4302 rei
1030 4255 1062 4302 im
1095 4254 1128 4302 ‘ni
1144 4254 1284 4310 insistimus,
1295 4264 1320 4303 et
1334 4254 1422 4303 Pinde-

271 4313 383 4373 umplsons
399 4315 425 4360 in
439 4315 517 4360 urbem
533 4316 687 4377 ingredietur.
702 4321 829 4379 grandiore
862 4333 913 4364 rum
933 4327 1046 4381 tauquam
1065 4321 1147 4367 sitem
1162 4319 1201 4368 vel
1215 4334 1317 4383 cycnum
1334 4319 1359 4366 in
1371 4318 1421 4367 alto

272 4378 415 4439 spirituque
426 4379 680 4439 leudesceieoruti13et
692 4385 780 4437 telmai
791 4400 829 4431 uos
861 4382 980 4431 volantem
1002 4382 1070 4431 uobis
1096 4384 1215 4449 tingimus,
1239 4398 1310 4446 quem
1339 4384 1424 4433 trustra

273 4442 368 4514 mendic
378 4442 420 4488 ilio
431 4443 541 4490 latissimo
557 4444 619 4490 iuter
633 4445 738 4504 publicos
751 4450 825 4494 occla-
861 4446 948 4510 aliquis
958 4448 1044 4495 ceratis
1060 4448 1122 4497 Icari
1139 4446 1223 4513 pensus
1238 4446 1333 4510 assequi
1350 4462 1422 4495 cone-

271 4514 379 4552 uotwnes
392 4508 487 4555 aurbus
502 4508 592 4568 percipi
604 4509 697 4568 poterit,
713 4525 764 4557 cum
780 4520 827 4559 toto
860 4518 914 4570 tur,
932 4512 1050 4563 offendere
1063 4528 1120 4561 sane
1137 4528 1179 4561 nos
1191 4510 1362 4561 debetmutats
1372 4519 1421 4560 sta·
