3150 5200
596 365 824 434 CARMEN
853 369 901 434 16.

258 519 332 585 Nos
347 529 456 583 manet
471 519 626 609 Oceanus
641 521 884 604 circumvagus!
907 541 996 595 arva,
1011 519 1109 582 besta

301 622 455 684 Petamus
471 643 558 698 arva,
573 621 690 685 divites
706 631 740 683 et
754 619 894 684 insulse!

261 721 387 786 Reddit
401 721 459 784 ubi
475 721 629 786 Cererem
643 721 739 785 tellus
754 721 882 784 inarata
895 721 1081 803 quotannis,

302 822 349 885 Et
363 823 522 906 imputata
537 822 633 886 floret
647 843 751 905 usque
766 821 879 899 vines3

196 923 239 988 45
261 923 432 989 Germinat
446 933 480 988 et
495 946 659 1008 nunquam
673 923 814 988 fallentis
829 934 948 987 termes
963 920 1067 996 olivae,

304 1025 468 1108 Susmque
483 1024 572 1108 pulla
585 1025 668 1091 ficus
684 1035 777 1090 ornat
792 1024 958 1100 arborem

262 1123 365 1190 Mella
379 1148 458 1190 cava
471 1137 603 1190 manant
615 1149 657 1191 ex
672 1123 756 1202 ilice,
772 1125 937 1188 montibus
951 1121 1025 1186 altis

304 1226 403 1290 Levis
419 1237 574 1310 crepante
588 1226 721 1311 lympha
735 1225 845 1289 desilit
859 1226 956 1308 pede.

261 1327 331 1391 Illic
346 1327 479 1411 injussae
494 1329 627 1392 veniunt
640 1327 683 1390 ud
698 1326 835 1390 mulctra
850 1324 995 1409 cupellae,

197 1429 240 1492 50
305 1428 487 1511 Refertque
502 1438 593 1492 tenta
607 1449 689 1511 grex
703 1429 826 1490 amicus
841 1428 961 1492 ubera:

261 1529 336 1594 Nec
351 1530 555 1612 vespertinus
571 1529 792 1612 circumgemit
807 1549 904 1591 ursus
920 1527 1014 1603 ovili3

303 1629 377 1694 Nec
393 1629 578 1693 intumescit
592 1628 658 1692 alta
672 1629 792 1711 viperis
806 1627 936 1692 humus.

262 1730 364 1795 Nulla
377 1741 496 1796 nocent
511 1731 623 1814 pecori
636 1729 799 1813 contagia,
814 1729 933 1794 nullius
948 1728 1028 1792 astri

306 1831 451 1917 Gregem
466 1841 607 1896 vestuosa
621 1840 725 1895 torret
739 1831 940 1914 impotentia.

175 1964 294 2078 iiiiii
310 1965 643 2083 tttt‘tttttttti
659 1963 737 2092 iiii?
770 1964 1081 2084 tittrtttdt’tbff
1096 1963 1245 2086 {tritt
1258 1981 1327 2091 ili}

176 2109 230 2156 ρων
241 2091 342 2151 νήσους,
355 2091 499 2140 Fortunatas
514 2091 614 2146 insulas,
629 2107 678 2201 zuo
693 2107 736 2139 no·
770 2101 834 2140 terre
847 2093 910 2154 fluit
929 2094 1020 2154 agmine
1040 2093 1114 2148 dulci,
1138 2093 1191 2146 ers
1209 2095 1248 2139 nic
1266 2103 1327 2141 secta

177 2154 242 2204 mine
252 2155 317 2220 apud
328 2163 419 2204 veteres
430 2171 479 2211 eas,
488 2171 544 2220 que
555 2170 619 2203 nnnc
650 2159 736 2204 crrerire
768 2158 834 2203 semel
862 2157 949 2218 lieuido
973 2156 1030 2216 pede
1059 2157 1144 2203 detulit
1170 2157 1261 2204 nrrdrrs:
1294 2158 1327 2204 ci.

175 2227 301 2277 vocantur,
312 2218 449 2282 designatas
465 2219 547 2276 luisse,
562 2219 613 2282 jam
626 2217 665 2265 alii
682 2233 736 2282 pro-
769 2218 871 2268 Mitscb.
899 2219 954 2266 Itttc
971 2221 1064 2281 injuste
1075 2221 1325 2268 mtmtadmutrrrr

176 2282 259 2330 batum
275 2283 347 2332 ivero.
381 2284 425 2330 Est
444 2289 522 2356 autem
541 2282 626 2330 harum
645 2281 736 2330 insula·
768 2285 876 2344 capelle:
904 2280 973 2345 Virg.
995 2281 1051 2329 nel.
1070 2281 1103 2338 iv,
1125 2284 1168 2337 at,
1192 2283 1249 2345 Ipse
1268 2284 1327 2331 lecte

175 2346 738 2484 :tttrutinentirretiret?
769 2346 988 2467 intente
1003 2346 1328 2474 lcttttfttltelt't

176 2472 211 2521 ita
229 2481 365 2538 comparata
383 2473 520 2539 descriptio,
538 2481 564 2521 ut
584 2481 678 2538 poetam
698 2488 739 2522 sss
770 2482 878 2523 amanter
895 2472 964 2538 qussi
985 2487 1085 2520 munera
1105 2488 1150 2520 sua
1168 2471 1272 2521 dominis
1290 2473 1326 2522 oi·

175 2536 335 2603 potissimum,
354 2537 459 2603 inques,
471 2554 526 2603 qua
539 2537 739 2603 poetadeaurea
770 2537 823 2586 lert.
855 2538 904 2585 Nec
922 2539 1062 2600 vespertinus
1080 2539 1238 2601 circumgemit
1258 2554 1328 2586 ursas

177 2610 247 2651 etate
257 2602 385 2658 tinxerunt,
396 2602 539 2657 transferret,
551 2602 597 2649 sibi
614 2600 737 2666 delegisse,
770 2604 841 2650 oniti.-
860 2602 931 2664 vtrg.
943 2601 1005 2650 Gen.
1022 2600 1056 2659 iii,
1068 2602 1126 2659 537,
1140 2601 1189 2649 Nec
1203 2603 1272 2663 tupris
1288 2605 1326 2651 irr-

177 2665 243 2715 haud
263 2665 361 2714 mireris.
399 2667 557 2715 obversatum
575 2681 670 2739 quoqne
689 2665 736 2713 sor·
770 2668 837 2713 sidiis
850 2667 1035 2727 espiri-stenitio
1045 2669 1143 2719 circam,
1157 2665 1206 2713 Nec
1217 2669 1327 2729 gregibus

177 2736 241 2778 tasse
252 2738 328 2802 poetar
338 2736 383 2783 est,
395 2738 423 2777 ut
434 2730 485 2793 jam
498 2730 621 2777 Gesnerus
631 2744 657 2777 sn
671 2730 737 2777 Pres-
770 2740 896 2779 nocturnus
913 2730 1056 2777 nameus:
1075 2730 1108 2778 ci.
1123 2729 1177 2777 Ecl.
1194 2728 1227 2785 iv,
1244 2730 1286 2785 30,
1302 2738 1328 2778 et

178 2790 234 2841 lect.
255 2793 281 2850 ri,
301 2792 331 2841 de
350 2792 430 2857 nevig.
449 2800 510 2841 ertr.
529 2792 645 2841 Columu.
664 2792 737 2843 Herc.
770 2792 804 2841 ibi
821 2791 893 2842 Cerd.
920 2791 970 2840 Nec
985 2796 1115 2841 intumescit
1126 2795 1176 2841 otte
1187 2795 1272 2853 viperis
1282 2795 1327 2841 bu·

177 2872 203 2921 p.
227 2859 275 2905 458
298 2856 399 2911 monuit,
425 2856 552 2905 consilium
579 2856 650 2911 illu'd,
672 2856 737 2919 qnod
769 2874 828 2912 mus,
848 2872 893 2905 nec
913 2864 974 2904 terra
997 2855 1041 2903 alit
1058 2855 1161 2920 viperas,
1181 2855 1221 2905 vel
1242 2857 1328 2921 viperis

178 2920 294 2969 Sertorius
311 2920 383 2969 U-C.
397 2936 547 2975 netxxxrrr,
559 2936 615 2968 cum
629 2919 683 2983 ejus
700 2936 737 2969 res
769 2922 840 2984 qussi
858 2919 957 2983 gravide
974 2926 1025 2976 est;
1050 2923 1180 2968 intumescit
1199 2919 1328 2968 sublimius

178 2982 203 3031 iu
224 2984 270 3032 His
303 2982 343 3031 uis
364 2982 389 3031 in
409 2998 528 3031 summum
547 2982 674 3032 discrimen
694 2984 736 3032 ad·
770 2984 801 3031 sd
817 2992 903 3031 terrem
917 2983 1035 3038 transfert,
1051 2982 1116 3046 quod
1134 2982 1222 3047 viperis
1236 2998 1328 3033 veneno

178 3046 257 3095 ductes
278 3045 377 3102 uisseut,
393 3047 418 3094 iu
432 3046 523 3095 insulas
535 3046 677 3095 Fortunatas
689 3056 736 3095 tra·
769 3048 918 3096 tumentibus
943 3045 1062 3111 proprium
1082 3056 1134 3094 est:
1163 3048 1245 3094 iumen
1266 3049 1326 3103 ulter,

175 3108 277 3175 jiciendi
298 3111 389 3177 cepisse
411 3110 513 3159 dicitur:
542 3109 590 3158 vid.
613 3110 739 3159 Plutarch.
771 3126 838 3167 uum,
859 3110 919 3174 quia
937 3110 963 3157 iu
982 3110 1050 3157 terris
1068 3108 1193 3157 altioribus
1209 3110 1248 3157 vel
1267 3110 1328 3158 locis

179 3174 226 3221 l.l.
256 3175 341 3223 Reddit
354 3176 465 3230 Cererem,
478 3174 556 3235 fruges
570 3174 630 3221 sert:
648 3174 741 3240 proprie
771 3174 904 3223 acclivibus
927 3174 1003 3221 lustra
1021 3188 1066 3221 sua
1083 3173 1171 3221 hebere
1192 3172 1270 3221 solent
1291 3173 1326 3221 vi-

179 3237 276 3301 quidem
289 3240 392 3285 Cererem
407 3242 501 3286 reddere
512 3236 600 3285 dicitur
616 3252 671 3299 ager
687 3238 739 3286 cul·
772 3240 851 3302 peresi
867 3246 895 3285 ut
910 3238 952 3292 sit,
963 3252 1008 3285 uec
1019 3245 1128 3285 montosa
1137 3234 1172 3284 ibi
1183 3245 1220 3285 est
1231 3236 1327 3295 hamus,

178 3310 218 3349 tus
236 3310 260 3351 et
282 3309 370 3357 aratus,
389 3301 432 3366 qui
452 3316 533 3351 semen
553 3300 599 3348 sibi
623 3300 740 3349 creditum
772 3318 827 3365 quse
843 3300 930 3375 viperis
947 3302 1100 3349 intumescat.
1133 3300 1160 3349 Si
1176 3310 1281 3349 statuere
1296 3302 1327 3350 li·

178 3380 236 3413 cum
255 3366 345 3415 loeuore
356 3368 442 3421 reddit,
454 3365 480 3413 h.
491 3380 513 3413 e.
530 3365 609 3427 largas
621 3363 700 3429 fruges
710 3380 739 3413 ex
772 3375 835 3421 cest,
855 3364 964 3412 bbrsrios
985 3364 1083 3413 tortasse
1104 3364 1129 3412 in
1149 3364 1256 3412 eitbeto
1274 3365 1328 3412 voci

179 3428 270 3478 semine
289 3430 393 3494 proiert;
411 3428 454 3477 sed
474 3429 525 3477 haee
542 3427 669 3477 locutionis
686 3444 739 3493 pro·
773 3430 855 3476 bamus
869 3428 951 3476 sddito
966 3444 1088 3493 pecasse,
1098 3428 1154 3492 equi
1171 3444 1209 3476 em
1226 3444 1268 3492 pro
1278 3431 1329 3476 aits

196 3494 267 3541 rictas
277 3493 342 3541 baud
353 3493 459 3557 urgenda
467 3499 512 3541 est.
536 3492 649 3541 Ceterum
661 3500 736 3541 trans·
771 3492 855 3540 malim
864 3494 935 3548 nimo,
947 3492 986 3540 vel
996 3503 1060 3550 atra,
1072 3501 1108 3548 ut,
1116 3492 1178 3541 sicut
1188 3496 1328 3549 intumescit,

179 3508 253 3605 littam
272 3556 338 3605 illem
348 3572 377 3605 es
389 3572 460 3605 aures
473 3564 542 3604 etate
552 3554 583 3603 ad
594 3554 737 3604 Fortunatas
771 3556 802 3604 sd
820 3567 898 3604 atrum
914 3556 1049 3621 viperarum
1068 3571 1186 3604 venenum
1206 3556 1329 3605 reseratur.

180 3619 271 3669 insulas
285 3624 313 3669 de
326 3638 436 3683 agrornm
451 3624 597 3667 incentorum
607 3619 739 3683 fertilitate
773 3620 849 3667 Nulla
860 3631 938 3667 nocent
954 3624 1030 3682 pecori
1043 3623 1160 3682 vernagia,
1172 3635 1212 3668 aet
1226 3620 1260 3667 ibi
1278 3620 1328 3685 spi·

179 3684 321 3733 seutentiam
343 3691 446 3748 quatuor
464 3682 571 3732 versibus
592 3690 662 3746 poete
683 3682 737 3746 pul·
772 3690 809 3731 rat
835 3683 1010 3731 saluberrimus.
1054 3684 1160 3731 AEstrrosc
1187 3686 1329 3745 impotentis,

180 3748 236 3795 chre
262 3747 424 3812 amplificavit.
465 3746 633 3812 Comparsnda
659 3756 739 3794 autem
771 3762 866 3811 nempe,
888 3755 916 3794 ut
937 3761 992 3808 sup.
1013 3746 1048 3803 iii,
1072 3748 1110 3801 13,
1128 3748 1144 3794 9
1162 3748 1260 3803 dicitur,
1276 3749 1328 3812 jic-

181 3826 236 3859 cum
254 3810 354 3860 Horatio
371 3826 399 3859 ee
420 3818 541 3876 poctarum
560 3810 623 3865 loca,
642 3826 697 3873 quse
715 3810 740 3857 iu
769 3814 863 3874 grentis
884 3820 950 3857 atros·-
971 3813 1027 3857 bora
1051 3812 1178 3859 correcte.
1216 3812 1329 3859 Ceterum

181 3890 258 3923 aurete
281 3874 358 3923 etatis
379 3873 538 3947 descriptione
563 3883 691 3930 versantur,
715 3873 740 3921 iu
771 3890 855 3921 versus
872 3874 904 3921 53
918 3881 943 3921 et
959 3876 1000 3928 54,
1013 3874 1055 3936 qui
1073 3873 1098 3945 in
1116 3874 1183 3922 editt.
1201 3882 1259 3945 vett.
1275 3883 1330 3937 post

181 3938 740 4065 ttttttt,ttttttttmittt‘t:
772 3952 867 4048 {titt
886 3938 927 4047 ti
941 3937 1329 4048 tttfitntmtlttrt

181 4081 247 4113 rum:
268 4076 334 4113 rrnnt
349 4083 414 4113 sunm
430 4068 540 4121 arborem,
558 4066 583 4113 iu
601 4080 645 4113 sua
661 4064 739 4113 nasci·
773 4074 834 4119 rent,
845 4064 893 4111 buc
904 4063 1038 4127 transpositi
1053 4070 1117 4110 sunt.
1150 4062 1197 4111 Sed
1209 4078 1266 4110 cum
1279 4070 1329 4110 sta·

181 4137 219 4177 tur
239 4130 331 4185 arbore,
350 4144 398 4177 uon
417 4130 442 4177 in
460 4128 584 4177 frondibus
602 4127 739 4193 peregrinis,
772 4128 816 4175 tim
837 4126 862 4174 iu
884 4126 991 4176 versibus
1011 4125 1166 4190 sequentibus
1188 4126 1219 4174 de
1237 4125 1331 4176 mitiore

181 4192 206 4240 b.
227 4208 249 4241 e.
271 4209 313 4258 per
333 4192 487 4242 insitioniso
504 4209 533 4240 us
555 4192 689 4257 adoptatis:
711 4191 741 4241 de
774 4190 835 4239 aeris
851 4191 962 4255 temperie
975 4198 1068 4251 agatur,
1080 4205 1111 4238 ne
1127 4189 1167 4237 bic
1178 4190 1275 4254 quidem
1290 4206 1329 4238 sa-

182 4257 271 4305 ficuum
289 4256 400 4305 insitione
417 4257 464 4305 vid.
481 4209 543 4305 dato
557 4256 608 4312 xlii,
622 4258 644 4312 l,
664 4255 740 4303 Colu-
774 4254 805 4302 tis
821 4264 980 4319 opportunum
997 4253 1076 4302 locum
1087 4263 1214 4318 occupant.
1248 4254 1331 4304 Facile

181 4321 248 4370 mell.
266 4338 289 4377 v,
308 4322 346 4375 ll,
359 4322 389 4369 7:
407 4338 458 4375 surr,
477 4320 585 4369 similiter
596 4318 659 4385 apud
672 4318 741 4383 Virg.
774 4318 848 4381 igitur
863 4318 1004 4367 accesserim
1021 4317 1060 4374 iis,
1079 4316 1122 4381 qui
1141 4318 1184 4366 hos
1201 4318 1261 4366 duos
1278 4333 1329 4365 ver-

183 4385 244 4434 Geo.
264 4386 290 4441 ii,
309 4387 350 4440 82,
369 4386 439 4433 arbor
458 4402 525 4432 noros
538 4385 636 4449 frondes
654 4392 676 4431 et
696 4401 741 4431 non
773 4398 824 4438 sus,
852 4382 909 4431 licet
937 4380 1037 4431 Horatio
1063 4380 1128 4429 baud
1154 4382 1274 4445 indiguos,
1301 4383 1332 4431 ab

180 4466 223 4496 sac
233 4467 301 4511 ponc
312 4451 395 4497 mirari
409 4446 504 4496 dicitur.
538 4448 678 4496 Melicerten
693 4464 742 4495 rne-
774 4446 1275 4512 aliensmsuuirnportatosessestatuuut.

182 4524 239 4561 irent
259 4530 284 4560 es
303 4514 368 4561 ilire:
386 4512 418 4561 cs.
430 4512 523 4560 Tibull.
538 4512 555 4567 i,
572 4513 596 4566 3,
611 4513 652 4567 45,
674 4510 742 4575 Virg.
