3150 5200
722 366 935 435 CARMIN
947 365 1026 432 UM

513 557 571 622 Nil
584 557 680 642 pictis
696 553 828 618 timidus
843 553 953 638 nerito
966 550 1133 636 puppibus

451 659 492 722 15
599 657 699 722 Fidit.
745 655 813 730 Tu,
830 654 893 717 nisi
906 653 1011 718 ventis

644 757 757 830 Debes
771 756 960 831 ludibrium,
976 775 1065 818 ceve.

512 862 632 946 Nuper
647 859 820 925 sollicitum
833 878 908 941 quse
922 855 1001 919 mihi
1016 854 1161 930 taedium,

513 963 613 1026 Nune
628 960 837 1035 desiderium,
854 979 996 1041 curaque
1011 978 1076 1021 uon
1090 955 1182 1031 levio,

601 1061 764 1126 lnterfuse
778 1061 920 1124 nitentes

452 1162 495 1226 20
645 1163 741 1228 Vites
757 1183 889 1246 aequore
903 1160 1075 1245 Cyclades.

720 1412 929 1479 CARMEN
953 1411 1033 1479 XV.

442 1627 574 1676 NEREI
595 1625 862 1674 vn'rrcmwtr
886 1625 940 1672 DE
961 1625 1136 1675 EXCIDIO
1157 1625 1310 1674 TROJAE.

474 1770 611 1833 Pssuou
626 1789 726 1851 quum
740 1765 886 1830 traheret
900 1787 961 1850 per
975 1764 1059 1830 frete
1073 1766 1209 1829 navibus

471 1869 569 1934 Idaeis
584 1869 735 1933 Helenen
749 1866 896 1952 perfidus
910 1866 1085 1952 hospitem,

334 2041 438 2087 14-16.
455 2037 498 2086 Nil
508 2040 576 2100 pictis
587 2044 643 2085 cett.
655 2050 731 2084 uerus
744 2034 859 2084 sententi·
1057 2032 1211 2084 CARMEN
1228 2033 1289 2082 XV.

301 2118 369 2152 ururn
387 2111 424 2151 est
442 2101 492 2151 lere
509 2101 563 2150 bic:
585 2100 645 2148 nihil
664 2099 728 2150 enim
744 2099 816 2164 juvet
834 2099 860 2148 in
925 2099 1028 2156 Nereus,
1038 2097 1099 2148 deus
1110 2096 1347 2154 merinue,Peridem
1357 2096 1384 2144 in
1395 2097 1456 2146 meri

299 2174 438 2240 tempestate
455 2166 522 2214 nevis
538 2165 657 2220 nobilitas,
672 2163 732 2212 nihil
747 2172 860 2214 externus
892 2178 947 2211 curu
964 2171 1032 2228 repta
1042 2163 1137 2212 Helena
1153 2175 1249 2211 cursum
1262 2161 1289 2210 iu
1301 2161 1401 2227 petrium
1413 2177 1454 2210 nc-

300 2228 859 2359 lnttlttttttttltllu‘”titul
891 2226 1454 2341 t¹⁰ttttrt⁰¹tttttttltmtrtlt

299 2367 423 2408 externum
437 2357 501 2407 eninr
516 2357 613 2406 navium
626 2356 775 2423 splendorem
787 2357 860 2421 perti·
891 2371 1019 2413 murmure,
1040 2355 1115 2411 triste,
1136 2370 1184 2419 quo
1205 2354 1291 2419 ingens
1313 2355 1453 2404 Grecorum

300 2422 392 2470 nebunt
406 2421 515 2486 picture,
533 2421 622 2485 quibus
640 2437 690 2485 pup
753 2420 777 2468 in
795 2420 861 2470 rimis
891 2419 1011 2469 exercitus
1026 2429 1100 2485 reptre
1114 2419 1216 2468 Helene
1232 2419 1366 2484 npeunde
1379 2433 1456 2468 ceusu

299 2483 406 2534 decorosi
416 2485 534 2534 solebent.
561 2483 673 2532 Laudent
716 2439 861 2550 noel-{pist
892 2484 990 2532 Tro'em
1004 2491 1407 2550 oppugnetunrsetqueeversunrs
1416 2499 1455 2532 ss·

301 2548 374 2606 lxxvi,
387 2549 528 2598 Nevisboue
539 2550 747 2611 diuturniusque
756 2552 861 2611 pretiosis
892 2556 936 2607 set,
973 2547 1264 2612 tlumcecinissefingimr.
1280 2547 1455 2599 Poeume·

300 2614 411 2661 colonius
423 2616 487 2675 pieta
501 2624 616 2670 ess-neo
630 2616 697 2674 cujus
708 2614 782 2661 tunic
797 2617 861 2663 ebore
892 2629 948 2661 cum
960 2613 985 2660 in
993 2614 1039 2663 hoc
1050 2612 1154 2662 carmine
1165 2613 1309 2677 expressisse
1317 2612 1455 2669 Horatium,

299 2678 461 2736 celate-sed
471 2679 559 2725 stabilis
573 2687 595 2724 et
603 2678 684 2740 finne-
719 2678 773 2725 Nisi
787 2681 861 2726 sertis
891 2678 1017 2727 eumeni
1079 2676 1134 2742 ejus
1152 2684 1301 2740 ugumento,
1319 2677 1458 2741 frequenter

301 2742 374 2791 Debes
383 2743 517 2797 ludibrium,
528 2739 553 2788 h.
565 2756 588 2789 e.
598 2740 645 2788 nisi
653 2740 738 2797 ventis,
747 2748 775 2789 ut
785 2740 816 2789 iis
826 2742 860 2791 sis
891 2757 907 2790 e
917 2742 993 2807 poetis
1031 2742 1100 2791 rucis
1113 2750 1223 2799 metato,
1236 2749 1288 2789 tum
1301 2756 1331 2789 ex
1344 2741 1456 2807 Porphy-

300 2804 412 2862 ludibrio,
425 2814 448 2855 te
456 2820 574 2869 exponere
583 2805 627 2852 vis.
656 2805 783 2869 Loquendi
791 2806 860 2863 retio,
892 2806 965 2854 rionis
979 2806 1098 2855 evincitur
1107 2805 1256 2865 testimonio;
1274 2806 1326 2869 qui,
1338 2804 1393 2853 lico
1403 2808 1456 2861 ode,

301 2870 429 2917 ludibrium
442 2871 515 2917 elicto
528 2871 616 2924 debere,
626 2868 651 2916 h.
661 2884 684 2917 e.
696 2869 800 2919 ludibrio
815 2870 860 2918 uli·
892 2869 980 2934 inquit,
993 2871 1155 2935 Beocbylidem
1170 2872 1294 2928 imitatum
1310 2886 1365 2917 nem
1374 2879 1403 2916 ut
1414 2871 1458 2919 tue

301 2932 862 3047 tito,illittlt‘trttttttttt
894 2934 1459 3061 itttnlwtnttmtrlt‘ttltt

299 3060 384 3127 univ
394 3062 433 3111 ver
448 3014 604 3127 semiim
614 3060 710 3127 ,uere
726 3077 741 3110 a
758 3062 792 3111 ur
803 3034 860 3110 err!
894 3016 1003 3111 uliud.
1050 3064 1107 3113 nm
1117 3077 1238 3111 varocum
1249 3061 1392 3110 venereum
1401 3062 1457 3110 «u-

300 3124 379 3191 stopb.
402 3127 471 3175 Nub.
494 3127 566 3183 1001,
590 3126 674 3192 Eurip.
697 3128 725 3174 M
757 3162 765 3175 .
788 3128 861 3177 1049.
892 3126 940 3175 turi
961 3127 1046 3175 altiore
1065 3126 1151 3193 spiritu
1172 3142 1307 3240 excerpere,
1328 3133 1352 3175 et
1374 3141 1458 3175 rerum

301 3190 382 3239 Risum
393 3192 481 3247 debeo,
492 3190 517 3240 b.
528 3206 550 3239 e.
562 3190 621 3238 risui
636 3204 662 3239 se
677 3190 808 3239 obnoxium
823 3191 860 3238 oi·
893 3190 1026 3240 tutunmm
1056 3190 1185 3256 imaginem
1215 3207 1244 3240 su
1260 3190 1353 3239 limiore
1382 3191 1458 3253 qussi

300 3254 495 3319 lens,seipsuru
503 3254 658 3303 deridendum
669 3254 804 3320 propinare.
893 3254 1055 3304 nmmoconci
1086 3272 1112 3305 re
1125 3255 1233 3314 soleent;
1250 3254 1458 3319 focilecurpoe·

334 3318 438 3366 17-20.
456 3318 724 3390 Nupersotlieitumque
736 3321 859 3369 mihicett.
892 3325 932 3375 te,
957 3319 987 3367 sd
1014 3321 1061 3367 sub
1071 3319 1186 3368 imitatem
1213 3318 1370 3391 adspirantes,
1392 3318 1459 3367 vetis

299 3396 399 3430 sensus:
419 3398 433 3430 o
450 3396 526 3437 nevis,
537 3397 593 3445 quae
610 3397 684 3455 nuper
699 3381 724 3429 in
741 3382 860 3447 usuiregii
892 3396 957 3448 sepe
972 3398 1098 3448 personam
1112 3382 1240 3438 induerint,
1252 3381 1356 3455 intelligi
1399 3390 1458 3432 test.

299 3446 406 3556 periculo
420 3443 479 3491 mibi
493 3444 650 3493 sollicitudini
667 3460 719 3495 eres
733 3455 859 3511 etquetss·
893 3448 949 3503 Quo
966 3448 1042 3510 magis
1059 3456 1140 3496 eutem
1156 3448 1201 3495 hoc
1216 3446 1247 3495 de
1263 3446 1357 3496 excidio
1395 3446 1457 3519 rojes

317 3508 347 3565 'o‚
361 3524 426 3557 nunc
437 3522 501 3565 vero,
514 3516 606 3558 servata
619 3524 702 3575 nempe
713 3511 743 3557 nb
753 3510 860 3568 interitu,
891 3510 1033 3560 vaticinium
1050 3511 1258 3561 sccommodeturn
1273 3517 1336 3559 esset
1351 3512 1457 3560 cummi

298 3570 416 3645 voluptati
437 3580 461 3621 et
478 3586 571 3635 magne
591 3589 664 3630 cure,
683 3574 752 3630 vites,
768 3590 860 3639 queso,
892 3573 976 3638 lyrico,
991 3590 1020 3625 eo
1038 3575 1149 3640 cupidius
1163 3574 1225 3623 illud
1239 3573 1286 3623 sibi
1301 3573 1456 3623 nectendum

299 3650 371 3684 mens
383 3637 437 3685 loce
449 3635 595 3699 navigationi
604 3636 765 3685 infestissime.
800 3640 860 3687 Huc
893 3638 978 3687 sumsit
988 3638 1119 3699 Horatium
1152 3654 1208 3688 uem
1224 3638 1372 3702 quidemsseo,
1387 3638 1459 3703 quod

299 3708 405 3748 extreme
425 3700 542 3748 sententis
562 3701 636 3765 peulo
654 3701 759 3765 apertius
782 3701 863 3765 prodit
894 3702 973 3752 Nereo
985 3703 1102 3768 inprimis,
1170 3718 1195 3749 m
1209 3716 1277 3751 susm
1291 3703 1317 3751 in
1333 3703 1458 3751 meriAE-

299 3763 406 3811 animum
417 3763 618 3828 poetae,becsere
628 3764 774 3836 expressuri:
788 3780 862 3813 ores-
932 3783 955 3823 ο,
967 3767 1033 3832 quod
1049 3767 1132 3817 Poridi
1146 3766 1318 3817 transeundum
1333 3774 1393 3825 erut,
1410 3766 1458 3815 bs·

300 3827 404 3891 publice,
425 3844 479 3892 quse
491 3841 575 3892 nuper,
586 3827 657 3875 bellis
668 3827 780 3876 civilibus
792 3830 861 3877 ssevi·
893 3782 1125 3887 itudveticinsntis
1135 3839 1214 3896 pestes
1224 3830 1376 3895 delegaverit,
1386 3846 1459 3903 egre-

298 3890 403 3950 entibus,
415 3894 512 3941 creabas
524 3890 582 3939 mihi
592 3889 778 3940 sollicitudinem
790 3902 861 3957 etque
893 3892 965 3955 gion
1009 3903 1089 3945 mento
1108 3910 1152 3943 suo
1172 3894 1331 3952 consuluisse,
1351 3894 1461 3957 quilibet

299 3954 406 4013 tedium,
420 3971 485 4005 nunc
496 3970 560 4013 vero,
572 3954 671 4005 reducto
687 3956 744 4013 otio,
756 3964 781 4004 et
796 3955 860 4006 desi·
892 3960 958 4007 enim
989 3968 1072 4009 vertet.
1088 3959 1216 4033 Computa,
1240 3960 1266 4007 ui
1275 3960 1392 4007 Nostrum
1400 3958 1459 4007 irni-

298 4019 364 4068 derio
375 4020 410 4069 tui
422 4027 542 4077 renoveto,
553 4020 590 4069 vel
603 4019 706 4069 mexirne
720 4020 780 4069 mihi
795 4036 860 4071 curn
892 4029 957 4071 totus
966 4033 1011 4081 est,
1023 4025 1084 4071 Stet.
1097 4024 1189 4072 Achill.
1200 3976 1261 4079 110
1272 4038 1327 4087 sqq.

298 4084 411 4149 cordique
428 4100 470 4145 es,
493 4100 559 4142 cave,
575 4099 614 4139 ne,
632 4084 701 4134 motis
720 4086 751 4135 de
768 4086 860 4150 integro
926 4090 998 4136 1-4.
1016 4088 1107 4145 Pastor,
1120 4088 1198 4144 Puris,
1213 4087 1256 4161 qui
1271 4087 1297 4135 in
1313 4094 1393 4137 monte
1407 4086 1460 4135 Ida

298 4149 371 4197 bellis
389 4147 508 4207 civilibus,
529 4162 634 4215 preceps
656 4164 711 4197 rues
734 4150 759 4198 in
780 4151 859 4215 perni-
891 4161 916 4201 et
929 4152 1047 4201 educatus
1059 4160 1097 4200 est
1110 4166 1124 4198 e
1138 4150 1460 4216 pestonbus,etipsepuer

298 4212 369 4261 ciere.
402 4214 504 4276 AEqeore
522 4213 638 4277 iruerjiuo
658 4214 780 4277 Cyclades,
796 4215 821 4263 h.
835 4232 859 4265 e.
892 4215 1213 4289 edbucvitsmpestoritism
1229 4214 1264 4263 ibi
1278 4214 1358 4278 degit:
1374 4224 1461 4275 postor

300 4277 362 4335 iuss,
386 4278 500 4333 labentis,
522 4276 584 4325 inter
604 4277 732 4341 Cyclades.
773 4279 858 4329 Niten-
893 4281 1012 4344 Phrygius
1022 4278 1110 4328 dicitur
1120 4280 1184 4345 opud
1192 4278 1262 4343 Virg.
1272 4281 1333 4328 AEn.
1343 4278 1383 4335 rii,
1394 4278 1459 4335 ³63,

300 4350 340 4395 tes,
357 4343 389 4390 ob
405 4340 528 4390 marmoris
548 4340 582 4388 ibi
603 4344 722 4392 nascentis
740 4343 839 4391 nitorem
851 4363 858 4392 z
892 4352 916 4393 et
923 4355 1001 4407 pastor
1013 4345 1140 4392 Dardanus
1151 4345 1213 4392 Stat.
1225 4342 1318 4392 Achill.
1330 4343 1347 4399 i,
1360 4343 1407 4390 20:
1419 4344 1460 4393 cf.

299 4403 407 4454 similiter
429 4405 473 4453 ini.
495 4404 530 4460 iii,
552 4406 593 4461 28,
620 4407 659 4465 1⁴,
675 4407 799 4471 fulgentes
822 4408 859 4457 di·
893 4408 1033 4473 Apollodor.
1053 4406 1089 4465 iii,
1110 4409 1149 4464 12,
1170 4411 1195 4465 5,
1215 4407 1308 4472 Hygiu.
1328 4408 1388 4457 Feb.
1411 4408 1460 4459 91.

300 4474 396 4518 cuntur.
893 4473 1012 4530 Traheret,
1020 4472 1045 4519 b.
1052 4487 1075 4519 e.
1082 4480 1110 4519 ut
1121 4480 1212 4537 reptem
1224 4487 1306 4521 secum
1317 4471 1460 4521 obduceret.

893 4535 1459 4601 SequiturHorstiuseosquillelensminritsm
