3150 5200
408 1001 1091 1109 SATIRARUM

614 1295 723 1344 LIBER
741 1295 888 1347 PRIMUS.

532 1813 534 1819 ’
631 1795 810 1864 SATIRA
833 1800 860 1864 1.

305 1944 386 2051 Qui
401 1963 451 2042 fit,
469 1963 647 2042 Maecenas,
661 1977 698 2030 ut
713 1988 818 2043 nemo,
831 1989 928 2050 quam
944 1965 1007 2030 sibi
1021 1977 1140 2029 sortem

303 2063 369 2128 Seu
385 2067 469 2130 ratio
484 2067 622 2144 dederit,
641 2090 698 2131 seu
714 2067 781 2133 fors
797 2069 966 2153 objecerit,
982 2068 1037 2132 illo

304 2165 486 2230 Contentus
502 2169 598 2244 vivat,
614 2167 726 2233 laudet
741 2170 871 2234 diversa
886 2171 1081 2252 sequentes?

305 2266 337 2329 Ο
352 2265 508 2332 fortunati
523 2280 731 2347 mercatores,
748 2271 856 2354 gravis
872 2272 964 2334 annis

260 2367 282 2430 5
304 2366 401 2433 Miles
417 2371 473 2446 ait,
489 2371 591 2436 multo
601 2373 670 2455 jam
685 2370 809 2436 fractus
824 2374 968 2436 membra
981 2370 1104 2434 labore.

304 2469 425 2534 Contra
441 2483 610 2550 mercator,
627 2495 740 2537 navem
752 2475 953 2557 jactantibus
967 2472 1117 2536 Austris:

304 2569 424 2637 Militia
439 2585 489 2637 est
503 2576 620 2659 potior.
667 2575 758 2649 Quid
774 2576 881 2640 enimi
913 2574 1143 2640 concurritur:
1166 2573 1257 2637 lrorae

304 2673 474 2740 Momento
489 2687 546 2741 aut
561 2678 625 2741 cita
639 2700 725 2741 mors
740 2679 839 2755 venit,
855 2689 912 2742 aut
926 2678 1060 2742 victoria
1075 2676 1161 2739 laeta.

301 2772 489 2861 Agricolam
503 2780 615 2844 laudat
625 2780 710 2864 juris
725 2779 899 2863 legumque
914 2780 1051 2864 peritus,

242 2881 280 2941 10
303 2878 373 2943 Sub
388 2880 465 2963 galli
480 2895 610 2945 cantum
625 2880 791 2945 consultor
806 2882 864 2945 ubi
878 2882 962 2945 ostio
976 2878 1095 2963 pulsat.

366 3076 497 3126 SATIRA
516 3078 537 3127 l.
764 3077 848 3128 doctus
869 3076 895 3126 in
915 3077 1000 3127 Diruio
1019 3074 1176 3125 Trevoltiensi
1194 3089 1235 3122 an.
1259 3074 1322 3121 1715

206 3140 282 3188 Poeta
300 3140 324 3188 in
342 3156 428 3191 causas
448 3142 567 3201 vitiorum,
584 3144 670 3207 quibus
689 3142 731 3191 lro-
764 3158 841 3192 ruens.
852 3144 912 3191 Jun.
922 3141 1073 3206 conjiciebat,
1083 3143 1163 3203 gravis
1179 3140 1258 3192 armis,
1266 3152 1322 3199 quur

173 3202 251 3252 mines
261 3203 380 3260 laborant,
389 3205 502 3269 inquirit;
514 3222 602 3272 eosque
614 3208 733 3273 precipue
764 3206 862 3271 quidem
876 3206 947 3255 lectio
957 3206 1037 3272 plures
1048 3203 1183 3253 defensores
1193 3210 1264 3250 nacta
1273 3209 1310 3249 est
1314 3217 1321 3258 ;

174 3268 205 3315 ab
216 3267 313 3316 avaritia
323 3270 415 3333 repetit.
763 3272 789 3318 in
805 3271 837 3318 iis
852 3286 949 3334 quoque
964 3278 1001 3318 est
1020 3268 1130 3322 wolfius,
1150 3267 1235 3314 Horat.
1253 3265 1322 3312 Erste

209 3332 279 3379 1—3.
304 3334 350 3387 Qui
360 3336 402 3397 fit,
421 3334 541 3391 Mesenae,
556 3342 614 3383 cett.
630 3349 729 3383 sensus:
764 3334 842 3383 satire
858 3336 914 3383 Lat.
927 3334 978 3382 uod
997 3332 1114 3381 Deutscb.
1127 3330 1223 3394 (Rerol.
1235 3329 1322 3403 1813).

173 3409 251 3459 operae
268 3396 368 3460 pretium
384 3412 442 3445 saue
457 3400 730 3461 est,quaerere.n1aece-
765 3400 801 3447 At
818 3398 878 3447 mibi
895 3396 995 3471 antiqua
1014 3396 1084 3445 lectio
1103 3397 1170 3442 arrnr'r
1187 3402 1213 3441 et
1229 3392 1321 3457 simpli·

174 3473 227 3515 nas,
242 3460 300 3523 quid
318 3461 358 3519 sit,
372 3461 435 3525 quod
451 3476 521 3510 neruo
540 3472 601 3510 sorte
618 3462 731 3515 sumine
764 3463 823 3517 cior,
846 3471 871 3511 et
895 3462 973 3511 verbis
998 3460 1155 3525 sequentibus
1177 3459 1249 3505 multo
1267 3462 1323 3529 joqr

173 3536 254 3571 secum
275 3524 427 3573 deliberando
443 3525 545 3582 delecta,
565 3526 614 3575 sivo
633 3526 729 3574 fortuito
754 3528 854 3592 fractus
869 3528 968 3575 membra
986 3528 1061 3573 labore
1071 3520 1270 3571 accommodatior
1285 3535 1322 3595 Υι-

173 3586 262 3645 oblata,
280 3598 405 3637 contentus
423 3590 502 3647 vivan
523 3590 571 3637 imo
592 3606 662 3639 nemo
682 3606 730 3638 uon
763 3590 840 3639 detur.
864 3590 904 3639 Sic
915 3590 1004 3638 milites
1014 3598 1081 3637 etate
1089 3603 1181 3651 groveq
1189 3584 1254 3651 opud
1267 3586 1321 3659 er.

173 3665 222 3705 eos,
234 3652 275 3715 qui
293 3651 412 3701 diversum
428 3668 499 3701 aruo
516 3654 571 3703 vitae
589 3670 676 3717 genere
693 3670 730 3703 se·
763 3656 805 3709 vii,
816 3656 857 3708 ³9,
868 3663 893 3703 et
908 3654 943 3701 sic
953 3652 1018 3719 opud
1034 3650 1154 3700 Theocrit.
1170 3649 1243 3715 ldyll.
1256 3665 1320 3706 ων,

174 3725 288 3777 quuntur,
308 3716 390 3765 felices
409 3717 531 3781 predicet.
571 3719 648 3774 Ratio,
669 3718 730 3766 deli·
766 3721 822 3773 100,
839 3718 963 3783 Τειρεαίας
979 3716 1097 3766 πολλοῖσι
1111 3713 1192 3779 βαρύς
1209 3732 1256 3778 περ
1273 3710 1321 3762 ἐὼν

172 3778 271 3827 berario.
301 3780 424 3843 objecerit,
436 3782 531 3844 gravius
549 3797 598 3846 pro,
610 3782 730 3831 obtulerit.
765 3784 895 3840 ἐνιαυτοῖς.
934 3783 1034 3829 fractus
1055 3781 1152 3827 membra
1176 3778 1270 3833 Graece,
1293 3784 1322 3825 ut

174 3844 229 3891 Sors
239 3843 328 3909 sepius
345 3844 452 3893 homines
468 3845 498 3893 ad
510 3844 563 3894 vitae
581 3846 678 3909 aliquod
690 3862 731 3909 ge·
765 3845 814 3896 od.
826 3846 843 3901 i,
857 3848 880 3900 1,
892 3847 923 3893 21
934 3855 1020 3893 stratus
1031 3846 1139 3891 martra.

173 3922 218 3955 nus
228 3908 420 3972 amplectendum
431 3909 456 3957 vi
472 3909 577 3973 quodum
589 3910 665 3975 pellit,
683 3918 731 3956 tru-
799 3912 823 3957 7.
841 3911 933 3957 Militia
943 3919 975 3955 est
985 3910 1068 3970 potior,
1081 3922 1116 3954 sc.
1128 3912 1268 3953 mercatura.

172 3970 216 4026 dit,
230 3980 255 4019 et
271 3971 354 4046 adigit.
388 3972 489 4029 Laudat,
507 3973 549 4021 sed
569 3974 734 4037 unusquisque
802 3976 840 4022 10.
866 3974 997 4027 consutor,
1016 3970 1059 4032 qui
1079 3968 1186 4041 consulit
1202 3965 1265 4040 jutis
1285 3967 1320 4015 le·

172 4034 262 4084 laudet.
294 4036 335 4084 Sic
353 4036 398 4085 inl.
409 4037 435 4085 iu
452 4037 498 4086 boc
514 4040 564 4086 Sat.
582 4038 689 4093 Nemone,
702 4046 729 4084 ut
762 4052 867 4101 gumque
883 4036 994 4101 peritum,
1009 4032 1051 4097 qui
1070 4032 1147 4088 v.17,
1163 4031 1250 4078 drcrtur
1267 4047 1320 4077 eon·

172 4116 264 4156 avano,
276 4100 304 4173 ‚⁸²
313 4104 400 4162 probet,
413 4110 438 4149 ut
449 4105 523 4161 potius
535 4101 590 4165 (sed
602 4100 729 4163 unusquis·
762 4104 847 4156 sulcos,
866 4100 925 4147 b.e.
941 4099 984 4163 qui
1001 4096 1031 4145 ‹le
1049 4096 1100 4170 'qre
1114 4094 1247 4169 respondet.
1273 4093 1320 4141 Sub

171 4166 330 4276 ltotzt‘)
350 4167 730 4295 'tttl'ttttttz‘tltlt
760 4167 827 4276 §tl
840 4157 1323 4299 llll:‘llrlll'lllllllbl'lb

171 4244 730 4359 {norrorvilllllanutodCic.proQuioct.26.
764 4292 828 4357 apud
849 4292 974 4339 Romanos
993 4305 1069 4355 pnmo
1086 4303 1156 4360 mane
1175 4285 1241 4359 odire
1259 4284 1320 4359 sole·

205 4358 267 4411 4,ῦ.
286 4356 371 4405 Gratis
389 4360 562 4405 amris—multo
570 4362 625 4421 jam
634 4356 731 4422 fructur
764 4358 824 4405 bant
832 4371 958 4405 causarum
969 4363 1090 4421 patronos.
1111 4351 1231 4399 Hrncrnl.
1243 4351 1322 4415 Epist.

171 4422 269 4467 membro
291 4422 375 4475 labore,
393 4421 436 4495 qui
452 4422 504 4485 jam
523 4422 596 4470 scutit
615 4420 730 4468 venientis
762 4420 788 4477 ii,
809 4424 832 4476 1,
854 4422 908 4474 103,
930 4421 1004 4467 llomae
1022 4421 1090 4466 dulce
1102 4417 1157 4482 fuit
1175 4426 1200 4491 et
1215 4416 1320 4492 solemn»

171 4484 302 4533 senectutis
313 4485 455 4540 molestum,
468 4494 492 4533 et
502 4486 586 4534 virium
603 4484 677 4532 multo
695 4486 729 4533 lu·
763 4488 853 4533 recturo
874 4484 1025 4532 Macedonio
1042 4484 1150 4544 vigilare,
1169 4482 1247 4527 cluntr
1266 4494 1320 4540 pro·

171 4546 228 4596 bore
239 4548 408 4597 exhaustarum
419 4549 549 4599 delectum.
578 4548 623 4598 Vir
633 4547 731 4612 quidam
764 4566 824 4599 mere
831 4552 901 4611 jura.
