3150 5200
265 367 329 430 278
729 365 954 430 EPODON

680 721 886 786 CARMEN
911 722 1007 787 XVI.

576 950 632 998 AD
655 950 856 999 POPULUM
880 949 1112 999 ROMANUM.
1139 961 1144 970 ·

441 1110 587 1172 Aurana
598 1111 667 1195 jam
682 1111 798 1174 teritur
811 1108 906 1173 bellis
921 1109 1068 1174 civilibus
1083 1115 1175 1183 aetas,

484 1209 559 1273 Suis
574 1221 608 1274 et
622 1213 694 1294 ipsa
708 1211 816 1276 Roma
830 1212 954 1275 viribus
968 1211 1053 1274 ruit:

440 1311 549 1384 Quam
563 1335 669 1395 neque
684 1312 812 1376 finitimi
826 1312 997 1376 valuerunt
1011 1312 1151 1396 perdere
1169 1307 1285 1383 Marsi,

484 1412 624 1477 Minacis
640 1424 697 1477 aut
713 1413 856 1477 Etrusca
871 1412 1027 1477 Porsenae
1041 1433 1167 1485 manus,

385 1515 406 1575 5
441 1513 574 1576 AEmula
588 1536 648 1578 nec
663 1514 766 1577 virtus
782 1513 916 1597 Capuae,
933 1535 993 1578 nec
1008 1513 1186 1597 Spartacus
1201 1531 1288 1586 acer,

483 1613 653 1697 Novisque
668 1616 767 1678 rebus
782 1614 923 1679 infidelis
936 1612 1117 1691 Allobrox3

438 1715 512 1779 Nec
528 1714 597 1778 fera
611 1715 750 1779 caerulea
765 1716 892 1779 domuit
906 1715 1084 1778 Germania
1099 1715 1199 1797 pube,

481 1814 742 1899 Parentibusque
757 1817 961 1880 abominatus
976 1814 1161 1880 Hannibal:

439 1915 543 2000 Impia
557 1917 731 2001 perdemus
746 1918 856 1982 devoti
871 1918 1039 2002 sanguinis
1054 1926 1151 1992 aetas3

378 2019 418 2079 10
482 2017 640 2101 Ferisque
655 2040 769 2081 rursus
785 2019 999 2101 occupabitur
1015 2017 1128 2081 solum.

424 2150 577 2199 CARMEN
595 2153 668 2202 XVI.
858 2150 948 2199 licitate
964 2151 1010 2199 t'rui
1028 2150 1122 2199 licebit!
1158 2150 1215 2214 Ipse
1231 2150 1337 2214 Jupiter,
1355 2159 1419 2214 post·

241 2219 243 2224 '
300 2215 364 2262 Cum
383 2214 490 2262 nondum
509 2215 592 2264 sevire
612 2215 748 2266 desinerent
764 2216 829 2265 bella
859 2231 933 2278 quam
950 2213 1284 2264 atatemaurearnineresrn
1299 2213 1421 2262 etdeiade

266 2277 354 2331 civilia,
370 2278 417 2326 imo
434 2277 501 2327 novis
516 2293 579 2328 nunc
594 2281 766 2344 rempublicam
780 2287 828 2329 ter·
860 2278 886 2326 in
904 2279 1003 2328 sensam
1021 2277 1130 2334 mutavit,
1145 2277 1198 2325 brec
1218 2276 1289 2324 litora
1303 2291 1320 2324 a
1336 2277 1422 2326 ceteris

266 2349 343 2390 retent
354 2341 473 2405 periculis,
486 2351 564 2406 poeta,
577 2344 651 2392 ruine
667 2359 721 2409 que
733 2359 774 2408 per
786 2343 829 2391 illa
861 2342 928 2390 terris
937 2344 1054 2408 corruptis
1065 2341 1205 2395 socratitas
1214 2341 1260 2405 pie
1271 2340 1337 2414 genti
1346 2341 1421 2390 desti-

266 2403 363 2468 imperio
386 2404 509 2454 immineat
528 2405 671 2468 cogitatione
693 2423 828 2472 percussus,
861 2407 943 2466 nerim
960 2407 1011 2456 brec
1022 2404 1297 2490 igitur,cpii,secund1s
1305 2405 1421 2469 auspiciis

266 2467 384 2530 ejusmodi
406 2468 523 2516 Romanis
542 2469 568 2516 in
587 2469 632 2518 hoc
650 2471 754 2522 carmine
769 2487 826 2545 pro·
859 2470 926 2518 vobis
938 2470 1050 2519 adeunda
1059 2470 1133 2518 sunt!
1176 2471 1245 2526 Quas
1272 2467 1353 2517 uidem
1364 2484 1420 2517 sen·

268 2530 336 2594 ponit
351 2531 485 2586 consssium,
502 2532 566 2595 quod
586 2533 616 2581 ad
636 2549 716 2583 eorum
737 2551 829 2584 animos
860 2535 946 2584 tentias
956 2549 1007 2598 qua
1016 2543 1066 2582 arte
1077 2532 1190 2582 Horatius
1204 2533 1275 2596 anrp¹
1293 2533 1382 2582 caverit
1396 2540 1422 2582 et

266 2591 429 2658 percellendos
445 2603 470 2645 et
486 2611 501 2644 a
516 2595 594 2645 lurore
611 2598 664 2655 isto,
680 2615 729 2663 quo
745 2609 829 2648 conus
860 2599 1018 2656 exornaverit,
1029 2600 1129 2648 lectores
1140 2596 1186 2663 ipsi
1197 2598 1309 2647 sentient.

266 2665 342 2706 semet
357 2658 364 2705 i
409 2673 420 2705 s
435 2668 515 2715 ruant,
528 2661 667 2709 avertendos
678 2663 771 2726 egregie
785 2679 826 2712 ac·
893 2665 981 2712 1-10.
991 2665 1146 2712 Alteraaetor:
1156 2660 1308 2710 sihominum
1316 2669 1420 2719 etatem,

181 2742 183 2748 ⁴
266 2736 358 2769 commo
377 2730 442 2769 ntum
461 2731 505 2771 est.
539 2723 629 2773 Suadet
644 2741 728 2791 nempe
745 2726 784 2783 iis,
800 2734 829 2775 ut
876 2728 1000 2785 svrdv,ad
1013 2727 1136 2790 vulgarem
1153 2724 1269 2773 rationem
1286 2725 1421 2791 (vidqnos

266 2782 291 2855 in
314 2784 484 2859 re'desperata
505 2787 622 2837 Phocaeos
643 2788 771 2846 imitentur,
794 2799 826 2847 et,
859 2746 940 2839 laudat
960 2792 1055 2840 Albert.
1074 2789 1105 2838 ad
1125 2788 1233 2853 Hesycb.
1252 2805 1273 2837 s.
1292 2807 1317 2837 v.
1336 2792 1419 2855 γεκὰ,

266 2856 330 2895 srcut
341 2849 391 2923 ¹rllr,
409 2849 503 2899 deserta
521 2852 605 2915 patria,
621 2853 740 2916 regionem
759 2861 827 2903 exte-
859 2856 890 2902 T.
901 2855 919 2929 i,
930 2871 955 2919 p.
968 2857 1061 2929 mian·
1074 2854 1128 2917 tu),
1140 2868 1184 2918 pro
1195 2852 1294 2915 triginta
1303 2868 1421 2903 annorum

267 2916 828 3047 tut,'ttt'in‘ttt‘qttlt'ttttitt.
858 2926 937 3046 llil?
956 2917 1162 3047 lllllllmli
1175 2926 1422 3039 ‘tmutttftut

266 3039 370 3089 melioris
381 3040 482 3091 fortune
493 3058 536 3118 spe
547 3059 573 3093 se
590 3054 679 3093 uantur
689 3046 825 3102 consilium,
858 3048 892 3095 U.
904 3048 935 3095 C.
947 3062 1055 3102 cccxxi,
1066 3062 1115 3109 quo
1128 3052 1212 3093 centn
1224 3043 1357 3093 Antonium
1366 3046 1419 3094 bel-

267 3101 411 3179 Fortupatns
422 3108 515 3181 Oceani
530 3062 630 3165 intirim
642 3117 669 3157 ut
685 3108 765 3157 sedem
783 3125 825 3157 au·
858 3109 909 3157 lum
919 3118 1012 3175 pararet
1022 3108 1178 3165 Octavianus,
1189 3108 1303 3219 scriptum
1313 3124 1367 3157 esse
1376 3125 1420 3175 po·

265 3178 481 3236 sprcatrorem,pus
498 3172 614 3221 Romanis
625 3172 754 3221 destinatas
765 3189 826 3230 esse,
858 3172 954 3233 nimus;
970 3174 1036 3223 bella
1052 3172 1240 3231 civilia,indea
1265 3188 1329 3221 anno
1342 3174 1420 3223 U.C.

265 3233 459 3283 comminiscitur.
502 3236 675 3283 Sententiarum
694 3252 769 3285 nexus
791 3245 828 3286 est
859 3254 965 3295 ncaxvr,
976 3253 1025 3302 quo
1037 3237 1107 3286 Sulla
1116 3245 1199 3285 contra
1208 3236 1315 3284 Marium
1325 3236 1420 3285 hostili-

265 3293 376 3345 ierehic:
395 3298 509 3353 “Rome,
536 3313 591 3346 mun
601 3299 683 3347 nullus
694 3308 827 3349 exterorum
859 3308 895 3349 ter
915 3302 1081 3356 insurrexerat,
1103 3300 1211 3365 repetita,
1227 3300 1278 3363 jasa
1297 3300 1419 3365 quinqua-

265 3357 366 3430 bostium
384 3361 477 3431 vincere
495 3314 580 3417 vrlluir,
597 3377 639 3426 per
654 3362 719 3411 bella
737 3364 827 3421 civilia,
859 3365 926 3427 ginta
939 3374 965 3414 et
991 3366 1083 3430 uiaque
1093 3379 1169 3413 annos
1179 3364 1204 3411 in
1214 3364 1339 3429 republica
1348 3365 1420 3413 setri-

265 3421 463 3495 inalteramjarn
478 3431 572 3495 ¹rctatem
589 3425 713 3489 producta,
726 3427 776 3474 suis
790 3427 826 3492 ip·
859 3438 935 3478 erant.
969 3382 1002 3477 lit
1022 3432 1081 3491 ipsa,
1104 3429 1177 3489 αὑτὴ,
1200 3437 1294 3493 sponte,
1315 3438 1342 3476 ut
1363 3444 1418 3478 sex·

265 3499 314 3532 stus
325 3486 451 3534 conficitur
462 3487 567 3534 viribus!
603 3489 718 3537 Romaiu
736 3490 827 3541 cineres
859 3492 958 3541 centies.
985 3494 1079 3541 Viribus
1091 3497 1140 3541 suis
1154 3495 1218 3540 nau:
1234 3508 1289 3557 sup.
1302 3491 1418 3557 Epod.'l,

263 3547 370 3619 collapsa
382 3548 433 3595 solo
444 3551 587 3613 equabitur,
601 3561 625 3601 et
640 3553 714 3602 erutis
726 3554 826 3603 Romuli
858 3558 883 3612 9,
897 3558 940 3604 Sed
955 3567 992 3612 ut,
1011 3558 1135 3606 amandam
1150 3565 1202 3603 neto
1213 3556 1364 3611 Parthorum,
1374 3573 1419 3605 saa

263 3610 358 3659 ossibus
382 3611 522 3662 insolentius
545 3614 671 3665 insultabit
691 3618 823 3666 barbarus!
861 3620 921 3668 Urbr
932 3622 978 3668 bec
987 3624 1073 3683 periret
1084 3622 1184 3667 derum.
1219 3619 1418 3668 Finitiniurlae-

264 3672 382 3730 Fortasse,
404 3674 440 3722 his
459 3678 528 3725 malis
550 3678 619 3727 nobis
637 3680 824 3740 imminentibus,
856 3687 1029 3746 rumperem
1050 3684 1141 3732 Marri:
1165 3683 1304 3746 designatur
1326 3683 1418 3732 bellum

263 3744 305 3785 eut
315 3753 406 3795 omnes,
419 3748 461 3787 aut
477 3750 540 3790 certe
551 3743 634 3792 melior
643 3753 746 3793 vestrum
753 3762 823 3857 pars,
857 3748 989 3796 Marsicum
1006 3748 1055 3797 sive
1071 3747 1174 3802 Sociale,
1186 3747 1217 3795 de
1251 3764 1282 3796 uo
1298 3747 1347 3795 vid.
1362 3764 1418 3812 sup.

263 3798 293 3848 ds
314 3800 445 3874 salubriore
466 3803 585 3869 dispicitis
603 3808 718 3856 consilio!
771 3810 824 3858 alu-
856 3811 887 3858 ad
897 3811 932 3867 iii,
946 3813 985 3869 14,
999 3814 1039 3861 lss.
1072 3811 1173 3859 Mr'nrcr‘s
1187 3821 1229 3859 aut
1265 3821 1343 3859 trauca
1358 3812 1418 3859 Por·

262 3863 388 3913 bammum
411 3875 490 3916 nutem
514 3869 667 3921 hauddubie
687 3873 732 3923 erit
750 3872 783 3931 id,
803 3874 824 3923 si
856 3890 913 3923 sene
930 3892 1025 3924 monus:
1043 3875 1135 3924 bellurn
1146 3876 1274 3923 Etruscum
1286 3889 1341 3923 cnm
1356 3876 1417 3923 Por·

262 3928 379 3979 Phocaeus
390 3930 415 3979 in
426 3930 498 3979 simili
510 3949 586 3982 rerum
598 3934 759 4001 desperatione
769 3936 824 3985 imi·
856 3953 915 3987 sena
931 3954 962 3987 ex
974 3939 1027 3987 Liv.
1043 3938 1069 3995 ii,
1086 3941 1103 3989 9
1120 3939 1179 3987 satis
1194 3947 1288 3987 notum.
1320 3939 1419 3987 AEsrrsla

261 3992 303 4041 tati
320 4008 411 4052 eamus,
428 4012 572 4062 quocunque
589 4014 633 4047 nes
646 4000 721 4074 pedes
737 4000 820 4056 lerant,
853 4006 979 4050 necoirtur
991 4004 1090 4065 capum
1106 4002 1207 4052 laudant
1216 4002 1271 4052 Cic.
1281 4002 1307 4050 in
1316 4003 1347 4051 L.
1356 4004 1418 4067 Agr.

260 4066 285 4103 et
300 4066 385 4107 ventus
401 4060 505 4116 vocabit,
520 4070 552 4118 et,
566 4078 596 4111 ne
613 4080 653 4111 cm
671 4080 778 4130 unquam
796 4065 822 4113 in
853 4065 880 4120 ii,
898 4068 939 4122 32,
959 4068 1061 4130 Μῄονα
1082 4070 1243 4116 nestri-tres
1259 4068 1332 4115 solum
1350 4069 1419 4115 arbes

262 4119 304 4167 has
320 4129 394 4195 terras
410 4122 485 4197 redire
495 4124 558 4197 ¹velle
574 4126 600 4173 in
617 4136 721 4177 mentem
733 4130 821 4185 veniat,
854 4132 880 4176 in
889 4134 957 4179 terris
965 4133 1075 4185 omnibus,
1085 4131 1258 4194 Coniugium,
1268 4130 1416 4187 Corinthun,

261 4194 435 4260 sanctissimum
452 4190 621 4260 jusjurandum
636 4190 823 4256 interponamus.
856 4195 969 4255 Capuam,
980 4203 1115 4243 uetuerunt
1128 4210 1191 4256 posse
1204 4196 1297 4256 imperit
1308 4196 1416 4256 grauita-

260 4248 350 4297 Sumite
359 4250 431 4312 igitur
439 4266 554 4309 smmum,
563 4255 716 4304 conscendite
724 4272 817 4312 navem,
852 4268 896 4305 tem
916 4276 943 4306 uc
962 4275 1042 4305 nomen
1059 4261 1178 4307 rustinere.
1211 4258 1336 4319 Spartacus
1347 4274 1417 4305 acer.-

258 4322 283 4358 et
295 4312 388 4375 (dicam
398 4314 465 4387 vebis
476 4332 530 4379 quae
542 4317 698 4367 fortunatium
712 4320 765 4368 loca
776 4335 820 4368 nos
851 4321 942 4370 bellum
955 4322 1049 4376 servile,
1056 4320 1122 4384 quod
1132 4320 1261 4370 concitavit
1270 4323 1416 4385 Spartacus:

259 4378 385 4451 maneant)
397 4377 482 4426 divites
494 4380 586 4427 insulas
597 4381 682 4446 petite!
719 4384 819 4431 llicvo·
853 4384 902 4433 vid.
914 4400 969 4451 sup.
982 4385 1013 4433 ad
1024 4385 1059 4441 iii,
1074 4387 1113 4442 lt,
1128 4388 1167 4433 19.
1199 4386 1320 4432 Allobrox:
1344 4385 1415 4432 Allo·

259 4437 429 4511 brunomnrum
458 4458 534 4491 rerum
560 4452 644 4509 sponte
665 4447 819 4496 affluentibus
850 4449 944 4513 bruges,
961 4449 1051 4498 Gallice
1068 4448 1180 4513 populus,
1193 4447 1308 4496 Rhodani
1325 4464 1340 4496 a
1357 4448 1415 4497 lacu

256 4515 332 4564 copus
342 4512 366 4551 et
380 4520 475 4553 summa
485 4506 539 4556 vitre
552 4509 678 4558 securitate
695 4518 766 4575 atque
785 4512 818 4559 le·
853 4513 959 4561 lemano
979 4512 1009 4561 ad
1029 4513 1120 4561 isaram
1140 4528 1216 4577 usque
1235 4512 1335 4570 accola3
1350 4516 1416 4560 sonis
