3150 5200
709 317 1006 383 CARMINUM

470 464 618 530 Merces:
642 471 770 547 vetabo,
786 472 843 554 qui
859 471 988 536 Cereris
1004 492 1132 534 sacrum

515 566 666 651 Vulgarit
681 593 818 650 arennae,
835 575 897 636 sub
911 573 1030 636 isdem.

559 668 610 732 Sit
626 673 786 749 trabibus,
804 672 990 758 fragilemve
1005 696 1131 738 mecum

472 768 583 833 Solvet
597 770 764 854 phaselon.
811 774 907 859 Saepe
923 775 1094 859 Diespiter

407 871 450 933 30
471 870 651 956 Neglectus
665 877 790 941 incesto
805 876 933 941 eddidit
948 879 1127 962 integrum:

514 972 605 1039 Raro
617 978 863 1043 antecedentem
878 978 1050 1043 scelestum

558 1076 715 1143 Deseruit
729 1081 815 1164 pede
831 1080 934 1145 Poena
950 1079 1077 1145 claudo.
1177 1167 1178 1170 Ἴ

729 1383 936 1449 CARMEN
961 1384 1022 1449 111.

440 1581 450 1588 ’
473 1587 608 1653 Jusruu
623 1612 661 1654 eo
676 1600 823 1655 tenacem
837 1591 998 1674 propositi
1013 1592 1115 1655 virum

472 1691 551 1757 Non
566 1693 681 1758 civium
694 1693 792 1756 ardor
804 1713 905 1776 preve
914 1693 1100 1776 jubentium

300 1856 355 1906 fidei
376 1859 482 1933 premia,
501 1875 574 1925 quam
586 1876 666 1974 ἕξοι
681 1859 784 1926 perfidie
805 1868 861 1910 ante
892 1876 947 1908 cum
958 1877 986 1910 eo
997 1859 1081 1926 punire
1091 1859 1161 1908 solet.
1191 1856 1276 1933 Valuit
1290 1859 1341 1908 hec
1357 1860 1389 1910 de
1401 1877 1458 1927 poe-

301 1921 386 1970 oculos
395 1923 558 1987 ponrdebent.
618 1935 791 1981 ttutemercer,
802 1940 858 1973 con·
893 1925 931 1974 nis
945 1924 1033 1998 divinis
1041 1923 1168 1999 jamepud
1182 1923 1359 1988 antiquissimos
1376 1941 1458 1990 popu-

300 1986 410 2034 stitutum
436 1997 472 2038 est
497 1998 588 2038 certum
609 1989 732 2055 premium
758 1991 773 2053 (
775 1991 862 2052 μισθὸς
893 1989 929 2038 los
943 1989 1031 2054 opimo,
1045 1988 1097 2037 ideo
1111 1987 1228 2053 inprimis,
1246 1997 1273 2036 ut
1288 1987 1406 2046 homines,
1425 1991 1459 2038 ob

299 2047 441 2124 ἀσφαλὴς),
458 2055 529 2118 fideli
547 2057 647 2113 attentio,
668 2054 690 2104 ei
711 2052 767 2102 fidei
787 2069 862 2117 quem
880 2052 1033 2102 detestabile
1051 2051 1115 2116 quod
1134 2051 1229 2100 scelesti
1249 2053 1312 2126 apud
1331 2053 1393 2102 alios
1409 2053 1460 2102 sibi

377 2115 403 2163 in
420 2117 491 2166 rebus
512 2118 606 2166 meanis
623 2117 750 2167 reticendis
767 2119 859 2184 probat.
892 2117 1036 2166 contrahunt
1053 2116 1143 2172 odium,
1160 2131 1174 2164 a
1193 2115 1322 2166 sceleribus
1344 2118 1460 2168 commit-

301 2129 421 2244 lluzpexit
441 2181 541 2231 fortasse
561 2191 632 2247 poeta
652 2182 768 2256 singulari
787 2181 861 2246 hujus
892 2180 1460 2292 tendisdeterrerentur,propegata:loeuseles·

300 2244 394 2292 nrtutis
420 2249 642 2296 commemoratione
668 2247 788 2312 pertidum
816 2247 860 2296 eli·
892 2245 958 2294 sicus
974 2245 1005 2294 de
1022 2244 1142 2294 communi
1159 2244 1202 2292 rla
1219 2252 1325 2294 veterum
1342 2245 1461 2310 opinione

300 2322 383 2370 quarn,
395 2325 420 2357 re
430 2310 536 2374 quadam
546 2311 660 2374 gravioris
670 2311 783 2360 momenti
793 2311 860 2359 evul-
893 2318 930 2358 est
947 2309 1012 2376 apud
1031 2308 1116 2373 Eurip.
1133 2310 1200 2374 Sept.
1219 2324 1243 2358 c.
1256 2308 1353 2358 Thebas
1368 2326 1393 2359 v.
1405 2311 1460 2360 606

300 2380 363 2434 gata,
378 2382 429 2421 tum
442 2374 555 2439 temporis
568 2375 728 2424 commissam.
760 2374 862 2423 Amicus
892 2389 947 2439 sqq.
971 2375 1097 2436 Diespiter,
1108 2373 1217 2438 Jupiter:
1239 2372 1271 2422 el'.
1282 2389 1336 2438 sup.
1347 2373 1365 2429 i,
1376 2375 1419 2431 at,
1432 2379 1460 2424 5.

300 2450 368 2484 meus
388 2436 535 2501 Bosttigerur
551 2448 673 2505 comparat
692 2440 783 2489 Gnom.
802 2439 861 2489 edit.
894 2438 958 2486 Raro
968 2440 1136 2486 antecedentem
1149 2439 1265 2486 uelatum
1280 2438 1390 2486 Detentit
1401 2443 1461 2502 pede

301 2497 409 2578 Brunck.
419 2516 446 2565 p.
455 2499 596 2550 moddtv
607 2507 705 2563 σιωπῆς
714 2504 766 2553 1οτι
775 2521 858 2568 χρησι-
894 2503 967 2551 Perre
992 2503 1088 2576 claudo..
1131 2501 1269 2575 'uulgarem
1301 2503 1459 2560 sementim»

300 2564 862 2704 „eampis
892 2565 1461 2697 „0t‘ttt:‚ruumnn,;urt

301 2704 396 2739 arcanis
406 2692 560 2741 enuntiandis
576 2694 767 2752 lentatiahomo,
778 2712 860 2745 exem-
893 2695 972 2745 Poena
993 2710 1085 2760 nempe,
1107 2703 1134 2743 ut
1148 2694 1195 2744 dea
1212 2695 1346 2758 (Nemesis,
1364 2694 1459 2759 Δίκη),

302 2755 430 2819 plieause,
445 2757 487 2821 qui
503 2758 634 2807 Cererism
662 2760 860 2824 terieerulgnrit‚
893 2760 984 2809 tamdiu
1001 2759 1129 2809 scelestum
1148 2758 1235 2807 claudo
1255 2759 1292 2807 val
1308 2758 1375 2807 tardo
1393 2758 1461 2824 pede

302 2834 351 2869 una
357 2836 452 2869 meeum
460 2823 499 2870 vel
506 2822 618 2871 habitetv
650 2823 759 2897 naviget3
770 2823 795 2871 h.
805 2840 827 2875 e.
834 2824 860 2873 in
892 2824 1007 2889 subsequi
1014 2823 1119 2897 fingitur,
1129 2839 1206 2888 arque
1214 2822 1271 2871 dem
1280 2838 1336 2871 eum
1344 2834 1460 2874 assecuta

300 2883 383 2947 perfidi
396 2886 434 2935 vel
447 2885 536 2952 perjuri
550 2886 653 2936 hominia
667 2897 780 2937 societate
789 2889 859 2953 equi-
889 2897 933 2937 est.
967 2888 1125 2937 Notisrrmum
1136 2896 1173 2937 est
1182 2887 1242 2935 illud
1257 2886 1350 2936 Tibulli
1361 2887 1378 2945 i,
1390 2889 1416 2945 9,
1430 2890 1457 2944 4,

300 2946 354 2996 dem
374 2964 427 2999 este
447 2951 510 3001 nolo.
543 2952 634 3001 Cereris
649 2970 740 3002 arcane
757 2970 858 3012 somnam,
889 2954 946 3001 Sere
970 2963 1046 3001 temen
1072 2954 1148 3001 tacitis
1172 2952 1244 3000 Pena
1266 2954 1328 3000 uenit
1349 2954 1457 3014 pedibus.

300 3027 369 3061 sacra
385 3014 525 3075 Eleusinia;
542 3015 568 3063 in
587 3016 676 3082 quibus
692 3034 749 3066 eum
765 3033 861 3067 summe
891 3017 969 3065 Multa
981 3016 1006 3064 in
1018 3017 1080 3065 hane
1091 3016 1232 3065 sententiam
1243 3015 1458 3081 eremplneGrar·

300 3077 413 3142 religione
422 3079 626 3131 reticendeeasent
634 3096 730 3137 arcena,
740 3080 860 3130 bominem
891 3081 927 3129 cis
938 3080 1047 3146 inprimis
1058 3079 1134 3147 poetis
1144 3078 1264 3145 congessit
1274 3080 1315 3129 Cl.
1323 3079 1458 3131 mischet-

301 3150 388 3193 temere
407 3159 443 3193 rea
459 3148 559 3193 arcenus
576 3146 722 3195 effutientem
737 3154 861 3212 comparat
891 3144 989 3194 liebius.

300 3216 370 3271 poeta
377 3224 431 3257 cum
442 3208 488 3257 isto
498 3208 607 3263 scelesto.
615 3210 659 3273 qui
669 3208 760 3275 aliquid
770 3226 801 3259 ex
812 3209 861 3257 illis

300 3272 375 3321 sacris
399 3272 539 3337 vulgaverit.
582 3274 630 3321 Sub
650 3276 729 3321 iisdem
748 3276 860 3331 trabibun
1063 3272 1215 3321 CARMEN
1233 3274 1286 3321 111.

299 3334 441 3401 ὁμωρόφιος,
459 3336 599 3402 ὁμότοιχος·
635 3354 651 3403 p
683 3336 728 3385 site
750 3338 775 3386 in
798 3338 860 3386 banc
926 3338 1050 3387 Justitiam
1073 3336 1283 3393 ercensendam,
1306 3353 1361 3401 que
1385 3337 1457 3387 nulle

301 3400 630 3450 monumemtum
672 3400 748 3451 ellim.
769 3402 862 3466 Hymn.
893 3402 990 3450 omnino
1000 3402 1024 3449 vi
1034 3408 1060 3449 et
1070 3400 1177 3465 potentie
1192 3401 1291 3449 concuti
1306 3410 1409 3466 etapro
1445 3428 1456 3439 ·

299 3461 326 3509 in
347 3462 403 3513 Cer.
428 3465 483 3520 118,
507 3464 629 3529 Δάματερ,
650 3467 686 3529 μή
711 3469 787 3526 τῆνος
811 3466 863 3530 ἐμοὶ
892 3465 1037 3515 sitoebduci
1052 3473 1176 3529 potest‚ut
1192 3464 1407 3529 eervirtutes‚qui
1425 3482 1458 3513 us

298 3526 376 3590 φίλος,
385 3527 458 3587 deror
466 3528 582 3594 ἀπεχθὴς
593 3531 648 3590 Eia,
656 3528 712 3595 μηδ’
722 3530 862 3596 ὁμότοιχος.
891 3529 942 3641 {pm
954 3530 1010 3578 olim
1026 3528 1126 3577 summis
1141 3528 1225 3602 prisce
1240 3528 1318 3577 retetis
1332 3528 1457 3587 heroibus,

302 3591 445 3656 Fregitemoe
458 3611 546 3642 meeum
561 3594 764 3656 Solostpbeselon.
801 3594 861 3642 Pla·
922 3594 1029 3649 ioaeuris,
1049 3593 1158 3647 Herculi.
1178 3592 1285 3647 Baccho,
1302 3600 1328 3643 et
1348 3593 1458 3642 Romulo

298 3657 366 3711 telus,
377 3657 498 3715 navicula,
510 3674 559 3723 que
569 3658 680 3724 AEgyptii
689 3657 797 3723 inprimis
807 3669 859 3707 ute·
890 3657 986 3706 divinus
997 3658 1023 3706 in
1037 3658 1101 3706 coelo
1111 3656 1187 3706 bonor
1196 3665 1279 3721 partus
1295 3656 1334 3714 ait,
1351 3657 1456 3723 popula-

298 3720 393 3777 bantur,
414 3721 507 3787 longior
527 3731 552 3771 et
573 3723 704 3785 angustior,
726 3724 860 3784 rpite-reto,
890 3722 956 3770 ribus
966 3722 1017 3770 suis
1027 3722 1172 3771 exercendas
1182 3720 1342 3769 commendet.
1365 3722 1458 3785 Inque

298 3784 501 3897 ἱὲώοοεοῑὸοὴιιι)
511 3787 583 3861 cujus
597 3786 697 3861 formem
711 3786 759 3835 iere
774 3785 860 3859 relere-
891 3785 988 3859 quidem
1008 3786 1093 3859 harum
1110 3785 1224 3859 virtutum
1247 3785 1457 3835 commendatione

298 3856 860 3980 tittttatttttttttttttt‘t·tt:
891 3849 1458 3979 ttttttffittutttttttttttd

297 3978 791 4046 tostaquippeconiecto,beneeonvenit;
803 3979 859 4027 hinc
891 3993 948 4025 eum
966 3977 1107 4042 dignitatem
1126 3988 1178 4026 tum
1196 3978 1367 4027 sublimitatem
1384 3994 1456 4043 pera-

297 4045 477 4109 plrerelifirriler
493 4043 607 4093 dicuntur
617 4044 634 4094 J
637 4043 733 4093 urenali
750 4060 789 4100 xv,
805 4044 859 4091 127.
892 4050 935 4099 ret,
950 4042 1099 4107 digressioui,
1111 4042 1184 4108 quani
1200 4041 1301 4091 Romuli
1316 4042 1456 4107 suppedita-

298 4107 329 4155 In
345 4108 486 4157 sententiam
504 4108 544 4159 ct.
556 4108 657 4158 Mitech.
670 4116 792 4174 comparat
806 4108 856 4156 Eu·
888 4107 929 4155 bat
945 4106 1089 4171 exemplum,
1109 4107 1185 4155 multo
1205 4106 1300 4170 longius
1317 4122 1389 4169 quam
1407 4107 1458 4171 ipsi

297 4172 343 4236 rip.
353 4173 444 4222 Electr.
457 4173 528 4221 1334.
889 4171 1243 4234 οτςιιῐοεοῑο,ὶιηωοη1ιιοωῑ.
1277 4170 1359 4235 Fingit
1368 4186 1457 4236 nempe

329 4239 436 4287 29-32.
458 4237 520 4299 δορα
541 4236 658 4299 Diespiter
676 4236 800 4300 Neglectae
819 4237 856 4283 in-
889 4234 1021 4293 lunonem,
1034 4236 1130 4301 expiato
1145 4235 1251 4291 tandem,
1268 4251 1317 4299 quo
1336 4234 1378 4283 illa
1394 4250 1456 4299 gen·

296 4311 355 4350 certo
365 4304 458 4350 eddidit
469 4304 599 4364 integram:
616 4300 712 4365 Jupiter
724 4299 788 4349 enim
800 4316 857 4363 neg-
890 4306 937 4347 tem
946 4298 1075 4349 Tro‘nnem
1085 4300 1164 4349 adhuc
1171 4300 1274 4364 ejusque
1279 4308 1389 4373 posteros
1399 4315 1456 4364 per-

297 4366 377 4422 lectus,
400 4365 426 4414 lr.
446 4381 468 4414 e.
491 4366 615 4414 hominum
634 4363 666 4411 im
684 4364 755 4414 ietate
777 4364 857 4420 lesus,
889 4371 972 4411 secuta
990 4316 1076 4419 lueret,
1094 4364 1159 4419 odio,
1175 4379 1232 4414 cum
1252 4363 1287 4412 dir
1306 4364 1331 4411 in
1352 4364 1458 4413 solemni

297 4443 361 4494 sepe
371 4431 522 4479 innocentem
533 4430 658 4479 scelestoa
674 4428 737 4485 dere,
750 4429 775 4477 h.
785 4445 808 4477 e.
819 4427 857 4475 in·
889 4427 991 4476 consilio
1012 4428 1042 4477 de
1066 4428 1174 4479 Romulo
1192 4430 1218 4477 in
1240 4436 1332 4477 coetum
1354 4427 1458 4478 deorum

298 4503 431 4551 nocentem,
446 4495 504 4543 siin
517 4494 630 4544 societate
643 4493 738 4543 scelesti
751 4503 796 4551 est,
809 4508 859 4541 une
890 4491 1024 4557 recipiendo
1040 4492 1207 4551 deliberarent,
1219 4492 1243 4541 in
1260 4492 1323 4540 banc
1337 4492 1387 4541 lere
1398 4508 1458 4543 see-
