3150 5200
305 358 370 421 320
716 364 1040 453 snrrninuu

323 508 367 571 45
388 508 516 575 Idcirco
530 508 674 596 quidsr'n,
690 518 861 596 comoedis,
877 542 990 596 necne,
1006 543 1121 604 poema

389 610 500 689 Esset,
517 617 713 697 quaesivere3
736 620 827 700 quod
841 640 917 685 scer
932 622 1068 706 spiritus
1082 644 1120 686 ec
1135 624 1184 685 ris

387 711 460 776 Nec
475 716 594 793 verbis,
611 739 670 781 nec
686 720 784 782 rebus
798 720 902 798 inest;
925 723 989 785 nisi
1002 723 1092 805 quod
1107 724 1194 807 pede
1207 735 1298 789 certo

387 811 511 878 Differt
526 818 676 894 sermoni,
692 840 798 884 sermo
812 842 931 886 merus.
977 822 1026 886 At
1039 835 1135 907 puter
1148 825 1266 890 ardeus

386 912 497 1007 sepsit,
512 918 602 998 quod
617 920 786 985 meretrice
801 944 904 1006 nepos
919 924 1052 989 insanus
1066 926 1170 990 amice

321 1014 363 1076 50
385 1013 487 1079 Filius
503 1040 638 1083 uxorem
652 1020 768 1103 grandi
783 1044 858 1086 cum
871 1024 949 1088 dote
964 1036 1105 1102 recuset,

385 1116 508 1181 Ebrius
524 1130 557 1183 et
572 1120 735 1203 (magnum
749 1124 839 1205 quod
854 1125 1012 1208 dedecus)
1027 1126 1171 1191 ambulet
1185 1139 1260 1192 ente
1351 1144 1360 1154 ‘

383 1218 526 1283 Noctem
540 1242 614 1285 cum
629 1220 765 1285 fecibus.
810 1224 983 1309 Numquid
997 1226 1199 1311 Pomponius
1213 1229 1284 1292 istis

383 1316 525 1384 Audiret
538 1320 670 1398 leviore,
685 1334 780 1406 peter
795 1326 823 1387 si
837 1327 985 1389 viveret?
1031 1328 1123 1412 Ergo

382 1420 461 1484 Non
477 1424 554 1485 satis
570 1432 631 1499 est,
646 1424 738 1507 puris
752 1446 880 1489 versum
893 1428 1098 1510 perscribere
1111 1431 1241 1507 verbis3

317 1522 361 1583 55
383 1520 490 1594 Quem
506 1524 533 1586 si
548 1523 719 1600 dissolves,
736 1526 841 1607 quivis
857 1526 1077 1591 stomachetur
1090 1529 1217 1607 eodem,

383 1621 460 1695 Quo
475 1635 668 1707 personatus
684 1637 781 1709 pacto
795 1637 901 1711 peter.
948 1628 1024 1705 His,
1040 1651 1102 1713 ego
1117 1653 1191 1714 quie
1205 1654 1303 1710 nuno,

276 1712 279 1719 ¹
381 1724 470 1788 Olim
484 1748 558 1809 quae
573 1727 702 1810 scripsit
718 1726 877 1805 Lucilius,
893 1731 1013 1813 eripies
1029 1732 1057 1793 si

378 1826 545 1911 Tempora
554 1838 654 1904 certe,
664 1829 854 1912 modosque,
864 1840 898 1894 et
906 1830 996 1913 quod
1006 1833 1098 1915 prius
1108 1833 1222 1897 ordine
1231 1835 1365 1897 verbum
1376 1845 1438 1911 est,

381 1927 549 1993 Posterius
564 1927 675 2007 lacius,
692 1951 887 2014 praeponens
902 1931 1015 1995 ultime
1028 1934 1158 2016 primis;

314 2032 358 2095 60
380 2030 468 2108 Non,
484 2042 522 2094 ut
537 2032 564 2095 si
579 2030 695 2108 solves,
712 2036 734 2066 “
747 2032 923 2116 Postquam
938 2033 1100 2097 discordia
1115 2043 1199 2099 tetra

378 2132 465 2197 Belli
469 2134 619 2218 serrator
627 2141 739 2217 poetes
747 2141 927 2218 portetque
940 2134 1078 2219 refregit
1087 2134 1116 2206 ,·”

378 2233 527 2298 Invenias
542 2235 639 2299 etiem
653 2233 781 2318 disjecti
796 2237 940 2299 membre
953 2247 1071 2319 poetae.

377 2335 546 2399 Hactenus
562 2335 650 2399 heec:
674 2334 765 2411 elias,
777 2337 904 2419 justum
919 2338 972 2412 sit,
988 2358 1101 2413 necue,
1118 2359 1251 2421 poems3

289 2536 344 2586 dem
353 2538 434 2587 efflatu
444 2538 547 2602 agitatur
555 2546 579 2587 et
587 2538 721 2589 incalescit.
741 2540 845 2603 Atqueos
878 2541 979 2590 emicem
1002 2540 1133 2607 deperiens,
1156 2556 1253 2589 uxorem
1275 2556 1330 2589 oum
1351 2542 1436 2607 grsndi

290 2603 380 2667 Magno
392 2616 526 2653 uncturum
539 2603 697 2666 (insolentiori
713 2603 788 2653 lonns
803 2620 846 2670 pro
876 2604 931 2655 dote
942 2614 1043 2661 recuset,
1054 2614 1079 2654 et
1088 2605 1169 2654 ebrius
1179 2613 1235 2655 cett.
1262 2606 1371 2656 desiciet
1381 2619 1436 2656 sete

287 2669 443 2730 scriturum),
466 2667 595 2734 explicent,
620 2683 648 2715 os
670 2667 735 2731 quod
762 2683 846 2718 sonore
878 2669 974 2718 Noctem
984 2669 1151 2734 consoribus:
1169 2670 1367 2731 sulgonousnte
1378 2687 1436 2720 noc·

288 2733 377 2795 possit;
402 2731 492 2788 malim,
514 2748 540 2781 os
563 2730 627 2796 quod
646 2745 733 2793 mogus
751 2732 843 2780 sonitu·
875 2741 933 2788 tem,
949 2732 992 2782 sed
1006 2731 1149 2799 intempeste
1164 2742 1235 2781 nocte
1249 2741 1304 2806 post
1319 2734 1435 2783 comissu-

210 2855 212 2860 .
287 2811 340 2844 rum
355 2811 407 2845 esse
421 2795 541 2862 expected
557 2795 648 2860 possit:
666 2811 750 2858 magno
765 2812 846 2844 sonore
875 2794 953 2845 tiones
963 2797 989 2844 in
1000 2797 1121 2844 urbecurn
1130 2794 1363 2847 iscihusdtscurrere
1372 2799 1435 2848 sole·

283 2857 335 2924 jem
362 2869 407 2918 est,
436 2857 586 2908 sublimiores
613 2873 684 2907 sonos
711 2867 735 2907 et
762 2858 845 2907 modos
876 2860 935 2908 hunt
950 2859 1010 2908 ebrii
1024 2868 1050 2908 et
1069 2860 1152 2908 lascivi
1166 2859 1284 2924 juvenes;
1311 2860 1337 2908 in
1357 2864 1436 2911 multo

286 2924 373 2984 edere;
396 2934 421 2972 st
437 2923 482 2972 ini.
498 2925 549 2972 Set.
567 2923 584 2980 i,
601 2924 625 2978 6,
641 2923 672 2970 4³
695 2921 725 2971 de
748 2921 845 2986 ingente
876 2923 955 2988 majus
971 2923 1043 2986 igitur
1062 2923 1166 2972 dedecus
1184 2923 1337 2973 incurrebant
1353 2924 1380 2981 ii,
1391 2926 1435 2990 qni

286 3003 371 3037 roonm
383 2987 550 3037 altissimorum
560 2987 659 3052 strepitu
669 2985 765 3035 dicitur.
871 2986 923 3050 jum
934 2996 990 3037 unte
1001 2995 1095 3036 noctem
1106 2987 1165 3036 ebrii
1176 3003 1231 3036 oum
1242 2987 1336 3036 fecibus
1347 2992 1433 3038 ombu-

318 3054 424 3103 45-40.
442 3052 718 3110 incircumcisionem:
745 3051 844 3100 inerunt
874 3051 966 3100 lehuno

286 3116 367 3180 igitur,
379 3116 430 3182 qui,
448 3125 527 3166 utrum
546 3115 664 3164 oomoedin
679 3130 764 3179 poema
779 3123 844 3163 esset
905 3116 1012 3164 52-66.
1031 3116 1160 3188 Numquid,
1171 3124 1229 3164 cett.
1263 3113 1311 3163 Hic
1327 3115 1432 3181 Pompo

285 3182 428 3236 vocandum,
450 3197 494 3229 nec
513 3195 552 3236 ue,
571 3185 711 3243 quererent,
733 3177 798 3243 quod
817 3178 842 3226 in
874 3178 938 3235 nius,
949 3195 1021 3243 quem
1034 3194 1105 3253 quaer
1115 3187 1199 3243 sponte
1209 3178 1256 3227 sibi
1267 3179 1432 3228 obversnntem

284 3245 410 3294 oomoediis
436 3260 479 3292 nec
506 3242 592 3299 verbis,
616 3257 660 3290 neo
688 3243 758 3290 rebus
786 3259 841 3307 quse
873 3242 951 3291 obiter
960 3243 1064 3291 troducit
1071 3242 1206 3307 poetn,hlio
1217 3242 1356 3292 Menedemi
1368 3242 1432 3308 opud

284 3316 394 3372 agentur.
411 3307 547 3380 sublimitas
566 3313 590 3354 et
607 3304 709 3380 pruritus
727 3307 797 3362 inest,
817 3315 842 3355 et
874 3306 1011 3380 Terentium
1022 3306 1088 3355 hnud
1100 3304 1224 3354 dissimilis
1236 3307 1290 3355 tuis
1324 3306 1430 3380 laepiors,

284 3367 841 3506 summissus?iunius
872 3368 1431 3507 currimncrntzturu

284 3497 308 3546 in
326 3497 376 3547 rite
392 3513 514 3546 commum
529 3505 627 3552 utimur,
645 3511 693 3544 non
712 3497 758 3544 ursi
777 3506 842 3546 certo
874 3507 940 3561 pater
957 3513 982 3545 ιιι
1002 3496 1121 3546 oomoedin
1135 3497 1205 3561 Jseit,
1222 3512 1271 3545 non
1288 3505 1345 3546 sunt
1360 3499 1433 3547 verbs

284 3561 344 3625 pede
355 3561 442 3610 differt.
475 3561 615 3626 Opportune
631 3559 763 3608 Lambinus
774 3576 841 3610 oom-
873 3560 1011 3611 sublimiore
1033 3562 1071 3611 vel
1083 3561 1191 3672 poetice,
1212 3560 1254 3610 sed
1276 3561 1386 3624 sulpuris
1406 3571 1432 3610 et

285 3624 415 3689 parneio.
428 3625 621 3680 Oret.20‚oideo
636 3627 709 3672 cisum
722 3641 766 3673 sese
782 3643 839 3673 non·
871 3642 941 3686 puro,
954 3624 1071 3673 utstatim
1100 3625 1205 3679 iruntur,
1217 3625 1242 3672 h.
1251 3641 1276 3674 e.
1286 3625 1348 3673 nihil
1358 3640 1430 3673 ornn-

284 3691 366 3744 nullis,
387 3690 492 3738 Plutonis
510 3698 532 3736 et
550 3689 675 3736 Democriti
694 3689 838 3744 locutionem,
872 3697 910 3737 tus
932 3699 956 3737 et
977 3688 1101 3752 elegentin
1124 3689 1246 3737 habentis.
1291 3689 1432 3737 Personam

282 3755 324 3800 etei
340 3755 399 3802 obsit
414 3771 428 3800 u
446 3769 521 3808 versu,
541 3761 624 3808 temeri,
642 3753 701 3814 quod
718 3753 840 3800 incitatius
869 3763 945 3813 poter,
957 3751 982 3799 in
993 3767 1098 3809 scenam,
1111 3752 1152 3800 ubi
1168 3767 1292 3816 personum
1306 3753 1430 3816 petrisin·

274 3816 377 3880 sirctur
392 3828 413 3865 et
429 3819 561 3865 clarissimis
579 3818 698 3864 verbmm
715 3817 839 3864 luminibus
871 3815 931 3873 duit,
956 3816 1094 3880 productus.
1140 3815 1223 3863 Eodem
1248 3827 1322 3878 poeto,
1345 3816 1430 3866 iisdem

282 3891 374 3938 ututur,
382 3885 458 3944 potius
465 3897 541 3943 poema
549 3883 677 3942 putnrtdum
685 3897 752 3941 quam
763 3880 838 3927 Comi·
870 3879 949 3927 verbie
960 3880 1034 3944 puris,
1046 3894 1152 3928 sermone
1163 3879 1266 3943 vulgari.

280 3962 359 3994 corum
369 3955 495 4008 poetarum,
507 3947 569 4006 opud
585 3961 648 4006 quos,
660 3945 705 3990 nisi
714 3945 773 4006 quod
786 3959 836 3990 oer-
900 3944 1007 3992 58-62.
1024 3943 1132 4005 Tempore
1143 3952 1215 3996 certe,
1228 3943 1300 4007 pedes
1309 3957 1340 3990 ex
1351 3943 1430 4008 longi·

280 4012 349 4058 siculi
359 4019 423 4068 sunt,
434 4011 495 4057 nibil
505 4019 535 4056 ert
546 4010 613 4056 aliud
627 4009 757 4070 quotidiani
768 4008 836 4054 dissi-
868 4006 949 4056 oribus
959 4015 984 4055 et
997 4006 1142 4055 brevioribus
1158 4007 1258 4071 syllabis
1274 4014 1427 4067 constantem

281 4077 334 4123 mile
343 4075 459 4122 oermonin
868 4081 939 4119 cenos
955 4073 1038 4124 modos,
1050 4085 1161 4118 numeros
1175 4069 1206 4118 nd
1223 4079 1312 4119 certem
1330 4085 1428 4118 mensu·

313 4140 419 4187 stt-or.
443 4143 474 4186 At
496 4147 571 4198 poter,
591 4143 647 4185 cett.
666 4143 691 4182 nt
711 4133 837 4182 sententie
869 4149 919 4182 rum
935 4134 1088 4200 compositos.
1106 4134 1252 4199 rhythmum.
1285 4133 1429 4189 Nomtn'

280 4202 472 4267 ture‘¹spiritum
491 4216 569 4250 eorem
587 4209 611 4250 et
626 4199 673 4246 vim
692 4199 799 4247 averbis
815 4205 840 4246 et
871 4200 951 4254 solvor,
975 4207 1032 4246 cett.
1056 4197 1147 4262 junge:
1182 4200 1339 4252 nos-etism,
1358 4198 1385 4246 h.
1403 4213 1428 4248 e.

280 4269 351 4316 rebus
363 4265 388 4314 in
399 4262 640 4318 comoediisnbesee‚''
656 4278 773 4328 opponere
784 4277 838 4326 pos·
871 4276 920 4309 non
937 4262 1040 4328 periter3
1057 4277 1157 4310 sensus:
1175 4263 1201 4310 in
1217 4262 1256 4309 his
1270 4262 1331 4310 meis
1341 4270 1366 4310 et
1377 4263 1428 4311 Lu·

279 4345 332 4379 sum
343 4331 479 4395 exemplum
491 4329 563 4385 senis,
574 4329 609 4376 irs
617 4325 723 4374 ardentis
732 4333 756 4374 et
765 4325 834 4374 sevi-
867 4325 918 4374 cilii
928 4326 1044 4382 versibus,
1057 4326 1078 4373 si
1089 4325 1178 4392 pedum
1194 4325 1300 4374 ordinem
1313 4325 1364 4373 sive
1375 4341 1427 4374 me·

278 4396 341 4443 entis
353 4391 505 4458 (Menedemi
517 4392 582 4459 spud
589 4391 685 4439 Terent.
698 4391 788 4439 Henut.
801 4391 836 4438 A.
868 4398 930 4437 trum
947 4391 1029 4439 turbes
1044 4389 1171 4454 tollesque,
1187 4405 1234 4438 non
1253 4389 1296 4445 its,
1313 4387 1385 4437 sicuti
1400 4389 1427 4437 in

277 4473 302 4516 v,
319 4461 345 4507 S.
363 4458 395 4520 i),
406 4457 470 4522 quod
491 4457 565 4512 lilius.
583 4471 649 4518 nepos
664 4452 836 4517 (dissolutioris
869 4453 942 4502 Ennii
964 4453 1081 4508 versibus,
1108 4460 1125 4481 ‘⁴
1139 4455 1262 4517 Perque„
1282 4452 1427 4506 discordis.”

278 4523 333 4570 vitu
347 4521 466 4586 juvenis),
485 4522 570 4570 insano
590 4533 669 4568 amore
689 4517 836 4568 meretricem
868 4516 969 4581 disjecta
978 4533 1090 4567 somnum
1101 4518 1206 4566 membre
1217 4515 1341 4576 inveniss;
1353 4515 1428 4565 Ennii
