3150 5200
577 380 741 445 LIBER
766 381 810 459 ΙΙ,
831 382 862 446 4.

355 532 409 596 De
425 542 533 617 gente,
550 534 611 596 sub
627 533 702 597 divo
717 536 863 609 moreris,

397 634 538 700 Victima
554 634 598 697 nil
612 636 797 699 miserantis
814 636 906 700 Orci.

245 738 288 802 25
311 737 434 801 Omnes
449 736 564 801 eodem
579 737 741 821 cogimur:
766 739 906 803 omnium

310 838 471 903 Versatur
486 860 568 901 urna
583 839 687 903 serius
703 840 794 903 ocius

354 940 432 1004 Sors
448 940 587 1017 exitura,
604 950 637 1005 et
652 964 712 1003 nos
726 942 760 1005 in
773 951 932 1005 oeternum

400 1041 562 1107 Exsilium
578 1044 768 1127 impositura
783 1046 918 1128 cymbae.

567 1311 775 1377 CARMEN
799 1314 861 1380 IV.

432 1511 490 1558 AD
519 1510 754 1559 XANTHIAM
783 1509 1001 1559 PHOCEUM.

355 1648 413 1713 Nn
429 1651 471 1714 sit
486 1650 610 1715 ancillae
625 1650 686 1715 tibi
701 1672 789 1714 amor
804 1652 935 1735 pudori,

354 1751 500 1816 Xanthia
514 1750 669 1817 Phoceu!
716 1751 814 1816 Prius
829 1752 1021 1818 insolentem

351 1852 453 1917 Serva
467 1852 592 1919 Briseis
608 1854 702 1919 niveo
717 1853 826 1918 colore

699 1953 807 2019 Movit
822 1953 1002 2021 Achillem:

300 2057 321 2119 5
354 2056 462 2121 Movit
476 2056 615 2142 Ajacem
629 2056 807 2122 Telamone
823 2068 935 2122 natum

135 2253 234 2301 Victima
257 2251 392 2316 conjungit,
415 2259 442 2299 ut
466 2252 507 2307 sit,
527 2252 588 2303 viris
614 2260 695 2303 tamen
727 2252 778 2317 ipse
794 2253 1023 2318 pmflteatur,quam
1037 2268 1069 2303 ex
1084 2252 1139 2316 ejus
1155 2250 1251 2314 iugenio
1268 2254 1293 2297 et

133 2317 233 2365 victims
243 2316 279 2365 nil
289 2316 422 2364 miserantis
434 2316 502 2365 Orci.
726 2318 843 2373 moribus,
853 2316 977 2366 liberalem
988 2317 1153 2366 educationem
1169 2314 1290 2382 prodenti-

165 2381 274 2431 25-28.
289 2380 693 2456 Expendeornatnmvulgarissen-
727 2381 781 2439 bus,
792 2380 851 2429 satis
862 2381 942 2494 colliqi
952 2382 1037 2493 possit.
1065 2380 1179 2445 Denique
1190 2396 1221 2428 ne
1232 2378 1292 2427 sorte

132 2445 225 2501 tentiae,
249 2444 397 2493 moriendum
424 2454 461 2495 est
484 2446 536 2495 sinc
558 2444 695 2494 discrimine
727 2444 789 2503 laus,
806 2447 918 2509 qusmP
962 2446 1004 2495 lidi
1023 2445 1115 2500 tribuit,
1130 2443 1288 2511 suspicionem

133 2509 246 2557 omuibus
261 2508 407 2559 homiuibus.
441 2510 521 2559 Osaces
538 2512 613 2558 codem
632 2513 693 2573 cogi·
726 2509 833 2575 aliquam
850 2510 914 2575 apud
932 2463 1063 2559 ianthiarn
1079 2518 1180 2566 moveat,
1198 2524 1224 2556 se
1237 2508 1289 2572 jam

133 2590 195 2632 mar,
207 2588 281 2623 aurea
297 2588 383 2639 nempe
399 2572 465 2638 virga
482 2574 598 2624 Mercurii
614 2574 693 2640 ψυχο·
725 2574 751 2624 iu
766 2589 796 2623 ea
812 2582 882 2624 etate
896 2575 1053 2625 constitutum
1068 2588 1120 2624 esse
1137 2572 1180 2629 ait,
1192 2572 1233 2621 ubi
1249 2572 1290 2637 ju·

134 2640 253 2704 πομποῦε
272 2639 304 2688 cf,
316 2653 371 2704 sup.
381 2639 399 2695 i,
413 2639 453 2696 10,
465 2640 490 2696 8,
502 2647 526 2688 st
542 2640 584 2696 24,
599 2641 629 2687 16
640 2655 668 2704 sq
688 2674 694 2688 .
726 2639 814 2688 senilis
820 2639 862 2688 ille
873 2639 899 2688 in
908 2656 987 2689 amore
998 2649 1069 2689 estus
1080 2638 1230 2688 deferbuerit.
1253 2638 1291 2684 si·

136 2704 244 2750 &unium
251 2719 298 2751 sors
307 2703 534 2767 contorquentur
542 2655 694 2768 (rdblsra‘d
726 2703 869 2753 militeriere
879 2705 1080 2754 ancillariolonrm
1089 2718 1187 2752 causam
1197 2709 1291 2768 perorat

134 2767 160 2814 in
171 2785 235 2815 orno
242 2785 250 2825 i
267 2767 347 2849 cogita
360 2767 390 2814 de
400 2783 462 2815 urna
475 2767 519 2816 illa
535 2767 609 2824 fatali,
621 2783 695 2832 quam
727 2767 832 2816 Ovidius
843 2769 900 2816 Am.
911 2769 937 2818 ii.
948 2771 973 2825 8,
985 2771 1001 2818 9
1012 2785 1068 2834 sqq.

136 2831 261 2880 Necessitas
277 2833 292 2894 (
305 2830 420 2896 Avdytn,
432 2832 533 2895 Μὸῖρα)
548 2847 577 2880 eo
595 2833 696 2881 consilio
761 2835 833 2882 1-4.
850 2835 957 2892 Ancilla,
978 2848 1062 2892 serve,
1082 2830 1148 2891 baud
1169 2829 1243 2879 dubie
1262 2828 1289 2877 in

133 2894 160 2943 in
174 2896 239 2944 Orco
249 2911 342 2945 versare
358 2905 431 2959 utque
446 2903 572 2945 concutere
590 2897 695 2960 fingitur,
727 2897 792 2944 bello
811 2907 897 2962 capte,
908 2907 937 2946 ut
954 2896 1072 2962 suspicari
1091 2897 1149 2944 lieet
1163 2911 1194 2944 ex
1213 2911 1237 2942 v.
1250 2895 1291 2942 15.

132 2967 170 3014 ut,
178 2960 346 3025 cujuscunque
354 2959 458 3008 hominis
468 2975 518 3008 sors
527 2959 583 3009 iude
592 2960 694 3017 exsiliat,
728 2961 835 3009 Xanthia
854 2961 957 3010 Phocus:
974 2960 1094 3008 hominem
1109 2961 1222 3008 Graccum
1238 2957 1293 3021 ejus

131 3024 155 3072 ei
171 3025 320 3073 moriendum
337 3023 382 3073 sit:
400 3021 695 3074 ridffronouadilerc.
727 3025 912 3090 nomenprodit.
945 3025 1018 3073 Prius
1027 3027 1167 3079 insolentem,
1176 3029 1233 3070 cett.
1239 3022 1291 3085 jam

135 3087 191 3136 Fur.
205 3089 261 3137 191.
295 3088 336 3138 Sic
353 3089 398 3136 inf.
412 3088 447 3145 iii,
463 3089 487 3146 1,
503 3089 534 3136 ll
549 3105 603 3155 sqq.
618 3090 696 3152 AEquo
726 3089 785 3136 olim
801 3097 825 3137 et
844 3089 977 3152 antiquitus
993 3087 1095 3138 ferocem
1112 3085 1219 3135 Achillis
1239 3085 1291 3133 ani·

134 3153 183 3216 lege
201 3151 328 3202 tt'seestus
346 3153 450 3202 Sortitur
467 3157 567 3217 insignes
587 3163 608 3201 et
625 3157 694 3214 imos‚·
727 3167 795 3201 mum
810 3153 875 3218 cepit
890 3153 1066 3202 etvicitserve
1078 3149 1193 3200 Briseidis
1203 3164 1290 3198 venus·

135 3217 207 3265 Omns
229 3234 302 3280 capos
321 3227 392 3266 mouet
413 3235 475 3266 omo
496 3235 584 3266 nomon
618 3218 696 3266 Serius
728 3223 781 3266 tas:
800 3217 843 3266 alii
859 3219 887 3268 sb
901 3220 969 3280 prius
983 3215 1156 3265 edissoleutem
1171 3213 1292 3262 trahentes

132 3283 204 3336 ocios,
213 3281 324 3331 similiter
332 3283 441 3346 Propert.
452 3282 479 3339 ii,
491 3283 532 3340 ts,
547 3284 587 3340 58,
607 3284 698 3364 inspius
728 3281 860 3346 explicant,
877 3282 993 3331 invictum
1014 3291 1038 3330 et
1051 3279 1194 3329 indomitum
1213 3277 1291 3326 sdlruc

132 3355 177 3394 out
200 3349 305 3407 propius.
338 3347 453 3394 Erituro:
469 3349 530 3394 estre
551 3347 697 3411 (ἐξορουειν,
729 3361 828 3406 amore;
849 3346 891 3395 sed
911 3344 946 3394 sic
968 3345 1051 3394 nullus
1071 3344 1146 3410 hujus
1168 3343 1292 3392 sententie

132 3408 261 3472 ἐκθορεῖν)
279 3409 415 3475 propriede
434 3409 614 3475 curtibusque
632 3409 697 3460 erci-
729 3425 786 3458 cunr
815 3411 945 3460 recedente
958 3420 1089 3460 estnesus.
1124 3406 1291 3456 Horatiusvo-

133 3473 207 3528 dunt,
232 3473 272 3521 vel
292 3473 413 3523 exsiliunt.
446 3475 585 3537 impositura
606 3478 697 3540 cymboe,
730 3473 776 3522 luit
803 3491 881 3524 rcere:
899 3483 1004 3530 nonest,
1017 3473 1081 3539 quod
1096 3472 1192 3522 ancille
1206 3471 1293 3519 amoris

132 3553 170 3586 sc.
183 3537 322 3594 Charontis,
329 3541 354 3586 in
363 3548 471 3587 cterrnrm
480 3541 595 3594 auritium,
605 3547 632 3587 ut
642 3555 697 3588 ave·
729 3547 753 3588 ts
764 3539 853 3604 pudeat
862 3557 869 3598 5
884 3537 950 3586 haud
964 3555 1035 3588 novus
1043 3541 1104 3587 enim
1114 3539 1154 3586 itta
1164 3547 1205 3594 cst,
1216 3535 1290 3584 immo

133 3602 221 3651 hmnur
234 3604 302 3660 illoc,
318 3605 380 3650 unde
389 3604 404 3668 (
405 3603 498 3652 Catull.
508 3603 543 3661 iii,
558 3603 603 3668 12)
614 3613 701 3666 negant
732 3605 886 3666 antiquissimi
905 3603 990 3652 heroes
1011 3602 1062 3668 jaro
1086 3603 1110 3652 ei
1133 3601 1294 3650 indulserunt.

133 3669 211 3714 redire
230 3684 363 3731 quemquam
370 3687 379 3726 ;
396 3669 443 3724 vel,
461 3675 489 3716 ut
508 3669 578 3732 Virg.
592 3671 651 3717 AEn.
665 3666 698 3726 vi,
732 3667 834 3716 insolens
848 3669 909 3717 bene
919 3667 1029 3731 designat
1042 3667 1156 3716 immitem
1166 3680 1211 3713 nec
1222 3663 1294 3714 facilc

135 3733 185 3780 425
194 3731 310 3796 loquitur,
319 3731 344 3778 in
354 3735 431 3793 ripun
441 3735 589 3780 irremeabilis
599 3735 676 3781 sande.
730 3731 915 3797 pervincendurn
928 3731 1033 3781 Achillis
1048 3731 1164 3780 animum.
1197 3729 1292 3785 Briseis,

731 3811 786 3860 que
809 3805 880 3862 capta
903 3796 929 3844 io
948 3796 1035 3862 prede
1057 3796 1179 3844 sortitione
1202 3792 1292 3841 Achilli

305 3859 459 3909 CARMEN
477 3859 527 3910 lv.
729 3860 878 3924 contigerat5
903 3875 941 3909 res
962 3859 1099 3908 notissima:
1122 3857 1172 3906 vid.
1193 3858 1292 3906 Homer.

168 3925 206 3972 Tu
237 3923 447 3988 itudiuem,quam
462 3924 604 3972 ancillarum
618 3939 698 3973 amore
730 3924 802 3973 Iliad.
813 3924 839 3981 ii,
850 3926 908 3974 690.
942 3923 1015 3971 Νίνου
1024 3920 1226 3986 σοὶοτι,ριιΙοίιη,
1244 3920 1292 3966 for-

134 3997 217 4038 contra
234 4004 273 4037 cre
284 3988 330 4036 sibi
343 3987 408 4054 apud
421 3987 545 4037 Romanos
556 3989 700 4052 putabantur
731 4004 798 4036 mosa
808 4004 816 4047 ς
832 3991 911 4042 mouit,
922 3987 957 4034 ita
967 3987 1055 4040 affecit,
1065 3994 1092 4034 ut
1103 3984 1293 4057 amoriuresistere

133 4053 243 4102 homines
260 4050 368 4117 ingenui,
379 4052 471 4102 elevare
489 4052 569 4102 studet
586 4053 700 4100 Horatius
731 4068 778 4100 non
802 4061 891 4116 posset.
923 4053 1019 4099 Terent
1036 4047 1149 4098 Eunucb.
1162 4047 1198 4102 iir,
1216 4050 1240 4102 5,
1254 4048 1294 4100 19,

134 4119 159 4166 iu
175 4119 221 4167 hoc
236 4117 351 4167 canuine.
384 4118 490 4191 'lantum
504 4118 569 4165 enim
584 4117 659 4190 abest,
673 4126 700 4165 ut
730 4118 756 4162 in
769 4118 813 4163 buc
822 4123 942 4162 conmotus
951 4131 1002 4162 som
1013 4129 1065 4179 pm,
1077 4113 1132 4176 ejus
1145 4110 1220 4160 lorrua
1236 4126 1293 4175 cap·

132 4180 700 4314 ppapqenpqqppdlellqntsbpcqtpnl'lipacppppeqppplthrru
731 4186 854 4291 mil-ulli.
874 4241 997 4299 Tecmessae,
1008 4240 1157 4290 Teleutantis
1168 4237 1218 4311 sive
1228 4237 1294 4311 Teu·

163 4323 224 4364 met
240 4312 379 4379 pudendum
397 4311 493 4368 habeat,
507 4317 535 4358 ut
550 4309 630 4375 potius
646 4310 700 4357 lau·
731 4307 842 4362 thrantis,
854 4306 915 4370 regis
930 4305 1038 4370 Phrygii,
1052 4303 1116 4360 filie,
1127 4304 1158 4351 ab
1174 4302 1252 4365 Ajace
1269 4316 1295 4349 rn

132 4331 195 4424 ditis
223 4392 370 4425 summomm
394 4376 506 4430 virorum,
531 4374 572 4439 qui
599 4373 699 4422 ancillas
732 4370 882 4436 expeditione
893 4369 996 4434 quadam
1008 4377 1093 4444 captae.
1118 4368 1198 4415 Arsit:
1214 4369 1296 4414 orders

132 4440 274 4496 amaverint,
287 4440 404 4504 exemplis
415 4439 529 4488 Xanthire
545 4452 649 4487 amorem
661 4437 700 4486 vel
731 4438 812 4500 utiquo
823 4451 874 4501 pro,
884 4433 965 4483 ardere
976 4435 1007 4482 ob
1015 4435 1121 4498 aliquam
1131 4431 1231 4504 sepius:
1250 4431 1294 4479 inl.

132 4501 701 4630 ttittttttttfflttffittmi'‘lllttt
733 4499 905 4628 initui?
920 4501 1025 4612 liii?
1040 4497 1295 4625 illidii&

459 4602 466 4623 s
897 4600 904 4612 ·
1022 4599 1029 4621 s
1208 4592 1215 4606 ·

700 4631 742 4678 ⁰2
