3150 5200
571 362 737 428 LIBER
759 362 787 440 1,
814 363 865 427 14.
1225 363 1290 427 tta

225 513 430 579 Fasciculum
445 522 557 598 portes
571 513 739 591 librorum,
755 525 793 578 ut
807 516 949 579 rusticus
964 538 1101 600 agnum3

227 615 275 680 Ut
289 615 401 679 vinosa
416 614 540 698 glomos
555 615 683 679 furtivae
699 613 839 698 Pyrrhia
854 615 955 694 lanoe3

164 719 203 781 15
228 717 275 782 Ut
290 739 363 782 cum
379 716 498 800 pileolo
515 717 619 782 soleas
634 718 767 782 conviva
782 716 922 782 tribulis.

226 818 281 883 Ne
297 818 394 903 vulgo
409 840 521 882 narres
538 829 569 882 te
586 818 753 881 sudavisse
768 816 904 883 ferendo
953 855 958 862 ·

228 921 391 998 Carnrina,
407 943 481 1004 qua.²
496 920 624 1004 possint
639 919 750 986 oculos
765 941 927 1004 auresque
942 921 1061 986 morari

228 1024 368 1087 Caesaris
378 1047 398 1096 ες
409 1035 521 1087 oratus
535 1019 636 1084 multa
651 1043 760 1105 prece,
777 1022 882 1086 nitere
895 1044 1004 1105 porro.

228 1124 336 1201 Vade,
352 1124 434 1200 vale,
450 1145 528 1188 cave
543 1145 583 1186 ne
599 1123 733 1199 titubes,
749 1123 966 1206 mandataque
981 1121 1123 1207 frangas.

538 1446 779 1512 EPISTOLA
804 1445 899 1510 XIV.

505 1676 562 1722 AD
583 1673 791 1722 VlLLlCUM
814 1672 940 1723 SUUM.

230 1832 377 1896 meca
394 1831 544 1896 silvarum
557 1844 590 1896 et
605 1832 684 1896 mihi
698 1854 749 1897 me
764 1831 933 1896 reddentis
948 1833 1055 1918 agelli,

230 1934 339 2006 Quem
353 1943 387 1998 tu
404 1934 542 2010 fastidis,
557 1933 740 1998 habitatum
755 1934 901 2016 quinque
916 1931 1009 2011 focis,
1025 1946 1059 1998 et

231 2037 386 2119 Quinque
400 2037 505 2100 bonos
521 2035 649 2100 solitum
665 2035 800 2099 Variam
815 2034 978 2100 dimittere
992 2048 1121 2120 petres3

231 2137 412 2214 Certemus,
430 2138 539 2220 spinas
555 2137 704 2200 animone
718 2158 780 2220 ego
794 2134 922 2212 fortius,
938 2159 981 2199 an
996 2148 1033 2200 tu

140 2288 190 2338 sive
201 2289 273 2336 Asino
288 2295 392 2352 captato,
404 2285 530 2334 Horatium
547 2286 700 2343 abstinuisse,
733 2285 777 2334 int'.
788 2287 815 2334 in
827 2288 906 2351 Epist.
916 2287 946 2335 ad
962 2287 1015 2336 Pia.
1033 2289 1090 2343 att,
1103 2288 1194 2336 Fabula
1205 2291 1296 2338 nudius

141 2353 230 2418 plures,
247 2359 314 2417 puto,
335 2365 429 2398 mecum
449 2350 532 2400 velint.
566 2351 598 2400 Et
611 2352 701 2418 subulo
733 2355 829 2408 veneris,
846 2354 896 2399 tine
910 2355 1010 2413 pondus
1025 2363 1048 2401 et
1065 2361 1124 2410 orte,
1145 2354 1242 2402 Voldius
1257 2357 1295 2402 ot-

134 2419 193 2480 fias,
205 2424 229 2465 et
239 2431 281 2482 per
292 2430 333 2463 ora
349 2414 471 2462 hominum
488 2414 634 2463 traducaris:
652 2415 701 2466 vid.
735 2415 803 2463 lectut
813 2417 922 2476 populum
932 2419 1054 2479 meliusque
1065 2427 1178 2464 moretur.

142 2497 170 2529 su
188 2479 326 2545 .adEpod.
336 2481 362 2535 9,
373 2481 398 2527 8.
769 2479 809 2527 19.
823 2480 990 2542 Munitumque,
1007 2496 1042 2528 so.
1056 2480 1170 2538 earmina,
1180 2481 1295 2546 frangas,

170 2499 216 2594 do.
233 2545 326 2600 Lamus,
341 2543 406 2592 locos
423 2543 549 2611 palustres,
566 2543 703 2609 paludosos,
734 2558 879 2608 corrumpas,
903 2543 1041 2609 disperdam
1069 2545 1246 2594 accommodate
1265 2544 1297 2594 ad

144 2610 248 2659 lutosos:
734 2610 827 2664 titubes,
839 2608 897 2671 quia
909 2624 958 2660 nou
967 2625 1028 2667 raro,
1041 2610 1084 2674 qui
1100 2610 1213 2669 titubant,
1224 2611 1297 2677 pedes

177 2677 215 2723 ll.
242 2674 319 2721 Victor
336 2674 455 2745 propositi,
476 2672 619 2737 propositam
639 2671 702 2722 viam
735 2671 842 2737 frangere
852 2673 938 2721 solent.

141 2754 260 2789 emensus.
293 2739 364 2794 Illuc,
376 2752 401 2783 m
412 2736 476 2848 epp}
487 2736 622 2850 Augumlb

177 2804 215 2851 12.
232 2804 270 2851 Sic
287 2804 420 2863 positumse
476 2802 575 2856 bouus,
598 2800 702 2851 iromm

141 2866 284 2917 fasciculum
298 2864 402 2913 tenebis:
420 2866 461 2920 sic,
474 2865 538 2913 bunc
551 2866 578 2913 in
594 2864 701 2922 modum,
739 2912 742 2919 ,
884 2834 1054 2882 EPISTOLA
1072 2836 1146 2884 XIV·

142 2931 168 2980 b.
183 2947 205 2980 e.
221 2940 275 2994 apte
291 2938 315 2979 et
334 2928 444 2977 decenter
460 2928 579 2993 positum
596 2928 639 2977 sed
654 2929 701 2977 lor·
767 2930 835 2977 Dum
852 2928 915 2978 ridet
930 2929 1053 2994 carpitque
1068 2932 1182 2981 Horatius
1192 2932 1297 2981 mutabi-

142 3003 205 3043 tusse
226 3010 321 3059 quoque
342 2992 464 3047 Horatius,
482 2992 540 3040 dum
563 2994 642 3043 aiebat
660 2997 701 3051 sic,
735 2993 782 3041 lem
800 2992 905 3041 animum
922 2993 996 3042 villici
1013 2995 1061 3050 sui,
1077 2996 1117 3043 cui
1134 2996 1184 3044 vita
1199 2996 1296 3054 mstioa,

141 3060 192 3123 ipse
208 3058 280 3106 simul
296 3057 442 3105 monstrabat
456 3064 480 3103 et
495 3058 594 3121 praeibat
606 3062 702 3122 σχῆμα,
752 3072 807 3105 uam
824 3058 894 3105 modo
904 3058 959 3106 vitta
975 3059 1073 3107 urbane
1091 3060 1236 3123 praetulerat,
1247 3077 1297 3109 sor·

142 3138 192 3187 quo
202 3122 317 3172 tradenda
327 3129 407 3170 essem
418 3120 531 3169 carmina.
735 3073 792 3169 dere
807 3122 890 3186 coepit,
902 3137 986 3171 versus
1001 3123 1116 3186 quosdam
1133 3124 1170 3187 (v.
1184 3126 1297 3188 37-39)

177 3189 217 3235 14.
237 3188 319 3234 Vincta
339 3185 455 3249 (bibax);
484 3185 602 3248 Pyrrhia:
622 3184 704 3233 Schol.
736 3182 765 3233 de
783 3183 839 3233 vitae
854 3185 948 3235 rustica
961 3186 1113 3250 jucunditate
1128 3197 1152 3237 et
1167 3189 1298 3238 commodis

143 3250 231 3315 Cruq„
243 3268 321 3299 nomeu
332 3260 364 3297 est
375 3250 466 3297 ancilla
476 3251 500 3295 iu
512 3250 705 3315 quudomsubulu
737 3248 819 3297 inserit
830 3249 991 3299 dulcissimos.

145 3314 255 3371 Titinnii,
274 3331 330 3376 quc,
341 3314 432 3379 suratu
449 3314 506 3361 tuuc
521 3314 614 3375 glomos,
631 3316 665 3363 itu
683 3330 704 3362 se
771 3315 844 3361 1-3.
865 3314 955 3370 Villius,
979 3330 1055 3363 rerum
1072 3314 1097 3363 in
1116 3314 1175 3364 villa
1193 3316 1295 3365 admini-

141 3380 250 3441 gestuoit,
266 3388 293 3425 ut
303 3379 441 3439 deprehensa
453 3380 492 3425 sit.
527 3376 631 3425 Glomos:
651 3380 703 3441 glo·
736 3376 888 3426 strandamm
894 3387 1001 3437 ematur,
1014 3395 1065 3435 nos,
1074 3380 1156 3436 Maior,
1165 3381 1298 3435 Verwolter.

142 3445 294 3498 mus,eris,et
302 3444 400 3505 glomus,
412 3444 429 3498 i,
439 3440 456 3489 i.
468 3440 593 3489 alaneio
606 3441 704 3489 lormatu
738 3442 801 3489 Mitt
813 3460 847 3490 me
856 3444 981 3500 reddentis,
994 3442 1036 3491 ubi
1048 3443 1106 3492 liber
1116 3454 1141 3493 et
1151 3445 1243 3494 solutus
1259 3446 1297 3494 in-

144 3504 210 3569 globi
221 3506 356 3554 convoluta.
737 3504 794 3553 visis
817 3505 919 3569 negotiis
937 3506 968 3555 ad
986 3523 1024 3555 me
1042 3508 1117 3556 redire
1136 3516 1161 3557 et
1178 3509 1237 3557 mihi
1253 3511 1299 3561 soli

178 3572 215 3619 15.
236 3571 268 3618 Ut
283 3586 335 3619 cuns
351 3570 442 3631 pileolo,
461 3577 517 3617 cett.
528 3569 598 3619 sicuti
612 3569 705 3618 tribulis
737 3570 815 3618 virere
831 3570 904 3618 solco.
939 3572 1045 3633 Quinque
1049 3572 1126 3637 sucis:
1142 3589 1183 3637 par
1200 3576 1299 3637 quinque

142 3649 173 3682 er
191 3634 260 3699 plebe
277 3634 315 3682 vel
333 3650 387 3682 rure
402 3648 417 3681 a
432 3633 551 3698 superiore
567 3633 605 3682 vel
622 3634 706 3683 ditiore
730 3635 797 3699 sucu
817 3633 926 3706 intelligo
966 3634 1056 3709 uirque
1077 3636 1160 3685 domos
1180 3638 1218 3686 vel
1240 3640 1298 3687 adi-

142 3696 252 3761 ejusdem
268 3698 344 3746 tribus
359 3698 390 3746 ad
406 3712 501 3746 coenam
518 3706 614 3746 vocatus
628 3698 706 3747 soleas
738 3697 952 3770 culas‚inqu1bus
979 3700 1299 3765 abitaverantadhucquia·

142 3777 198 3810 cum
210 3762 297 3827 pileolo
308 3762 353 3810 sub
363 3762 403 3809 ala
411 3770 505 3835 portare
516 3763 591 3813 solet:
609 3761 640 3809 de
649 3764 705 3810 sole·
738 3777 785 3826 que
807 3761 912 3817 familia,
933 3777 1035 3826 quarum
1061 3766 1113 3812 toni
1133 3779 1211 3827 putres
1231 3775 1299 3830 (uos,

142 3844 211 3874 arum
222 3842 267 3875 usu
282 3826 308 3874 in
325 3826 440 3874 convivus
450 3824 497 3873 vid.
509 3841 562 3890 sup.
574 3825 605 3873 ad
616 3828 666 3873 Sat.
677 3825 703 3881 ii,
736 3826 835 3873 uuekus
856 3826 1001 3887 Hausvu'ter)
1019 3829 1167 3890 negotiorum
1183 3844 1257 3878 causa
1273 3847 1299 3880 se

142 3892 167 3945 a,
180 3890 220 3938 77.
255 3889 369 3938 Rusticos
384 3898 463 3939 autem
479 3904 564 3945 mores,
577 3898 643 3938 uter
658 3890 702 3938 hoc
736 3887 908 3938 indeconierre
923 3889 987 3938 soliti
1005 3890 1099 3939 luerent
1113 3892 1216 3947 Varium,
1231 3895 1298 3957 oppi-

141 3954 195 4003 loco
216 3954 339 4010 discimus,
362 3954 500 4002 ostendebat
525 3956 626 4011 tribulis,
652 3953 703 4017 qui,
735 3953 819 4002 dolum
835 3951 866 4001 ad
882 3954 1019 4001 Anienisti
1092 3955 1207 4004 dextram.
1242 3958 1300 4006 Non

142 4032 198 4066 curn
220 4028 342 4068 coenatum
365 4017 417 4073 iret,
440 4018 517 4066 soleas
539 4032 595 4065 cum
617 4016 704 4081 pileolo
737 4018 788 4081 sine
808 4032 883 4065 causa
902 4027 982 4066 autem
1030 4018 1121 4068 oratius
1134 4019 1185 4083 jam
1204 4019 1235 4068 ab
1254 4020 1299 4071 bac

141 4082 247 4131 subala
267 4082 384 4145 gestabat.
418 4082 513 4137 Pileolo,
535 4098 583 4145 quo
600 4090 706 4130 extrema
737 4092 804 4149 parte
821 4082 972 4129 commendat
984 4082 1066 4129 villam
1082 4098 1167 4141 suam,
1185 4099 1299 4148 namquo

142 4147 329 4211 tantumcapitis
338 4160 392 4211 pars
401 4146 562 4209 obtegebatur.
587 4144 706 4195 Videntur
738 4145 838 4210 amplior
852 4144 895 4193 illa
911 4145 957 4194 suit
971 4154 994 4195 et
1010 4145 1161 4220 frequentior,
1173 4164 1201 4197 eo
1209 4148 1299 4212 jucun·

142 4220 222 4259 autem
242 4212 321 4274 pileoli
349 4210 380 4258 ad
407 4219 530 4259 externum
552 4210 705 4259 convivarum
738 4208 926 4259 diusibivivere
968 4218 1027 4259 terat
1037 4210 1142 4259 villicus.

142 4275 235 4323 cultum
245 4274 395 4339 pertinuisse.
771 4276 796 4323 t.
813 4274 903 4334 Spinus.
950 4278 1018 4337 pinos
1036 4276 1129 4323 evellere
1144 4293 1210 4339 agro,
1226 4292 1299 4327 sensu

177 4340 216 4395 16,
239 4339 278 4386 17.
295 4339 414 4388 Matuta
424 4338 536 4403 suendo,
554 4338 624 4401 quasi
644 4337 705 4387 nihil
739 4337 841 4404 proprio,
853 4340 948 4387 euellere
961 4341 1045 4395 naimo,
1057 4355 1129 4387 sensu
1140 4341 1300 4405 metaphorico

141 4402 237 4451 sudoris
248 4402 379 4466 exprimere
389 4402 463 4467 possit
474 4418 535 4450 onus
545 4410 592 4451 tam
604 4411 706 4467 gratum,
740 4402 770 4452 de
787 4402 859 4458 curis,
889 4418 927 4451 ua
945 4403 1051 4451 animum
1068 4413 1180 4468 pungunt
1195 4412 1220 4452 et
1235 4405 1299 4455 lace·

142 4466 249 4515 carmina
260 4465 422 4530 scilicetquae
477 4466 636 4516 sintCsesaris
646 4482 703 4515 ocu·
738 4476 801 4523 rant,
813 4466 852 4514 vel
869 4418 900 4515 de
915 4466 988 4525 vitiis,
1001 4484 1055 4531 que
1073 4467 1178 4515 animum
1195 4484 1300 4517 corrum-

142 4531 179 4579 los
190 4540 215 4580 et
229 4546 299 4581 aures
310 4534 421 4579 mursia
438 4538 527 4579 νοτίοιο
537 4540 561 4580 et
571 4530 703 4581 oblectare:
739 4540 814 4597 punt:
833 4530 876 4579 inl.
894 4531 972 4595 Epist.
992 4531 1018 4591 ii,
1030 4534 1055 4589 2,
1071 4532 1129 4588 212,
1141 4534 1205 4586 Quid
1223 4543 1245 4583 te
1262 4551 1300 4583 er·
