3150 5200
288 341 320 407 vi
726 335 998 403 PRAEFATIO,

289 526 391 592 editio
418 525 598 601 lodicibus,
621 523 798 607 inquibus
822 545 874 587 res
900 523 1076 599 historicae,
1099 520 1337 606 mythologicoe,
1364 543 1441 606 geo·

290 645 456 730 graphicae
475 652 626 709 accurate
647 651 681 706 et
699 641 874 725 diligenter
888 650 1091 716 enarrantur,
1106 639 1356 722 copiosissimis3
1382 641 1440 704 sed

289 763 387 846 pauci
408 761 546 825 lectores
569 761 603 822 in
624 779 736 822 eorum
755 758 903 822 subsidio
918 757 1137 840 acquiescent,
1151 778 1213 822 nec
1228 766 1294 821 tam
1307 779 1350 822 ex
1365 759 1443 822 sub·

286 880 377 964 jecta
403 879 550 944 lectionis
579 877 746 952 varietate,
773 897 872 959 quam
893 897 936 939 ex
957 874 1143 959 praepositis
1166 875 1285 960 cuique
1309 877 1443 941 carmini

289 977 512 1083 Argumentis,
528 995 663 1060 multum
678 993 862 1079 proficient.
907 994 947 1058 In
961 992 1140 1078 probandis
1157 994 1243 1056 enim
1257 993 1309 1058 vel
1322 995 1443 1078 impro-

291 1115 409 1182 bandis
427 1114 622 1180 leotionibus
637 1112 820 1177 Wetaelius
840 1112 883 1176 ad
899 1111 976 1175 dani
986 1111 1148 1196 judicium
1166 1121 1200 1174 et
1218 1112 1449 1177 auctoritatem·

238 1304 242 1312 ,
292 1233 338 1296 ita
351 1254 387 1296 se
402 1231 638 1317 attemperavit,
654 1240 691 1294 ut
706 1229 788 1294 nihil
802 1229 872 1295 lere
885 1253 929 1294 ex
944 1251 979 1292 se
995 1230 1069 1313 ipso
1086 1227 1262 1312 proferret,
1277 1238 1311 1292 et
1326 1229 1444 1297 duces

293 1371 389 1414 suum
409 1337 513 1432 atque
542 1351 732 1433 magistrum
757 1350 792 1412 in
817 1347 1010 1414 deridendo.
1028 1356 1154 1411 tantum
1183 1356 1217 1411 et
1232 1347 1443 1431 ¹petulantius

293 1468 465 1532 tractando
487 1467 617 1552 ¹Magno
647 1465 798 1531 Bentleio
829 1474 1008 1549 superaret.
1063 1463 1138 1528 Nec
1166 1462 1371 1547 Argumenta
1398 1465 1445 1528 ita

293 1595 479 1670 comparata
493 1594 580 1660 sunt,
596 1592 634 1648 ut
645 1583 784 1648 lectores
800 1583 877 1648 inde
893 1583 935 1647 de
949 1584 1108 1667 cujusque
1124 1585 1275 1647 carminis
1289 1583 1397 1667 pretio
1410 1593 1445 1648 et

293 1702 468 1768 virtutibus
483 1712 572 1766 recte
584 1701 733 1785 judicare
749 1701 887 1764 discant.

337 1821 423 1894 Quae
446 1819 488 1884 de
514 1819 646 1884 Horatii
672 1818 775 1882 MSS.
797 1829 831 1882 et
855 1817 962 1882 Editt.
986 1828 1063 1882 cett.
1084 1841 1128 1882 ex
1151 1819 1222 1884 aliia
1244 1819 1444 1885 editionibus

283 1939 449 2022 ‚cognosci
463 1947 612 2022 possunt,
626 1948 661 2001 et
674 1958 748 2000 raro
764 1935 829 2020 lagi
845 1935 961 2012 solent,
976 1937 1017 2000 ris
1031 1935 1116 2000 hanc
1129 1936 1306 2001 editionem
1325 1959 1446 2022 augere

292 2067 329 2120 at
350 2077 486 2120 onerare
510 2055 608 2119 nolui.
655 2053 771 2136 Itaque
792 2051 838 2116 nil
853 2053 916 2116 nisi
930 2052 1043 2118 Vitam
1057 2052 1189 2118 Horatii
1202 2065 1237 2118 et
1251 2053 1446 2119 Doctrinam

296 2173 339 2238 de
358 2173 469 2237 metris
492 2171 683 2236 Horatianis
701 2171 963 2254 praemittendam
981 2173 1102 2235 curavi.
1150 2171 1235 2236 Rem
1258 2172 1381 2237 scilicet
1403 2172 1446 2236 de

295 2291 406 2354 metris
426 2289 616 2353 Horatianis
639 2311 724 2352 noro
747 2289 857 2353 studio
877 2299 1032 2372 tantaque
1052 2289 1230 2373 diligentia,
1246 2289 1400 2368 sollertia,
1411 2302 1447 2356 et

295 2407 413 2491 peritia
427 2407 572 2470 excussit
585 2415 619 2469 et
634 2405 676 2468 ad
691 2407 852 2489 ejusmodi
866 2405 1002 2469 formam
1015 2406 1143 2491 redegit
1152 2406 1215 2472 Vir
1226 2407 1446 2474 Doctissimus

295 2535 330 2590 et
342 2524 450 2588 multis
464 2523 647 2588 nominibus
661 2522 741 2586 mihi
757 2523 952 2587 carissimus
967 2522 1131 2609 Sparrius,
1141 2533 1179 2588 ut
1189 2529 1445 2607 communicatis,

295 2664 370 2727 quae
396 2642 625 2707 humanissime
648 2641 700 2706 ille
718 2662 845 2707 mecum
864 2641 906 2706 de
928 2642 1040 2705 metris
1060 2642 1250 2707 Horatianis
1272 2647 1448 2711 commuui-

294 2762 391 2837 oavit,
407 2782 480 2825 eum
495 2759 627 2823 Horatii
640 2759 829 2836 lectoribus,
845 2758 934 2823 haud
954 2760 1106 2843 exiguam
1120 2761 1210 2844 apud
1224 2761 1379 2844 plurimos
1394 2786 1446 2827 me

296 2879 434 2961 gratiam
446 2878 601 2942 initurum
614 2898 688 2941 esse
703 2898 777 2942 cum
788 2876 910 2941 fiducia
924 2878 1065 2960 quadam
1078 2898 1211 2961 sperare
1225 2900 1366 2962 possem.

340 2993 459 3059 Restat
487 3005 524 3059 ut
553 2994 752 3059 Doctissimo
778 2993 1031 3077 Clarissimoque
1060 2992 1281 3077 Philosophiae
1307 2996 1446 3064 Doctori

297 3110 415 3177 Carolo
430 3109 824 3188 Christiano‘Wendlero,
840 3113 933 3196 cujus
957 3111 1199 3178 accuratissima
1218 3124 1363 3180 veterum
1385 3117 1447 3182 lin-

296 3250 435 3312 guarum
456 3229 641 3313 cognitione
659 3248 753 3311 aeque
771 3251 809 3293 ac
830 3252 953 3295 summa
967 3229 1179 3316 perspicacia,
1194 3252 1236 3295 ue
1251 3233 1337 3297 vitiis
1352 3244 1446 3319 typo·

297 3345 462 3431 graphicis
485 3347 708 3430 inquinaretur
730 3346 801 3411 haec
825 3359 937 3413 nostra
961 3349 1074 3426 editio,
1101 3349 1233 3432 egregie
1259 3360 1392 3416 cautum
1411 3361 1467 3417 et'

295 3474 504 3549 prospectum
518 3476 580 3542 est,
592 3464 723 3549 publice
738 3466 914 3549 gratissimi
929 3468 1026 3531 animi
1041 3487 1173 3531 sensum
1188 3469 1342 3551 aperiam.
1367 3470 1445 3543 Quo

297 3581 403 3645 minua
422 3592 530 3647 autem
545 3582 607 3647 Vir
621 3582 674 3647 ille
689 3580 896 3649 Venerabilis
916 3585 1056 3668 publicae
1078 3583 1185 3650 laudis
1208 3594 1242 3649 et
1261 3585 1374 3669 gloriae
1394 3600 1446 3653 est

298 3708 467 3783 appetens,
480 3701 514 3764 in
528 3722 569 3765 eo
582 3702 704 3783 majore
719 3702 809 3785 apud
823 3724 945 3781 omues,
958 3704 1016 3788 qui
1029 3724 1104 3770 eum
1117 3713 1249 3779 norunt,
1261 3716 1313 3767 est
1326 3707 1444 3788 pretio.

341 3932 472 4000 Dabam
487 3936 621 4013 Gothae,
638 3958 666 4000 a.
683 3938 717 4001 d.
733 3938 765 4003 vi
780 3938 831 4004 ld.
849 3938 931 4005 Mai.

554 4072 716 4120 nocccur.

1118 4296 1357 4361 DOERING.
