3150 5200
578 346 748 419 ‘LIBER
772 354 818 431 11,
845 354 895 419 10.
1274 352 1319 415 95

418 504 575 587 Intraque
589 506 818 589 praescriptum
834 504 982 569 Gelonos

461 604 604 691 Exiguis
618 608 766 691 equitare
781 608 913 692 campis.
998 644 1003 651 ·

525 870 529 877 ’
599 911 806 977 cannen
830 914 875 978 x.

563 1142 627 1191 AD
655 1140 916 1193 LICINIUM.

379 1320 532 1385 Racrrus
547 1322 647 1397 vives,
664 1318 782 1396 Licini,
798 1342 904 1404 neque
919 1320 1019 1385 altum

377 1422 513 1507 Semper
527 1422 687 1507 urgendo,
704 1444 822 1505 neque,
839 1424 916 1486 dum
931 1422 1089 1507 procellas

383 1523 508 1589 Cautus
523 1524 697 1601 horrescis,
714 1524 846 1588 nimium
860 1525 1038 1608 premendo

681 1623 776 1688 Litus
792 1626 949 1710 iniquum.

330 1726 351 1789 5
383 1725 528 1794 Auream
543 1728 690 1812 quisquis
705 1728 961 1793 mediocritatem

380 1828 509 1915 Diligit,
526 1841 617 1895 tutus
633 1840 722 1895 caret
736 1829 875 1894 obsoleti

152 2034 197 2083 vel
208 2048 222 2082 a
233 2032 298 2081 saxis
308 2040 333 2082 et
342 2032 451 2097 rupibus,
462 2034 549 2098 quibus
565 2033 660 2081 cinctus
673 2040 718 2091 est,
750 2032 815 2082 viam
833 2032 947 2089 mediam,
965 2047 1068 2097 eamque
1084 2031 1116 2080 ad
1134 2031 1245 2081 felicioris
1261 2032 1318 2082 vite

153 2098 200 2147 vel
219 2113 233 2146 a
251 2096 311 2145 duro
330 2096 465 2145 accolarum
481 2098 587 2161 ingenio,
605 2097 647 2163 (ut
665 2112 693 2145 su
713 2130 719 2144 .
751 2096 856 2145 tructam
872 2096 1025 2153 tutissimam,
1043 2096 1206 2161 inpeditum
1231 2096 1317 2145 deinde

153 2161 184 2219 ii,
209 2162 233 2218 6,
258 2163 274 2210 ³
297 2164 397 2209 tartare
419 2162 506 2225 Syrtes,
526 2162 570 2210 ini.
589 2161 623 2220 iv,
643 2164 668 2218 5,
704 2162 720 2211 6
751 2176 808 2209 eum
816 2161 935 2225 ejusmodi
943 2161 1032 2219 animo,
1041 2162 1085 2224 qui
1096 2162 1122 2209 in
1133 2160 1204 2209 rebus
1213 2160 1318 2211 adversis

155 2226 288 2273 Germania
305 2226 415 2287 horrida)
431 2228 524 2289 rigidus
543 2226 639 2275 dicitur.
673 2226 721 2274 Sed
752 2225 875 2274 meliorem
896 2232 982 2275 sortem
999 2232 1085 2290 speret,
1097 2222 1123 2272 in
1140 2223 1253 2273 secundis
1270 2224 1317 2273 ini·

155 2290 202 2339 cl.
211 2288 416 2339 Mitscherlichius
424 2290 592 2355 procliviorest
600 2290 720 2353 Niphaten
752 2289 861 2353 quiorem
877 2290 969 2347 timeat,
979 2289 1088 2353 adeoque
1102 2288 1226 2337 adversam
1243 2288 1317 2338 fortn-

155 2354 278 2465 explicare
300 2354 330 2403 de
352 2354 433 2411 fluvio,
455 2354 526 2420 cujus
546 2370 642 2411 nornen,
663 2353 722 2403 licet
752 2353 911 2403 namiortiter
926 2354 996 2412 ierat,
1008 2355 1034 2402 in
1050 2352 1157 2403 secunda
1175 2361 1256 2403 autem
1272 2354 1317 2402 mi·

156 2435 193 2467 nu
206 2418 223 2467 ti
236 2424 343 2467 veterum
362 2418 559 2484 Gsographorurn
576 2433 720 2468 commemo·
753 2418 818 2467 nime
833 2434 858 2468 se
868 2418 959 2475 efferat,
971 2418 1090 2485 sapienter
1100 2433 1127 2468 se
1137 2417 1231 2466 munire
1239 2417 1318 2482 jubet.

147 2492 248 2541 ntum,
269 2482 349 2545 Tigris
371 2484 470 2531 tortasse
495 2484 521 2531 in
547 2500 576 2535 ea
599 2482 720 2532 Armeniae
754 2482 802 2531 Sed
818 2482 937 2539 Licinius,
953 2483 990 2533 uti
1007 2498 1036 2531 ex
1056 2482 1138 2531 Dione
1155 2481 1198 2539 liv,
1214 2482 1239 2539 ³,
1258 2482 1317 2531 Vel·

157 2554 238 2613 parte,
248 2547 290 2596 ubi
301 2562 370 2595 mons
379 2546 498 2614 Niphates
507 2548 567 2598 situs
579 2547 632 2605 init,
643 2562 721 2613 gesse-
753 2546 795 2596 lei.
816 2547 842 2605 ii,
866 2550 897 2598 91
920 2548 1043 2605 discimus,
1063 2546 1193 2595 amicorum
1212 2546 1319 2596 consiliis

158 2612 209 2673 rit;
232 2627 286 2677 quse
304 2612 403 2677 quidem
425 2612 507 2679 opinio
525 2614 640 2662 seriorum
659 2621 723 2661 certe
753 2611 820 2661 haud
837 2627 863 2663 se
883 2614 934 2679 regi
950 2629 1044 2679 passus,
1063 2612 1172 2669 detectis,
1190 2627 1245 2677 qua
1262 2628 1318 2660 cum

218 2692 292 2734 arum,
305 2676 348 2742 qui
367 2676 477 2740 Niphatis
494 2676 560 2724 fluvii
577 2677 723 2726 mentionem
755 2677 851 2725 Fannio
862 2677 977 2743 Cepione
989 2677 1019 2726 ad
1031 2678 1171 2742 Augustum
1182 2677 1319 2750 opprimen-

169 2739 261 2798 aciunt,
279 2740 415 2790 testimonio
434 2740 532 2790 nititur:
553 2741 603 2790 vid.
622 2740 723 2789 Mitsch.
755 2740 814 2790 dum
841 2741 935 2799 inierat,
963 2742 1080 2799 consiliis,
1102 2740 1242 2790 temeritatis
1268 2756 1320 2790 snas

159 2805 257 2854 Medum
263 2807 365 2870 flumen,
385 2805 525 2871 Euphraten
537 2815 612 2871 puta;
629 2808 725 2854 minores
756 2820 843 2872 poenas
853 2806 951 2855 tandem
961 2806 1028 2856 dedit
1079 2805 1197 2854 sissimus.
1257 2853 1260 2856 ,

157 2871 247 2918 onium
259 2872 362 2927 vortices,
372 2869 460 2926 minus,
473 2877 501 2918 ut
512 2869 637 2928 domitum,
646 2885 671 2919 se
683 2883 725 2918 ex·
794 2871 864 2918 t-t.
878 2871 981 2927 Rectius,
990 2885 1034 2936 pru
1051 2869 1140 2927 entius,
1149 2869 1179 2917 ad
1225 2885 1257 2918 ue
1265 2868 1319 2918 tett-

157 2933 251 2992 tollere,
270 2934 350 2983 lenius
367 2941 393 2983 et
409 2934 554 2983 moderatius
571 2935 659 2984 fluere:
676 2933 724 2982 huc
759 2933 827 2996 cius3
851 2952 923 2998 nepas
942 2936 1017 2982 citam
1033 2950 1118 2996 semper
1133 2950 1201 2997 urges
1239 2942 1319 2989 ,cett

158 2999 271 3065 pertinet,
285 3015 358 3063 quern
372 2997 480 3056 laudant,
496 2997 565 3048 locus
577 2998 648 3064 Virg.
660 2999 722 3048 AEn.
755 2997 814 3046 dum
833 3014 912 3063 neque
931 2999 958 3046 in
978 2999 1054 3046 altum
1071 3013 1164 3063 semper
1183 2997 1253 3044 navis
1272 3006 1320 3046 tua

158 3063 212 3120 viii,
228 3063 286 3120 726,
300 3063 430 3126 Euphrates
446 3065 494 3111 ibat
502 3066 556 3127 jam
572 3065 660 3112 mollior
677 3079 722 3109 an·
756 3077 853 3111 cursum
873 3062 966 3125 dirigis,
988 3077 1004 3110 n
1037 3076 1067 3110 ue
1089 3060 1223 3109 securitatis
1246 3076 1321 3110 causa

158 3129 205 3176 dia.
238 3127 324 3176 Parthi
341 3142 435 3192 nempe,
449 3125 524 3192 hujus
539 3127 607 3176 fluvii
622 3125 721 3183 accole,
754 3125 891 3193 littori,ipsi
899 3141 947 3175 non
955 3127 1013 3175 satis
1037 3124 1187 3182 dominium
1197 3123 1305 3173 adhaeres
1312 3145 1319 3186 ;

158 3191 305 3242 desinebant
320 3192 365 3241 hoc
381 3207 445 3240 anno
458 3191 553 3241 altiores
565 3191 662 3257 spiritus
675 3199 723 3238 tra·
754 3189 780 3238 h.
792 3206 815 3239 e.
830 3191 909 3240 demta
924 3191 958 3240 rei
972 3190 1094 3254 imagine:
1112 3189 1133 3236 si
1149 3205 1228 3254 neque
1246 3189 1321 3238 nimio

159 3256 226 3306 here.
261 3256 585 3319 latropraescriptum,intrs
598 3254 722 3321 praescrip·
755 3254 830 3303 animi
847 3255 936 3305 feruore
954 3255 986 3303 ad
1003 3254 1088 3303 altiora
1102 3255 1224 3319 abreptus,
1241 3269 1321 3318 neque

158 3329 199 3370 tos
220 3319 342 3371 terminos.
374 3320 498 3385 Equitare,
516 3335 558 3384 pro
579 3321 680 3384 vulgari,
697 3333 724 3368 sa
756 3319 832 3367 nimio
845 3318 1257 3384 timoreadhumilioradepressus,
1270 3334 1320 3368 me·

159 3393 254 3441 tenere,
267 3384 348 3441 moris,
359 3400 406 3448 quo
417 3383 505 3433 Geloni
521 3384 591 3450 equis
604 3384 666 3432 vecti
677 3383 723 3432 cir·
754 3383 819 3432 diam
829 3384 890 3433 inter
897 3384 1096 3449 ntmmqueviam
1106 3383 1228 3448 ingressus
1239 3382 1321 3433 tueris.

160 3445 305 3512 cumvagari
321 3456 345 3496 et
354 3447 500 3499 incursiones
516 3448 593 3498 iacere
605 3448 723 3504 solebant,
756 3447 856 3510 Semper,
863 3448 923 3498 refer
931 3445 961 3498 ad
968 3448 1106 3506 ferventius,
1115 3463 1163 3514 quo
1169 3447 1223 3513 quis
1230 3462 1323 3513 semper

160 3521 275 3580 respectu
287 3510 377 3561 habito.
757 3513 870 3575 agitatur,
882 3512 998 3562 studium.

791 3579 865 3626 5-8.
890 3580 991 3626 Auream
1013 3580 1114 3641 quisquis
1134 3579 1321 3626 mediocritatem.

344 3641 495 3692 CARMEN
514 3642 546 3690 X.
759 3641 791 3689 In
802 3640 865 3690 hanc
881 3642 1024 3692 sententiam
1035 3641 1075 3691 Cl.
1087 3641 1189 3690 Itiitsch.
1200 3652 1322 3708 comparat

203 3704 267 3755 Cum
295 3705 411 3754 Horatius
441 3705 562 3755 Licinium
594 3707 727 3756 Varronem
761 3705 825 3754 Loll.
836 3707 907 3755 Bass.
915 3707 961 3772 Ep.
971 3707 1004 3763 vi,
1012 3707 1037 3762 8,
1049 3705 1075 3754 in
1087 3705 1189 3755 Anthoi.
1199 3706 1280 3756 Grac.
1290 3707 1321 3755 T.

162 3770 309 3826 Murenam,
330 3769 451 3819 Proculeii
470 3770 515 3832 (de
533 3786 582 3835 quo
598 3769 648 3818 vid.
671 3785 725 3844 sup.
759 3769 785 3827 ii,
793 3787 818 3835 p.
829 3772 886 3819 148:
900 3771 933 3820 At
942 3772 1189 3835 μεσότητεςόρισται,
1198 3770 1250 3831 ὅπη
1258 3769 1282 3820 δέ
1294 3789 1321 3835 γε

162 3831 236 3888 adii,
254 3835 279 3890 2,
295 3833 324 3898 5)
340 3849 369 3882 ac
387 3834 506 3884 Terentia
525 3835 629 3890 tratrem,
649 3833 725 3883 honn-
760 3853 780 3883 π
826 3854 858 3893 uc
876 3834 986 3900 ἀνδρῶν·
1020 3835 1070 3885 Καὶ
1084 3834 1155 3902 μάλα
1169 3833 1260 3900 μέτρον
1275 3834 1322 3914 ἐγὼ

162 3913 219 3946 nem
237 3897 338 3956 varium,
355 3898 516 3958 ambitiosum,
535 3899 682 3956 seditiosum,
693 3909 726 3956 et,
759 3918 774 3950 r
821 3899 1036 3963 ιονήσπασάμην.
1068 3897 1140 3948 Τοῦτ’
1157 3897 1256 3963 ἀγάπα,
1267 3901 1322 3962 ptis

162 3961 283 4038 quidquid
310 3962 421 4037 suaderet
448 3963 630 4039 uehementioris¹
652 3963 727 4012 animi
760 3970 856 4028 Λαμπι.
866 3962 970 4022 suda&
982 3965 1080 4028 ἔχθαιρε
1091 3961 1204 4038 θυέλλας.
1238 3962 1321 4038 Tutus,

161 4027 376 4148 itatttii
390 4027 728 4142 titttttttttmtt?
761 4027 1323 4157 {tttttttttritititii't'tttt

161 4163 211 4206 tem
223 4156 295 4220 (nam
304 4155 376 4204 bonis
388 4155 439 4205 suis
456 4156 626 4222 proscriptione
640 4165 728 4205 exutus
761 4155 857 4205 sordida
866 4164 891 4204 et
901 4155 1015 4218 longioris
1031 4152 1248 4227 temporis-iujuria
1260 4154 1323 4203 maie

160 4220 254 4282 iuerat)
266 4219 312 4269 sibi
324 4229 426 4285 pararet,
438 4221 483 4270 scd
497 4221 569 4271 etiam
584 4221 613 4269 ad
626 4220 727 4270 honores
760 4220 862 4281 affecta5
888 4222 984 4275 wirina,
1003 4217 1097 4292 sipon,
1114 4226 1248 4274 continens,
1265 4234 1322 4284 pru·

161 4285 291 4333 alnssimos
314 4283 487 4344 adscenderet;
514 4285 639 4350 praeceptis
661 4286 727 4334 salu-
760 4283 827 4333 dens.
857 4285 994 4341 invidenda,
1006 4284 1049 4331 ubt
1059 4281 1158 4339 invidia,
1170 4282 1210 4330 cui
1221 4283 1323 4348 expositi

161 4349 272 4398 berrimis
294 4347 318 4398 ei
344 4347 369 4396 in
392 4348 438 4397 hoc
461 4349 567 4398 carmine
595 4349 726 4407 consulere,
760 4348 783 4396 in
802 4349 859 4398 aula
874 4358 931 4396 sunt
944 4348 1062 4404 homines,
1074 4347 1157 4396 evitari
1173 4347 1269 4395 omnino
1281 4363 1322 4396 ne-

162 4413 438 4526 {ttttttmttit
451 4413 729 4542 iminiduissiiiiiii
761 4413 823 4526 itii
848 4412 1324 4539 ,iiiiiittmt‘tiif‘iittti

164 4550 246 4592 auctor
267 4549 313 4602 cst,
331 4551 359 4592 ut
378 4541 440 4592 inter
460 4541 545 4590 altiora
562 4555 587 4591 et
603 4541 730 4590 humiliora
762 4542 873 4601 ἑλεεῖται,
884 4543 897 4592 ὁ
909 4541 933 4592 tt
944 4541 1063 4602 πλούσιος
1076 4495 1212 4608 dimittat,
1227 4541 1241 4591 ὁ
1250 4542 1322 4608 μέσος
