3150 5200
597 350 765 416 LIBER
788 352 834 432 ΙΙ,
862 359 888 418 l.

250 493 401 558 Carmina
416 499 565 563 rescieris
581 521 643 566 nos'
654 501 792 587 fingere,
808 507 996 571 commodus
1011 508 1099 574 ultro
1123 537 1128 543 >
1206 537 1211 546 ·

249 595 419 676 Aroessas,
436 611 471 663 et
484 624 581 685 egere
597 613 697 682 vetes,
713 616 747 669 et
762 607 905 672 scribere
921 631 1030 693 cogas.

248 696 317 760 Sed
332 709 439 764 tamen
457 713 508 766 est
523 707 787 789 operaepretium
802 732 1011 793 cognoscere,
1026 711 1139 795 quales

160 798 228 862 230
248 797 407 865 AEdituos
422 802 543 868 habeat
557 805 635 870 belli
652 818 800 890 spectata
814 811 967 894 domique

248 898 375 978 Virtus,
392 903 526 987 indigno
541 929 606 971 non
619 910 851 974 committenda
866 924 983 996 poetas.

248 1001 373 1065 Gratus
387 1001 578 1072 Alexandro
593 1010 663 1091 regi
678 1009 804 1094 Magno
819 1011 881 1076 fuit
895 1013 948 1078 ille

248 1102 423 1180 Choerilus,
439 1107 569 1172 incultis
585 1111 641 1192 qui
656 1112 805 1176 versibus
819 1124 853 1177 et
872 1115 955 1178 mala
970 1117 1054 1178 natis

247 1201 376 1269 Retulit
390 1220 553 1292 acceptos,
569 1211 677 1295 regale
693 1215 860 1292 nomisma,
877 1215 1060 1300 Philippos.

160 1303 225 1366 235
247 1304 316 1368 Sed
329 1308 428 1372 veluti
444 1320 581 1376 tractata
595 1325 704 1377 notam
719 1313 890 1399 labemque
905 1319 1074 1381 remittunt

247 1404 451 1488 Atramenta,
467 1411 535 1478 sere
551 1415 725 1500 scriptores
741 1419 882 1482 carmine
897 1417 987 1483 ioedo

249 1507 429 1593 Splendida
443 1512 529 1578 facta
542 1514 658 1580 linunt.
704 1516 796 1581 Idem
811 1541 870 1582 rex
884 1519 949 1596 ille,
965 1541 1081 1602 poema

249 1609 318 1682 Qui
332 1622 397 1676 tam
412 1614 594 1694 ridiculum,
612 1628 677 1680 tam
690 1639 764 1682 care
779 1621 938 1704 prodigus
951 1621 1040 1698 emit,

250 1711 373 1782 Edicto,
386 1719 499 1794 vetuit,
515 1719 644 1802 nequis
660 1741 695 1783 se
710 1732 830 1802 praeter
844 1720 988 1805 Apellen

162 1811 226 1876 240
249 1813 415 1899 Pingeret,
431 1831 487 1884 aut
501 1819 583 1884 alius
600 1820 747 1904 Lysippo
763 1821 900 1886 duceret
913 1845 979 1886 sera

247 1915 355 1980 Fortis
370 1917 551 1985 Alexandri
567 1921 689 1986 vultum
705 1921 897 1986 simulantia.
944 1924 1045 1996 Quod
1061 1926 1089 1988 si

247 2018 412 2084 «Iudicium
429 2022 548 2087 subtile
562 2022 711 2086 videndis
726 2024 852 2086 artibus
867 2024 948 2089 illud

161 2203 191 2252 de
202 2203 286 2280 poetis,¹
297 2207 339 2271 qui
355 2207 454 2280 recitata
469 2208 584 2282 carmina,
595 2207 653 2272 quia
666 2207 717 2272 pla·
750 2223 804 2280 rum
821 2217 857 2258 est
874 2209 940 2320 puod
955 2218 1033 2257 narret
1045 2209 1136 2258 Acron.
1147 2210 1178 2258 ad
1190 2211 1268 2286 Epist.
1275 2211 1310 2285 ¹sd

160 2279 270 2325 suerunt,
281 2278 364 2320 starum
375 2280 473 2321 recitare
480 2273 605 2336 jubentur.
751 2272 803 2320 Pis.
810 2289 833 2321 v.
844 2273 876 2322 ³5
894 2309 901 2328 ,
911 2273 1075 2322 Alexandrum
1088 2275 1127 2321 M.
1137 2273 1245 2324 Chosnlo
1256 2274 1309 2323 dss-

193 2335 250 2390 224,
260 2337 316 2384 225.
334 2335 507 2410 llbnappsrere
516 2339 606 2410 istos-es·
614 2337 716 2390 Nostros,
750 2335 806 2393 isse,
813 2353 838 2410 se
846 2337 922 2410 ¹rnelle
929 2337 1055 2410 Thersiten
1065 2352 1118 2386 esse
1127 2338 1226 2386 Homeri
1237 2355 1310 2403 quam

160 2399 718 2528 tbtttt‘ttt*titt‘ttttfssttit
751 2399 1310 2540 tltttttilttztttttnttttltr

158 2541 240 2586 perere
249 2526 323 2575 inis.
332 2529 389 2576 250.
424 2527 498 2574 Teani
508 2531 606 2577 deducte
615 2537 719 2591 poemata
751 2527 836 2577 fecisse
854 2528 946 2577 videtur
961 2528 1026 2593 quod
1042 2528 1118 2585 Sulla,
1130 2545 1183 2593 qur,
1196 2537 1224 2577 ut
1241 2530 1312 2579 refert

152 2591 207 2648 filo,
220 2592 324 2641 carmina
342 2608 391 2641 non
407 2591 504 2640 sublimi
523 2592 564 2641 sed
582 2591 649 2642 tenui
665 2607 717 2640 ora·
751 2591 836 2642 Cicero
847 2609 889 2659 pro
901 2593 976 2642 Arcb.
988 2610 1011 2642 c.
1021 2594 1060 2649 10,
1073 2593 1136 2641 malo
1147 2594 1242 2643 cuidam
1253 2610 1310 2658 poe·

160 2654 224 2703 tione
232 2658 377 2721 composita:
389 2656 520 2721 intelligere
528 2657 622 2707 videtur
628 2656 718 2705 Satires
750 2664 781 2705 ta
794 2658 915 2722 praemium
927 2658 979 2707 dari
987 2657 1059 2722 jussit
1069 2657 1114 2706 hac
1126 2658 1271 2715 conditione,
1283 2674 1311 2705 ne

159 2726 184 2767 et
195 2720 316 2783 Epistoles
326 2736 391 2770 suas.
750 2724 806 2783 qnid
817 2734 890 2784 postea
901 2726 1018 2771 scriberet.
1047 2722 1159 2770 Ceterum
1170 2722 1220 2771 rid.
1231 2720 1311 2771 Nalii

193 2785 251 2833 227.
270 2786 400 2835 Commodus
414 2785 501 2835 dicitur
519 2784 562 2850 qui
580 2783 637 2831 iecit
653 2782 718 2847 quod
750 2784 857 2835 libellum
869 2786 898 2835 de
910 2785 1026 2841 Choerilo,
1040 2787 1112 2839 leli.

160 2847 229 2895 nobis
245 2858 338 2911 gratum
353 2858 378 2899 et
393 2858 518 2914 acceptum
533 2856 583 2899 est:
602 2864 656 2913 sup.
669 2848 717 2897 Od.
783 2851 841 2899 235.
860 2850 978 2907 Tractare,
990 2865 1025 2897 sc.
1037 2849 1157 2905 manibus,
1168 2848 1222 2897 usui
1238 2848 1311 2907 elicui

159 2910 193 2966 iv,
211 2914 235 2969 0,
250 2916 272 2971 l,
289 2916 405 2963 Dens-rem
419 2925 512 2977 pateras
527 2922 641 2978 grataque
659 2930 717 2961 conr·
752 2912 867 2962 adhibita.
1303 2972 1306 2978 1

160 2980 247 3025 modus.
783 2979 841 3026 236.
859 2979 924 3034 Fere,
933 2992 980 3025 non
992 2992 1052 3032 raro,
1063 2978 1210 3042 plerumque,
1217 2984 1245 3025 ut
1255 2992 1310 3042 sup.

192 3041 249 3091 228.
267 3042 297 3089 Et
317 3059 381 3105 egere
394 3052 467 3093 vetes:
485 3041 527 3107 qui
543 3052 637 3109 poetam
652 3058 718 3105 egere
750 3043 801 3089 Sat.
812 3042 830 3095 i,
844 3044 884 3097 10,
900 3045 937 3099 15,
950 3042 1027 3105 Epist.
1040 3042 1058 3098 i,
1072 3042 1111 3096 19,
1124 3044 1148 3088 5.

160 3112 230 3162 vetat,
247 3106 270 3154 ei
289 3106 331 3155 dat
351 3115 376 3155 et
392 3106 467 3155 donet
486 3105 550 3155 unde
568 3104 640 3155 vivat.
674 3106 717 3153 (b-
783 3106 841 3154 237.
869 3106 971 3160 Linnnt,
995 3105 1115 3170 polluunt,
1138 3102 1311 3160 contaminant,

157 3185 216 3232 gos:
234 3170 339 3233 Augusti
362 3170 477 3220 luithere
500 3170 535 3219 vis
554 3186 603 3219 non
625 3168 719 3233 ingrate
750 3169 886 3219 obscurant.
920 3170 984 3217 Idem
1002 3186 1042 3216 res
1061 3170 1115 3216 ille:
1133 3167 1158 3215 in
1174 3170 1234 3214 idem
1253 3166 1311 3232 latet

160 3234 246 3297 poetis.
751 3232 884 3292 admiratio,
898 3232 1077 3299 quomodofieri
1087 3231 1237 3297 potuerit,ut
1249 3246 1311 3278 uuus

194 3299 251 3347 230.
267 3300 383 3356 AEdituos,
401 3308 529 3363 curatores,
547 3298 572 3347 h.
588 3314 611 3347 e.
627 3305 718 3364 poetes,
751 3296 863 3363 idemque
874 3315 923 3355 rex,
935 3299 978 3362 qui
992 3314 1006 3346 a
1022 3296 1115 3346 nemine
1132 3296 1178 3343 nisi
1195 3310 1210 3342 a
1218 3294 1311 3370 perlec-

160 3360 203 3426 qui
226 3378 262 3411 res
288 3363 344 3412 belli
369 3364 432 3413 domi
450 3379 480 3412 ue
505 3363 619 3429 preclare
641 3371 720 3425 gestes
751 3362 843 3410 tissimo
860 3363 948 3438 pictore
964 3361 1060 3427 Apelle,
1080 3362 1140 3417 Coo,
1159 3359 1234 3424 pingi,
1252 3366 1277 3408 et
1290 3372 1313 3433 ¹ts

160 3426 305 3476 carminibus
323 3382 479 3476 celebrandas
499 3437 592 3476 curent.
626 3428 719 3475 AEditus'
751 3426 819 3475 nullo
837 3427 884 3475 elio
900 3426 947 3474 sisi
964 3424 1185 3491 apraestantissimo
1198 3431 1312 3471 statuario

160 3490 300 3556 (νεωκόροι)
312 3507 354 3556 pro
371 3492 404 3541 rie
417 3501 474 3540 sunt
487 3501 607 3541 curatores
623 3498 648 3539 et
663 3506 718 3539 cus·
753 3490 868 3556 Lysippo,
881 3490 1002 3566 Sicyonio,
1019 3506 1063 3539 ere
1079 3489 1161 3552 effingi
1175 3487 1259 3543 voluit,
1274 3486 1312 3560 in:

160 3555 227 3603 tedes
247 3555 306 3604 adis
324 3508 370 3604 rel
382 3557 463 3621 templi
481 3556 600 3621 alicujus;
617 3555 721 3603 suaviter
751 3562 820 3618 eptos
840 3564 865 3603 et
883 3555 996 3604 ridiculos
1015 3554 1117 3604 Choerili
1136 3567 1219 3602 versus
1239 3550 1313 3613 reguli

160 3618 232 3681 igitur
250 3628 326 3683 poetae
344 3630 459 3669 vocantur
479 3621 560 3669 aditui
579 3619 662 3685 templi
682 3620 718 3669 vel
752 3619 916 3667 munificentia
938 3626 1040 3667 ornaret.
1074 3620 1140 3665 Mira
1162 3625 1241 3665 autem
1263 3622 1313 3663 arte

160 3684 283 3748 Apollinis
293 3685 331 3733 vel
343 3687 480 3733 Musarum.
753 3682 869 3729 Horatius
891 3682 937 3729 boc
960 3681 1092 3729 Alexandri
1117 3680 1227 3745 exemplo
1249 3679 1313 3727 viam

192 3749 331 3796 232-234.
345 3750 581 3803 Gratuszllessndrc,
589 3755 646 3796 cett.
663 3748 719 3795 Ma·
753 3746 798 3794 sibi
815 3744 892 3794 munit
907 3744 937 3793 ad
950 3744 1118 3794 celebrandum
1129 3746 1276 3808 Augustum,
1287 3750 1314 3790 ut

160 3810 198 3859 lus
210 3812 251 3862 ille
263 3822 340 3878 poeta,
353 3813 485 3869 Choerilus,
497 3812 539 3877 qui
551 3813 576 3860 in
588 3810 720 3860 Alexandri
752 3810 830 3857 virum
849 3809 937 3857 rectius
952 3808 981 3857 de
995 3809 1071 3873 pretio
1086 3807 1155 3857 bonis
1173 3808 1250 3872 poetis
1265 3814 1312 3853 ste·

160 3876 256 3939 Magni,
266 3877 306 3925 cui
317 3887 398 3939 gratus
406 3887 465 3933 erat,
475 3877 589 3925 comitatu
598 3876 644 3923 suit
652 3875 720 3939 (Cic.
753 3874 843 3923 tuendo
852 3872 1012 3938 judicantem.

160 3956 203 4003 pro
210 3940 286 3990 Arcb.
296 3942 326 3989 P.
336 3956 359 3988 c.
370 3942 408 3998 10,
421 3942 495 3996 Qsmn
508 3944 590 3990 multos
601 3943 721 4003 scriptores
786 3939 844 3986 240.
861 3940 930 3985 Alius
938 3938 1038 3999 Lysippo
1050 3937 1145 3999 (ἄλλος
1154 3931 1312 4008 Assinaros),

159 4020 237 4053 raum
247 4020 343 4053 surram
351 4005 452 4071 Magnas
464 4009 505 4055 ille
513 4008 640 4055 Alexander
647 4021 721 4053 secum
752 4002 859 4051 diversus
869 4018 884 4050 s
894 4001 1009 4074 Lysippo,
1022 3998 1085 4047 elius
1097 4014 1169 4082 ‹yuam
1182 3998 1314 4073 Lysippum

160 4070 262 4131 hebreisse
272 4070 403 4130 diciturl),
414 4087 456 4135 pro
467 4070 572 4119 versibus
588 4068 687 4116 rudibus
698 4076 722 4116 ot
754 4067 789 4115 sic
801 4081 855 4131 sup.
867 4066 945 4130 Epist.
958 4081 975 4120 1,
988 4065 1027 4120 16,
1041 4064 1079 4119 10,
1093 4064 1154 4110 lleve
1163 4071 1228 4123 putes
1239 4062 1314 4108 elram

160 4130 255 4181 sinistro
267 4134 383 4198 Apolline
393 4136 430 4183 vel
449 4149 530 4183 crassa
544 4133 655 4180 Minerva
672 4132 721 4180 lac·
755 4133 973 4193 septentrionisque
996 4130 1094 4175 beatum.
1129 4126 1235 4198 Duceret¹
1251 4140 1314 4172 ere.-

160 4196 199 4255 tis,
213 4198 348 4263 Philippos,
361 4213 471 4246 nummos
487 4212 570 4245 aureos
588 4194 650 4260 regis
662 4196 720 4244 Phi·
754 4210 781 4243 es
798 4197 880 4242 ducere
895 4191 1036 4256 (ἐλαύνειν)
1054 4199 1141 4238 estas
1158 4189 1238 4236 labnls
1256 4196 1314 4243 arte,

159 4260 218 4327 lippi
239 4261 343 4325 imagine
360 4262 485 4325 insignitos
503 4259 603 4325 accepit.
637 4261 720 4322 Accep-
755 4257 877 4306 tundendo
891 4266 915 4306 et
926 4255 1045 4329 cadeudo,
1057 4253 1091 4302 ita
1102 4261 1211 4327 tractare,
1223 4261 1251 4300 ut
1259 4266 1315 4363 pro-

159 4334 209 4372 tnns
226 4328 316 4389 utipssid
338 4326 426 4391 referre
442 4328 514 4375 alicui
532 4328 567 4373 rei
585 4332 621 4372 est
638 4322 722 4373 debere
755 4324 832 4387 posita
843 4324 921 4386 imago
938 4326 1099 4386 exprimatur:
1117 4317 1166 4366 ud.
1178 4318 1257 4365 Brous
1277 4330 1315 4364 us.

159 4389 251 4454 aliquid
270 4390 343 4439 alicui
360 4391 408 4449 rei;
426 4407 478 4447 nos,
494 4401 561 4438 etwas
578 4391 641 4436 einer
653 4388 724 4437 Suche
756 4386 785 4434 ed
798 4386 891 4434 Tibull.
904 4385 920 4442 i,
933 4387 957 4440 3,
970 4386 1010 4433 40.
1184 4444 1189 4454 Ι
1295 4441 1300 4452 .

159 4456 298 4503 saunas.
336 4454 583 4503 cnarttssvertanlre
598 4454 635 4501 die
648 4452 720 4500 Gold-
785 4452 844 4498 241.
866 4451 1016 4507 Simnhsntio,
1034 4446 1215 4522 adsimulatis,
1235 4458 1316 4517 expu-

160 4521 255 4566 minacis
274 4522 350 4566 seinen
368 4520 494 4568 schlsclten
516 4517 605 4567 Verres.
640 4516 665 4566 Si
681 4532 720 4566 ve·
755 4514 851 4575 mentia,
864 4520 1073 4581 representant1a;
1091 4526 1125 4559 sse
1140 4525 1193 4574 sup.
1205 4510 1283 4575 Epist.
1297 4522 1314 4565 ι,
