3150 5200
271 373 337 436 214
700 369 995 436 CARMINUM

489 524 703 588 Cunctantem
719 523 825 607 spatio
839 521 968 605 longius
982 543 1090 587 annuo

746 623 847 688 Dulci
862 623 996 688 distinet
1010 645 1030 686 a
1044 625 1153 703 domo,

487 726 585 791 Votis
600 727 826 809 ominibusque
839 735 873 790 et
887 725 1041 810 precibus
1056 737 1161 802 vocat,

490 830 600 892 Curvo
615 850 674 893 nec
689 827 805 893 faciem
818 827 913 891 litore
928 826 1094 890 demovet:

428 933 469 996 15
491 931 545 996 Sic
561 930 732 994 desideriis
747 931 813 993 icta
826 927 980 992 fidelibus

749 1030 878 1105 Quaerit
892 1029 998 1112 patria
1013 1028 1187 1092 Caesarem.

490 1135 601 1200 Tutus
616 1135 676 1199 bos
691 1133 810 1198 etenim
825 1153 902 1195 rura
917 1117 1136 1214 perambulat:

491 1235 608 1299 Nutrit
622 1257 699 1298 rura
714 1235 827 1311 CereS,
844 1233 990 1315 almaque
1006 1231 1189 1296 Faustitas:

492 1336 649 1401 Pacatum
664 1337 800 1402 volitant
813 1356 873 1419 per
888 1355 975 1398 mare
991 1335 1124 1398 navitae:

427 1439 474 1526 2⁰.
752 1436 887 1520 Culpari
901 1436 1017 1499 metuit
1029 1434 1146 1500 Fides:

491 1541 601 1606 Nullis
615 1541 772 1626 polluitur
787 1548 878 1604 casta
893 1537 1008 1601 domus
1025 1537 1164 1620 stupris:

274 1726 309 1774 tis
318 1733 360 1774 tus
371 1725 458 1782 tristes,
472 1725 594 1775 exhilara:
613 1727 671 1773 tacis
688 1724 736 1772 ima
753 1724 792 1772 'ne
803 1723 833 1771 de
866 1719 963 1778 affectu,
973 1724 1057 1776 dolore,
1068 1722 1142 1776 malis,
1148 1718 1243 1784 farore,
1255 1725 1310 1768 cett.
1321 1723 1381 1767 tetris
1390 1719 1431 1766 di-

276 1797 341 1837 statu
355 1790 417 1838 tristi
432 1791 458 1838 in
475 1790 587 1838 letiorem
602 1797 695 1836 manto
713 1787 738 1835 ni
756 1788 774 1834 il
787 1788 833 1836 fre·
866 1784 937 1843 citur,
954 1786 1003 1835 vid.
1019 1786 1055 1834 N.
1072 1783 1158 1832 Heius.
1177 1782 1208 1830 ad
1226 1783 1299 1831 ovid.
1313 1784 1385 1831 Trist.
1400 1783 1430 1838 ii,

276 1855 398 1917 quentius.
439 1853 518 1902 lassor
540 1853 605 1901 Veris
622 1853 776 1900 animositas
795 1855 834 1900 ati
868 1851 925 1905 ala,
935 1857 959 1898 ct
971 1850 1055 1898 Burm.
1067 1846 1276 1896 SecadAnthol.
1288 1847 1343 1894 Lat.
1355 1847 1386 1894 T.
1400 1845 1430 1903 ii,

275 1919 520 1992 tamddsalss'tsnam
529 1917 571 1964 ubi
580 1917 660 1964 vultus
669 1917 705 1964 tui
713 1915 833 1980 splendor,
867 1931 892 1978 p.
914 1915 953 1962 66.
990 1913 1123 1961 Fidetibas:
1142 1911 1224 1959 retulit
1241 1909 1286 1958 hoc
1305 1910 1430 1985 epitheton

277 1981 389 2044 quiveris
399 1978 834 2044 instassereaatomniaconspicitur,
867 1985 937 2042 poeta
948 1975 980 2025 ad
988 1978 1115 2029 desideriis,
1124 1975 1189 2039 quod
1197 1974 1277 2023 esvul
1309 1975 1431 2024 aratione

276 2054 333 2093 cett.
381 2047 444 2093 Veris
465 2045 592 2108 imaginem
610 2045 694 2092 selene
712 2044 834 2100 dicuntur,
869 2044 899 2092 ad
917 2045 997 2104 patrio
1015 2038 1162 2089 referendum
1179 2046 1239 2087 crat.
1296 2041 1370 2094 ιιι-ιι,
1383 2038 1429 2087 ad-

276 2109 319 2171 qui
329 2110 418 2165 omnia,
430 2110 471 2158 ubi
485 2125 517 2174 ap
548 2117 608 2165 rent,
620 2108 754 2157 exhilarant
763 2117 836 2171 atqua
869 2123 921 2156 esse
936 2105 1011 2172 cupit,
1029 2103 1096 2154 reddi
1116 2103 1161 2150 sibi
1178 2110 1257 2168 optat:
1274 2102 1307 2152 cf.
1321 2117 1375 2168 sup.
1389 2101 1428 2160 iii,

276 2187 360 2222 serens
369 2173 482 2222 reddunt:
497 2125 652 2237 cllssoettig.
663 2171 747 2220 laudat
757 2171 836 2220 Theo·
869 2175 910 2228 24,
923 2172 963 2218 3¹2.

277 2237 330 2284 crit.
342 2236 393 2294 viii,
410 2240 450 2293 41,
466 2240 555 2302 παντᾷ
570 2236 722 2299 ξιιμ-Ἔνθ’
738 2235 756 2284 ἅ
773 2237 837 2284 καλὰ
905 2235 1008 2283 17-20.
1026 2233 1099 2280 Totas
1108 2234 1144 2280 bos
1152 2235 1243 2288 neuim,
1252 2238 1310 2280 cett.
1318 2239 1431 2280 assaset

277 2303 340 2358 παῖς
358 2301 518 2351 ἐπινίσσεται·
535 2301 567 2349 cl.
583 2301 683 2349 Mitsch.
702 2299 732 2348 ad
748 2300 773 2348 h.
786 2301 839 2348 l.et
871 2314 974 2348 sensus:
1004 2313 1047 2344 nec
1069 2296 1163 2352 mirum,
1184 2297 1283 2360 patriam
1305 2303 1372 2343 tanto
1392 2295 1432 2344 tui

277 2363 376 2412 Jacobs.
385 2364 516 2413 Animadv.
525 2365 556 2412 ad
564 2364 665 2412 Anthol.
674 2364 808 2413 Graevol.
817 2364 834 2412 i.
868 2362 942 2412 teneri
953 2360 1069 2410 desiderio
1080 2377 1087 2419 3
1105 2374 1160 2408 nam
1175 2360 1220 2407 sub
1230 2368 1271 2408 tuo
1282 2359 1315 2406 im
1346 2359 1381 2407 rio
1392 2375 1431 2409 re·

276 2443 303 2498 p.
314 2429 371 2475 ³10.
404 2427 508 2490 Augusti
523 2428 596 2492 igitur
608 2429 690 2476 vultus
702 2429 774 2477 talem
786 2427 836 2476 sere
867 2428 912 2476 diit
923 2428 948 2474 in
964 2426 1032 2474 illam
1044 2425 1168 2480 securitas,
1180 2423 1297 2481 fertilitas,
1318 2423 1429 2484 anstites,

274 2505 326 2552 Jasu
338 2491 485 2554 splendorem
497 2493 652 2555 praeseferre
661 2491 756 2547 dicitur,
768 2492 836 2556 quali
869 2490 1000 2557 opulentia,
1027 2487 1095 2545 fides,
1128 2487 1235 2543 assutas,
1262 2487 1430 2551 conjugiorum

277 2552 311 2601 dii
329 2554 479 2617 praesentiam
495 2569 563 2603 suam
578 2556 729 2605 manifestare
740 2558 835 2622 fingas·
869 2555 992 2610 sanctitas,
1004 2560 1029 2603 et
1039 2554 1119 2617 legam
1131 2553 1267 2601 auctoritas.
1286 2551 1431 2602 ineundam

277 2627 330 2664 tur:
349 2618 381 2665 cs.
399 2620 498 2667 Homer.
519 2620 609 2683 Hymn.
629 2620 655 2667 in
675 2622 731 2668 Cer.
748 2638 772 2670 v.
789 2623 838 2669 277
870 2620 959 2669 fereda
976 2620 1139 2667 Romanorum
1157 2618 1203 2665 sub
1216 2617 1321 2681 Augusti
1331 2617 1362 2664 im
1395 2617 1431 2667 rio

278 2682 839 2809 distulisti.⁶·tlll?⁰‘.l.l‘⁶’¹‘z
870 2681 1358 2807 llllttttffllttitttl:itit
1375 2689 1432 2795 tit

279 2808 393 2873 AEsclryl.
405 2811 472 2858 Pers.
483 2812 541 2858 298.
771 2764 829 2814 pm
870 2814 977 2868 homines,
989 2812 1049 2859 nihil
1062 2811 1104 2857 Dii
1117 2812 1245 2857 homireibus
1257 2820 1364 2871 prestare
1377 2826 1431 2870 pos-

297 2874 400 2944 *tt-16.
416 2874 449 2921 Ut
459 2878 652 2937 motarjauensm,
662 2882 719 2923 cett.
730 2875 768 2921 En
780 2874 839 2923 ima·
870 2878 1028 2939 suat,-qnod
1042 2892 1085 2921 nou
1099 2876 1333 2937 Augustus—populo
1344 2873 1431 2921 Roma-

280 2952 359 2999 gmem
386 2937 568 2986 dulcissimam!
599 2938 704 2987 Romam
733 2938 839 3001 Augusti
871 2958 899 2989 uo
920 2941 1124 3003 representassent.
1158 2938 1239 2984 Finita
1259 2939 1318 2984 bella
1340 2940 1431 2995 civilia,

277 3000 379 3049 reditum
398 3002 481 3051 eodem
496 3002 611 3051 desiderio
626 3011 650 3051 et
666 3001 750 3051 eadem
765 3002 839 3050 animi
870 3006 960 3066 sepulto
975 3014 1076 3057 autema,
1088 3011 1192 3050 reuocato
1203 3018 1256 3063 pas,
1273 3004 1380 3049 restituta
1395 3006 1432 3050 vis

277 3066 439 3115 sollicitudine
459 3076 607 3133 exspectant,
629 3082 679 3142 qua
699 3066 741 3132 pia
764 3075 840 3115 mater
871 3070 967 3131 legibus,
978 3068 1080 3129 judiciis
1095 3068 1336 3122 aasctoritas,·-rsdiit
1352 3067 1432 3114 cattas

278 3129 321 3177 filii
337 3131 384 3189 sui,
393 3132 445 3197 jam
456 3148 520 3180 auno
531 3132 626 3195 longius
635 3148 662 3179 ιιι
671 3130 756 3179 itinere
767 3130 838 3179 mari-
871 3136 944 3195 agris,
968 3136 1039 3180 saeris
1061 3132 1135 3185 honos,
1158 3132 1269 3177 securitas
1292 3131 1431 3187 hominibus,

278 3193 337 3242 timo
348 3197 468 3251 morantis,
477 3206 614 3270 exspectare
624 3196 693 3244 solet.
714 3197 745 3244 Ia
755 3195 838 3245 eadem
871 3206 934 3244 certo
947 3199 1028 3259 cuipas
1043 3211 1121 3242 rerum
1130 3210 1224 3241 mamm
1232 3196 1352 3255 possessio,-
1371 3196 1432 3304 Κᾶρα

278 3256 444 3309 adumbrantia
460 3261 564 3323 imagine
581 3276 676 3325 operam
692 3259 772 3335 posuit
787 3261 838 3325 Op·
871 3262 993 3308 emendata
1001 3260 1102 3312 utiliter,
1112 3260 1163 3305 tate
1173 3260 1362 3305 salubritercatt.
1399 3276 1431 3305 a·

294 3321 343 3369 ian.
359 3324 418 3371 Hal.
436 3325 469 3372 iv.
481 3325 550 3371 3352
568 3341 593 3388 q.
605 3340 676 3388 quem
686 3334 840 3373 saranescum
874 3327 957 3373 tostos
975 3342 1034 3371 rura
1050 3323 1208 3383 perambulat:
1224 3320 1299 3385 pacis,
1319 3336 1372 3384 qna
1387 3336 1431 3386 per

280 3446 285 3455 Ι
305 3387 380 3433 oratio
390 3396 537 3461 compareat.
578 3399 641 3436 otus:
653 3387 767 3436 adversus
775 3387 839 3437 enim
873 3388 1012 3452 Augustum
1024 3386 1091 3435 nobis
1099 3385 1207 3449 contigit,
1220 3384 1336 3433 beneficio
1347 3400 1432 3435 secuse

278 3446 321 3495 ille
333 3449 375 3497 flat
390 3460 477 3504 nautas,
492 3464 506 3498 s
523 3451 638 3513 Bithynia
682 3467 768 3501 amara
779 3452 838 3501 Car·
873 3451 897 3499 in
908 3451 1003 3517 pascuis
1011 3452 1082 3499 boves
1090 3450 1304 3513 circumvagantur,
1313 3450 1339 3497 b.
1347 3464 1370 3498 e.
1380 3464 1432 3499 aon

277 3511 386 3573 psithium
400 3513 426 3561 in
438 3514 535 3562 ltaliam
545 3514 652 3562 redeunti
669 3531 713 3575 us;
730 3516 841 3579 quamvis
873 3516 975 3581 amplius
996 3514 1096 3579 expositi
1117 3528 1201 3561 sumus
1223 3514 1325 3561 hostium
1349 3514 1431 3562 incur·

278 3572 338 3621 alias
358 3576 433 3625 Notus
451 3594 494 3643 pro
512 3578 597 3641 quovis
615 3588 686 3626 vento
706 3580 838 3642 procelloso
871 3579 992 3638 sionibus;
1012 3585 1080 3644 parta
1096 3577 1164 3625 nobis
1181 3594 1223 3643 per
1239 3580 1378 3636 Augustum
1393 3586 1432 3626 est

277 3639 388 3701 ponitur:
412 3645 498 3698 invido,
510 3642 595 3698 inviso,
608 3642 722 3701 adverso3
745 3643 780 3691 sic
793 3660 837 3701 res,
871 3644 998 3693 securitas:
1011 3644 1043 3692 cl.
1052 3642 1171 3691 Theocrit.
1182 3640 1230 3699 rvi,
1238 3643 1270 3691 90
1278 3656 1332 3705 sqq.
1344 3641 1430 3690 Minas

277 3716 334 3813 pue
351 3703 411 3752 votis
426 3706 527 3754 aliorum
542 3708 645 3760 obstant,
657 3706 744 3771 passim
755 3710 839 3757 invida
871 3708 932 3757 bane
943 3708 985 3756 alii
993 3706 1023 3756 de
1034 3709 1093 3756 bova
1104 3704 1216 3753 arationis
1226 3719 1286 3771 opus
1294 3705 1432 3771 perficiente

295 3765 397 3824 icantur,
417 3776 445 3816 ut
462 3773 540 3830 paries
561 3772 655 3817 invidas
677 3771 741 3835 apud
765 3772 839 3820 Ovid.
871 3773 977 3836 cogitant
984 3789 991 3832 ;
1014 3772 1076 3837 prior
1093 3770 1157 3819 enim
1174 3769 1302 3835 explicatio
1320 3770 1430 3819 felicitati

278 3829 340 3878 Met.
359 3830 391 3887 iv,
410 3834 451 3887 73,
468 3836 548 3881 invida
564 3837 630 3882 vestis
649 3834 714 3900 apud
734 3834 836 3884 eundem
869 3844 1011 3902 tempomm,
1021 3838 1246 3898 inputscamaaram
1256 3833 1305 3881 fere
1316 3836 1362 3883 sub
1374 3834 1429 3883 Au·

277 3894 363 3966 finos.
380 3895 416 3951 iii,
429 3899 455 3953 2,
472 3898 514 3945 27.
548 3899 620 3947 Dolet
636 3900 749 3956 domes
764 3900 836 3963 longo
869 3910 939 3963 gusto
957 3902 1112 3956 redeuntium,
1129 3897 1205 3961 magis
1222 3898 1341 3946 convenit.
1376 3898 1430 3947 Na-

276 3958 433 4010 stinerecnim
447 3960 556 4010 redeunti
570 3962 631 4010 nihil
643 3962 715 4011 domo
724 3978 769 4011 sua
781 3964 836 4012 dul·
869 3968 921 4020 trit,
935 3980 970 4013 sc.
986 3980 1028 4029 per
1044 3962 1160 4013 fecundas
1192 3962 1278 4015 luvies,
1297 3962 1428 4011 oecundam

277 4023 345 4084 cius3
362 4025 690 4092 hincCatull.x11i,'lsqq.
703 4028 836 4091 Oqaidso·
870 4027 1144 4093 aeristemperiem,cctt.
1158 3979 1430 4075 firmitatinlssarm.
1462 4078 1466 4087 ,

278 4090 336 4136 tatis
346 4100 378 4138 est
393 4094 480 4140 bestias
494 4093 572 4139 carris!
590 4092 649 4139 Cum
660 4108 835 4141 manners·
870 4091 931 4141 Sao.
941 4108 966 4141 v.
978 4094 1019 4148 59,
1032 4095 1096 4141 beatu
1105 4092 1173 4154 pleno
1183 4092 1255 4153 Copia
1265 4108 1346 4139 cornu.
1380 4092 1429 4139 Ps-

275 4156 352 4212 pons't,
370 4172 398 4203 ac
412 4158 533 4220 peregrino
553 4156 642 4204 Labore
654 4158 715 4221 sessi
735 4158 837 4205 mimas
867 4166 945 4203 cutum
960 4159 1059 4205 colitant
1075 4174 1117 4218 per
1132 4158 1367 4210 murcomannum
1379 4170 1430 4203 am-

278 4216 362 4265 Larem
374 4221 405 4267 od
419 4229 530 4274 nostram,
546 4220 724 4284 Desideratoqae
734 4224 834 4283 acquiss-
867 4220 939 4283 plius,
957 4230 984 4268 ut
1001 4220 1066 4276 olim,
1083 4235 1147 4269 mare
1162 4218 1276 4269 infestant
1285 4218 1381 4284 piratam
1393 4219 1430 4267 vi·

276 4282 423 4332 cimaslecto.
460 4284 529 4337 Votis,
541 4298 595 4346 qua
606 4295 681 4332 mater
690 4301 733 4349 pro
743 4284 787 4332 filii
799 4300 833 4333 re-
867 4292 906 4347 get
926 4300 990 4333 nunc
1011 4294 1156 4335 mercatura:
1180 4286 1429 4340 contristandam

276 4342 328 4393 ditu
339 4356 464 4413 nuncupat
474 4355 498 4396 et
508 4348 616 4412 suscipit.
646 4349 837 4404 Omissibas,ver·
871 4347 911 4397 Cl.
934 4348 1034 4399 Mitsch.
1058 4348 1088 4397 ad
1111 4347 1235 4397 lasciviam
1256 4356 1280 4396 et
1303 4347 1429 4396 audaciam

277 4407 315 4456 bis
324 4411 386 4459 bene
395 4412 515 4460 ominatis.
548 4411 607 4467 lota,
628 4412 658 4459 ad
676 4412 837 4461 vehementio-
870 4420 994 4461 nautamm
1003 4413 1153 4469 trahendum,
1162 4414 1204 4461 aad
1213 4411 1244 4459 ad
1255 4426 1348 4468 cursus,
1358 4426 1430 4475 quern

277 4486 326 4521 rem
338 4474 448 4525 desiderii
459 4476 573 4526 affectum
583 4475 770 4539 designandum.
798 4478 838 4525 De
869 4475 905 4523 illi
916 4492 981 4526 nunc
992 4477 1038 4526 tuti
1052 4478 1083 4526 ab
1098 4476 1211 4525 omnibus
1223 4475 1315 4523 insidiis
1329 4475 1354 4523 in
1369 4476 1431 4524 mari

276 4534 405 4598 locutione,
415 4556 464 4604 qua
472 4539 527 4605 qais
535 4539 641 4603 graviora
651 4539 754 4603 quodam
763 4540 836 4589 animi
868 4539 946 4591 lacere
965 4550 1073 4606 possunt,
1092 4540 1255 4602 celeritatem
1281 4539 1337 4588 hinc
1357 4554 1432 4590 nares
