3150 5200
698 343 997 414 CARMINUM

533 508 681 590 Derepta
696 503 893 567 Parthorum
909 495 1060 582 superbis

575 607 732 672 Postibus
748 617 781 669 et
796 624 933 667 vacuum
947 597 1065 663 duellis

489 710 609 774 danum
625 707 801 780 Quirinum
815 703 922 777 clusit,
938 712 972 764 et
987 697 1134 762 ordinem

430 814 469 876 10
491 813 634 877 Rectum
648 808 799 892 evaganti
814 805 916 868 fraena
931 799 1089 866 Licentiae

532 912 660 996 Injecit,
676 909 859 989 emovitque
872 904 996 987 culpas,

577 1014 623 1077 Et
639 1023 765 1075 veteres
780 1006 943 1071 revocavit
956 1014 1060 1077 artes;

492 1114 558 1180 Per
573 1137 654 1198 quas
670 1111 824 1174 Latinum
840 1128 957 1170 nomen
971 1115 1004 1168 et
1019 1101 1111 1166 Italae

493 1215 632 1280 Crevere
648 1214 744 1286 vires,
760 1208 910 1290 famaque
925 1216 959 1270 et
973 1201 1089 1287 impert

433 1317 471 1380 15
538 1316 696 1380 Porrecta
710 1312 862 1396 majestas
877 1308 1040 1370 adortum

581 1416 667 1480 Solis
683 1416 725 1478 ab
741 1411 906 1494 Hesperio
921 1406 1032 1471 cubili.

493 1517 640 1582 Custode
655 1536 762 1579 rerum
778 1512 919 1585 Caesare,
936 1531 1002 1572 non
1015 1505 1106 1570 furor

495 1618 606 1682 Civilis
622 1628 679 1680 aut
693 1616 741 1677 vis
757 1614 868 1695 exiget
883 1611 995 1684 otium,

279 1770 345 1820 baud
365 1769 415 1820 alto
435 1769 494 1819 mari
520 1765 698 1820 committenda,
717 1763 840 1812 tribuitur.
872 1765 939 1836 carle,
957 1759 1139 1833 dustrflwta
1154 1760 1212 1806 eidi.
1238 1758 1434 1832 Superbiamag.

280 1837 390 1900 Prupert.
405 1835 440 1891 iii,
453 1835 477 1890 7,
489 1835 513 1889 3,
531 1834 594 1887 Quid
612 1847 646 1879 ms
662 1831 775 1877 scribendi
793 1837 841 1874 tam
873 1827 943 1873 nrfice
959 1833 1063 1872 ornatas:
1086 1824 1155 1885 Vrrg.
1172 1824 1233 1871 AEn.
1249 1838 1276 1879 ιι,
1293 1823 1350 1900 504,
1369 1824 1433 1872 Bas.

280 1909 371 1947 uastum
386 1901 460 1947 mittis
476 1901 501 1946 a'n
520 1897 610 1960 equor?
640 1894 693 1941 Non
711 1901 766 1940 suut
785 1900 842 1954 apta
873 1892 950 1938 burico
964 1898 1107 1951 pratuuuro
1121 1888 1243 1950 spelusqus
1254 1889 1358 1960 ιυρηὸι.
1387 1887 1434 1935 Va.

280 1977 333 2012 meae
346 1966 450 2025 grandia
466 1963 516 2010 uela
534 1961 591 2008 ruti.
627 1956 700 2005 Ouid.
721 1955 793 2003 Τήιι.
814 1954 840 2012 ἰὶ,
873 1971 943 2002 cuum
958 1953 1052 2001 duellis.
1083 1952 1196 2024 Duellans
1211 1951 1433 2024 antequepro,b01.

280 2027 338 2082 829,
356 2027 410 2074 Νωι
425 2029 475 2103 ideo
488 2027 551 2102 debet
568 2025 649 2084 pelago
664 2038 685 2068 se
703 2022 803 2074 credere,
821 2021 841 2066 si
873 2015 941 2090 lum3
958 2019 1027 2065 clusit
1045 2030 1096 2080 pro,
1113 2015 1217 2088 claustra
1237 2029 1263 2062 ro
1280 2021 1434 2126 supernarum

294 2088 664 2219 ttltl‘tffsst‘lthltlt
682 2086 761 2148 lm
778 2084 840 2129 ω’·
873 2087 1433 2220 ξῗὲῖῗῗιῗὲἕὲζῗέιῗῖἳῖξξίἷὲ“ιὲιῖξὲι

314 2219 403 2266 4-16.
426 2217 485 2274 Τιιιι,
510 2217 594 2271 Cesar,
614 2225 676 2266 ctus.
697 2219 753 2260 cett.
789 2209 840 2258 Ob·
874 2209 962 2257 formas
972 2216 1058 2256 umen
1072 2206 1159 2255 solent.
1180 2207 1320 2279 'Deremplo
1329 2207 1387 2254 lam
1397 2216 1435 2256 est

281 2295 349 2330 serra
367 2289 443 2346 poetro
458 2289 542 2336 artem,
572 2294 603 2326 ua
620 2277 732 2326 lectorem
750 2274 776 2322 in
793 2289 843 2322 me·
876 2273 944 2321 locus
954 2272 1069 2346 classicus
1083 2285 1098 2318 a
1114 2269 1147 2318 ud
1155 2270 1238 2346 brui,
1248 2272 1299 2345 Ι195
1317 2269 1381 2319 uude
1391 2271 1434 2318 Ja-

281 2343 345 2393 diam
365 2361 414 2393 rem
432 2344 526 2410 abripit.
555 2296 616 2390 tilua
633 2341 667 2390 ait
689 2339 762 2394 euim,
783 2339 843 2386 “ab
875 2353 920 2385 aus
938 2336 1017 2385 dictus
1036 2345 1069 2383 ιιι
1089 2287 1212 2389 duis-raus,
1230 2334 1292 2383 discr
1309 2343 1387 2398 potest
1404 2351 1435 2384 ex

283 2407 398 2479 Apolline
411 2407 482 2480 igitur
493 2423 507 2455 a
519 2421 543 2454 re
559 2415 646 2478 temere
657 2403 752 2467 incepta
763 2401 840 2476 deter-
874 2401 985 2449 Macrob.
1002 2399 1022 2477 ἰ,Ι
1031 2402 1056 2476 ll,
1075 2398 1104 2446 ln
1118 2401 1189 2475 sacris
1204 2415 1291 2461 puraque
1306 2401 1436 2448 invocams

282 2479 349 2526 ntus,
368 2470 505 2519 felicitatem
523 2477 602 2534 potrus
617 2483 658 2532 per
670 2467 709 2514 Αιι
727 2475 774 2514 usu
791 2482 841 2514 vrc-
874 2464 962 2513 Jurrurr
975 2465 1111 2518 Quamnam,
1122 2479 1188 2525 quast
1199 2464 1308 2510 bellarum
1323 2473 1436 2524 potentes·

282 2533 355 2581 turias
368 2533 436 2580 nobis
449 2543 539 2643 partam
552 2529 664 2586 cauam,'’
676 2547 701 2578 se
729 2545 782 2578 eam
793 2538 842 2577 sta·
875 2531 904 2575 ab
921 2531 995 2584 baua,
1007 2545 1075 2591 quam
1089 2526 1170 2574 Sabini
1184 2530 1259 2575 curin
1270 2536 1361 2574 uorum.
1389 2529 1435 2577 Ca·

283 2594 324 2644 tim
342 2596 415 2645 cauit.
469 2615 501 2644 ua
517 2606 579 2649 ctos,
596 2604 654 2644 etas
668 2610 721 2658 quaa
739 2595 785 2643 sub
802 2603 843 2642 ιιιο
875 2602 953 2641 terum
970 2608 1026 2641 cum
1043 2592 1153 2653 tenplum
1170 2591 1228 2638 Jurri
1242 2599 1286 2649 ter,
1303 2601 1331 2639 ut
1349 2591 1436 2642 Sueto-

283 2659 316 2707 im
349 2659 383 2707 rio
401 2658 469 2707 uobis
486 2658 595 2721 contigit,
614 2658 639 2705 h.
657 2673 679 2705 e.
696 2673 742 2723 pax
761 2674 803 2722 per
820 2666 844 2707 te
876 2656 930 2704 nius
948 2666 1047 2705 testatur
1065 2657 1131 2765 Aup.
1150 2654 1201 2728 llit.
1217 2671 1240 2703 c.
1257 2658 1298 2710 22,
1318 2656 1364 2703 sub
1383 2660 1436 2705 Aa·

285 2738 315 2769 no
334 2722 354 2770 is
373 2723 438 2771 data.
476 2722 565 2785 Fruges
588 2724 675 2776 uberes,
697 2722 842 2769 ubertatem:
877 2729 946 2783 gusto
966 2720 1076 2769 clausum
1114 2728 1183 2774 uent,
1211 2719 1312 2783 primum
1339 2719 1437 2783 quidem

351 2787 356 2799 .
503 2786 512 2809 ,
557 2789 560 2798 .
1179 2782 1184 2793 .
1238 2784 1243 2794 .
1351 2786 1357 2794 .

285 2790 419 2898 illis-vll
435 2785 845 2913 lllltlt't‘tltlrtlf‘ttf
877 2784 1439 2918 blatta:pullulatum

284 2925 350 2975 raptu
373 2914 514 2961 Parthorum
535 2915 638 2975 superbit
658 2912 771 2959 Postibus.
806 2912 845 2960 De
876 2911 967 2959 bellum
988 2911 1168 2966 Cantabricum,
1189 2910 1238 2958 vrd.
1260 2912 1309 2960 Diu
1329 2910 1375 2969 liii,
1394 2915 1438 2969 26,

284 2976 359 3041 siguis
377 2978 541 3025 Romanorum
559 2976 701 3023 militaribus
718 2990 733 3023 a
749 2974 845 3023 Parthis
876 2976 982 3032 tertium,
1006 2984 1035 3022 ut
1060 2975 1186 3039 probatum
1210 2974 1252 3023 ivit
1274 2976 1384 3024 Massou.
1412 2978 1438 3025 iu

284 3041 393 3106 receptis,
413 3041 461 3089 vid.
482 3056 537 3105 sup.
557 3040 582 3087 in
602 3056 693 3103 argum.
712 3039 742 3087 ad
762 3038 798 3094 iii,
819 3042 844 3089 5.
877 3038 972 3105 Templ.
1000 3040 1060 3088 Jan.
1088 3038 1175 3086 Reser.
1202 3054 1226 3102 p.
1253 3040 1311 3095 208,
1342 3041 1375 3089 U.
1404 3042 1439 3089 C.

285 3104 435 3153 Mandanen
447 3112 526 3153 autem
540 3119 604 3153 nuuc
620 3102 678 3151 iacit
696 3102 779 3150 horum
795 3103 845 3165 sig·
879 3120 1030 3162 nccxxxrv3
1048 3110 1111 3150 recte
1127 3101 1266 3175 interpretes
1281 3102 1326 3177 boc
1340 3118 1439 3153 carmen

284 3168 845 3295 {lllllltlllslltttltfftlu:
878 3166 1439 3286 liulllultrllrli‘llmdimvll'l'll

284 3294 362 3351 batur,
381 3302 405 3343 et
426 3295 532 3343 certatim
555 3302 677 3359 poetarum
699 3292 846 3342 carminibus
878 3301 953 3342 totum
964 3295 1009 3343 boc
1020 3309 1116 3342 carmen
1130 3293 1154 3341 iu
1167 3293 1325 3342 describenda
1334 3295 1440 3345 reducta

285 3366 335 3405 turn
353 3358 463 3421 temporis
477 3358 651 3410 celebrabatur,
663 3354 711 3403 vid.
725 3356 797 3405 Cerd.
815 3358 846 3405 sd
879 3357 944 3421 pacis
962 3358 1076 3406 felicitate
1094 3366 1215 3416 tueatur,
1239 3374 1333 3406 summa
1349 3359 1392 3407 illa
1407 3359 1439 3409 de

287 3420 355 3484 Virg.
374 3422 433 3469 AEu.
451 3420 492 3477 vii,
511 3422 573 3478 6073
594 3420 720 3469 sedetiam
738 3419 803 3483 quod
820 3421 846 3469 in
878 3421 966 3486 templo
988 3422 1047 3470 Jani
1070 3421 1153 3469 clauso
1180 3421 1265 3469 letitia
1286 3424 1439 3473 occasionem

284 3482 379 3533 illorum
392 3484 578 3549 recuperatione,
590 3484 615 3532 lr.
627 3498 649 3531 e.
667 3483 692 3530 in
704 3484 773 3531 victis
785 3486 846 3532 Par·
878 3482 933 3532 huic
954 3484 1080 3533 scribendo
1103 3484 1204 3532 cannini
1225 3485 1319 3534 dedisse
1337 3486 1440 3536 videtur.

286 3547 342 3603 this,
366 3549 478 3597 Romano
500 3548 590 3597 nomini
619 3546 785 3605 infestissimis,
807 3548 846 3597 vel
881 3547 983 3596 Vacuum
998 3551 1091 3603 duellis,
1104 3548 1170 3611 quod
1184 3549 1247 3598 Jano
1263 3550 1346 3598 clauso
1361 3566 1439 3601 meua

220 3652 228 3667 „
285 3612 389 3661 maxime
410 3612 530 3660 nitebatur
551 3610 625 3677 pacis,
649 3609 678 3658 de
699 3626 747 3722 apua
770 3627 846 3660 sermo
878 3611 943 3659 bello
955 3612 1001 3660 luit
1010 3613 1155 3677 respublica.
1179 3612 1439 3678 Evuguntisrcasbi·

233 3673 241 3689 “
286 3682 331 3731 est,
349 3676 472 3724 securitas.
503 3676 618 3738 Derepta:
636 3674 845 3739 cl.in.Epist.i,
877 3678 957 3723 centia
974 3674 1066 3738 injecit,
1084 3675 1118 3724 sic
1135 3692 1189 3741 sup.
1204 3675 1241 3733 iii,
1256 3679 1352 3733 aum
1371 3682 1439 3727 iudo·

288 3738 374 3794 18,56,
382 3739 631 3803 ubirlugustussignu
640 3740 775 3801 templorum
785 3740 845 3787 Par·
877 3742 957 3787 mitam
977 3740 1103 3849 rpieuare
1121 3740 1266 3798 licentiam,
1286 3746 1369 3789 morit
1386 3746 1438 3791 cal·

286 3800 381 3850 thorum
405 3818 429 3849 re
447 3806 502 3850 risse
528 3803 624 3851 dicitur.
669 3802 752 3849 Nostro
776 3803 846 3851 Jcol:
877 3819 927 3863 pas,
940 3803 987 3851 reci
1004 3802 1066 3851 enda
1078 3804 1169 3851 curavit
1180 3804 1278 3867 flagitia,
1289 3806 1439 3870 exstirpavit.

287 3865 362 3913 Marti
378 3806 474 3939 quidirm
484 3866 554 3914 ultori
571 3866 697 3928 Augustus
708 3875 847 3930 recuperata
879 3866 994 3914 Similiter
1003 3882 1057 3931 sup.
1066 3867 1099 3922 iv,
1111 3869 1135 3923 5,
1148 3868 1189 3920 22,
1202 3868 1253 3916 Mos
1268 3880 1291 3916 et
1307 3872 1344 3916 les
1358 3887 1439 3918 macs-

287 3942 303 3975 a
313 3928 409 3977 Parthis
424 3930 494 3993 sigua
508 3944 658 3977 consecrasse
675 3928 784 3985 traditur,
797 3929 846 3979 vid.
879 3931 951 3976 losum
968 3932 1068 3977 edomuit
1084 3930 1158 3994 ugtbs.
1188 3930 1276 3979 Veram
1289 3943 1361 3987 artes,
1373 3944 1439 3983 rete·

287 3992 337 4039 Dio
351 3994 393 4049 liv,
406 3995 437 4051 ⁰5
455 3993 495 4040 sed
512 4008 567 4040 cum
585 4000 655 4058 poeta
670 3991 696 4040 iu
708 3990 845 4041 uuiversum
878 4008 927 4040 rem
941 3992 1101 4058 disciplinam,
1112 3993 1143 4042 da
1156 4010 1204 4057 qua
1217 3995 1301 4043 Livius
1313 3996 1341 4043 in
1352 3998 1438 4046 Pruoe·

287 4070 352 4105 uunc
373 4056 478 4104 indicam
501 4055 580 4111 vellet,
603 4056 671 4119 signa
692 4055 733 4103 illa
757 4057 846 4121 populo
878 4056 935 4111 mio,
958 4059 1064 4105 Ceterum
1079 4068 1122 4104 ιιιιι
1141 4075 1175 4105 ne
1194 4076 1258 4106 amor
1280 4064 1366 4121 negotii
1387 4078 1438 4109 sus-

288 4120 400 4167 Romano
415 4119 522 4169 restituta
535 4134 595 4174 esse,
612 4119 693 4183 posuit
711 4118 783 4167 deum
802 4121 848 4168 sub
879 4124 939 4181 cepti
947 4121 1029 4185 fallu,
1044 4130 1087 4168 aut
1106 4123 1174 4169 nullo
1190 4140 1292 4186 unquam
1308 4126 1440 4185 respublica

287 4183 357 4248 cujus
372 4184 486 4247 peculiari
502 4183 577 4231 tutela
591 4182 705 4230 custodiri
720 4184 849 4247 putabatur
879 4200 920 4231 uec
935 4188 1008 4245 major
1025 4202 1066 4232 rrae
1081 4188 1183 4233 sanctior
1199 4203 1239 4234 aec
1255 4188 1318 4234 bonis
1333 4191 1441 4249 ernrplr's

288 4246 427 4295 Romanum
445 4246 585 4312 imperium
608 4246 758 4319 provulgari
777 4246 850 4310 igitur
879 4248 1016 4357 ditloplfru't.
1042 4248 1440 4314 MrJ'estus,gloriaetamplitndo;

287 4313 350 4358 aubis
376 4311 452 4359 multo
480 4310 574 4373 gravius
596 4309 658 4357 dixit
685 4320 760 4357 nostro
786 4313 848 4358 loct.
880 4313 908 4358 ub
953 4314 1039 4372 esperio
1058 4314 1140 4367 cubili,
1158 4314 1189 4359 ab
1208 4314 1316 4369 Oceano,
1339 4314 1379 4362 ubi
1401 4318 1441 4363 sol

288 4373 402 4429 Postibus,
418 4388 453 4421 sc.
467 4374 623 4437 templorum:
642 4388 695 4437 sup.
713 4372 747 4427 iii,
765 4376 789 4431 5,
807 4376 845 4429 lu,
878 4373 997 4431 conditur,
1007 4376 1067 4429 sive,
1080 4383 1108 4422 ut
1122 4375 1200 4448 prisca
1212 4378 1258 4425 sibi
1273 4379 1380 4451 fingebat
1393 4393 1440 4427 an-

286 4434 311 4482 iu
332 4438 438 4486 oratione
462 4436 562 4501 Reguli,
587 4436 660 4499 Signa
687 4453 728 4547 epo
750 4436 847 4485 Punicis
879 4436 986 4501 tiquitas,
1000 4438 1108 4486 cubitum
1123 4448 1151 4493 rt,
1168 4440 1227 4488 b.e.
1244 4441 1329 4490 asolrs
1339 4456 1441 4491 oecuu.

286 4502 369 4564 Adfira
391 4503 502 4557 delubris,
526 4508 549 4547 et
570 4516 635 4547 crura
659 4500 696 4547 Mr'
708 4502 777 4548 itibus
798 4504 848 4549 siae
879 4501 1025 4566 comparant
1041 4502 1133 4550 Tibull.
1146 4503 1263 4561 itam,
1280 4506 1353 4553 um
1370 4516 1440 4555 tauns
