3150 5200
277 349 369 408 xxviii
666 347 853 410 HORATII
873 347 1038 408 Murus.

318 496 429 552 Lcnure
442 495 526 553 druria
536 504 653 573 pectora
668 497 916 556 sollicitudinibus.
958 497 1051 574 Epod.
1067 494 1113 565 13,
1127 495 1172 553 10.

356 590 410 647 Est
423 589 453 647 in
468 600 560 649 metro
575 610 601 646 x.
1126 603 1129 606 ’

718 769 746 825 g.
772 749 879 808 Vernus
891 747 985 806 ionici.

357 875 406 934 Sic
424 873 493 934 dicti
514 875 657 954 obpedes
678 876 804 936 ionicos²
824 876 984 955 exquibus
1005 885 1147 935 constant.
1191 872 1289 931 Unum
1311 882 1426 930 tantum

278 968 356 1048 apud
370 969 525 1029 Horatium
540 970 642 1032 talium
655 991 792 1030 versuum
805 991 897 1049 geum
910 971 1070 1049 reperitur:

278 1064 326 1121 22.
357 1064 467 1123 Versus
481 1065 590 1123 ionicus
603 1086 620 1123 a
633 1066 743 1126 minore
757 1065 818 1140 (ἀπ’
834 1068 988 1143 ἐλάσσονος)
1002 1075 1173 1125 tetrameter
1186 1063 1360 1123 acatalectus

357 1263 535 1320 Miserarum
550 1267 591 1318 ert
605 1281 655 1318 uec
669 1265 760 1320 amori
773 1263 846 1321 dare
858 1263 956 1321 ludum
969 1283 1058 1341 neque
1071 1261 1159 1320 dulci.
1200 1261 1241 1328 iii,
1258 1258 1304 1323 12,
1321 1258 1347 1314 1.

357 1358 420 1416 Alii
441 1357 565 1416 editores
586 1355 670 1415 aliter
684 1357 744 1416 odae
765 1357 897 1435 allegata
910 1377 1009 1416 versus
1029 1356 1174 1424 ordinant,
1188 1366 1314 1432 suntque
1327 1352 1378 1431 qui
1398 1361 1429 1410 et

357 1463 541 1513 tetrametros
554 1452 660 1510 ionicus
673 1452 800 1531 aliosque
809 1473 909 1512 versus
922 1452 1087 1512 exhibeant.

357 1549 412 1607 Est
426 1550 455 1607 in
471 1557 563 1606 metro
579 1548 639 1604 xix.

552 1663 581 1761 b.
608 1703 635 1762 V
632 1723 714 1760 ersus
726 1669 760 1760 en
774 1702 898 1762 diuersis
910 1702 1052 1780 rlrytlrmis
1065 1700 1155 1758 aristi.

279 1835 327 1892 23.
359 1833 471 1892 Versus
485 1830 620 1890 Alcaicus
634 1830 897 1909 hendecasyllnbns‚
911 1851 934 1888 s.
948 1828 1111 1908 epionicum
1124 1849 1142 1886 a
1155 1828 1277 1904 majore:

409 1942 506 1964 Utv-
565 1948 580 1957 =
610 1938 624 2020 Η
656 1941 728 1962 -νν
806 1936 851 2017 ,Ι
875 1939 921 1962 VM

407 2035 449 2046 n-

398 2112 494 2171 Dulcc
506 2119 533 2171 ct
546 2113 678 2171 decorum
691 2120 733 2169 est
742 2130 799 2189 pro
807 2111 909 2188 patrio
923 2111 1004 2168 mori.
1044 2110 1086 2178 iii,
1101 2109 1130 2178 2,
1146 2109 1192 2166 13.

403 2207 615 2266 Tumultuosum
630 2207 765 2265 sollicitat
779 2226 867 2264 more.
907 2205 950 2269 iii.
966 2205 993 2274 1,
1008 2203 1056 2262 26.

359 2303 467 2362 Rarius
487 2313 584 2362 tamen
604 2303 639 2361 ab
660 2303 755 2360 iambo
776 2301 887 2380 incipit.
929 2299 1094 2377 Quinquies
1114 2317 1250 2356 caesuram
1268 2297 1429 2375 neglectam

358 2397 499 2474 reperies:
521 2397 541 2465 i,
559 2396 604 2465 16,
619 2397 678 2466 215
699 2395 748 2464 37,
767 2395 786 2453 5
809 2410 840 2455 et
861 2394 924 2470 143¹
937 2396 969 2463 ii,
985 2395 1033 2465 17,
1052 2393 1109 2464 21;
1130 2391 1232 2462 iv,14,
1249 2393 1304 2462 17;
1325 2393 1430 2472 quibua

357 2490 427 2548 locis
447 2488 522 2548 adde
541 2490 572 2548 in
590 2489 643 2548 hac
664 2480 965 2549 editione'correctum
984 2490 1026 2558 iii,
1041 2488 1070 2557 2,
1084 2490 1113 2548 5.
1156 2489 1192 2546 In
1210 2508 1317 2547 caesura
1332 2489 1430 2546 hiatus

358 2585 390 2654 ii,
405 2583 453 2654 20,
467 2583 507 2644 30
515 2608 524 2656 ;
545 2584 587 2653 iii,
601 2584 630 2653 2,
645 2584 695 2655 30,
709 2595 740 2644 et
760 2584 855 2644 brevis
875 2584 985 2663 syllaba
1006 2583 1049 2652 iii,
1062 2581 1092 2653 4,
1107 2582 1154 2641 53.
1194 2583 1318 2661 Legitur
1334 2583 1365 2653 ii,
1381 2581 1428 2652 15,

361 2678 399 2747 17
412 2698 511 2738 versus
524 2699 664 2757 sequens:

590 2772 816 2851 Necfortuitum
829 2794 964 2854 sperum
977 2773 1118 2852 cespitem.

360 2868 502 2927 Horatius
515 2868 561 2927 vel
583 2889 600 2927 a
622 2868 722 2946 regula
740 2890 839 2929 versus
859 2868 999 2938 discessit,
1014 2868 1061 2928 vel
1079 2868 1219 2945 syllabam
1238 2867 1430 2945 penultimam

358 2963 434 3022 vocis
436 2962 596 3037 fortuitum
610 2963 754 3041 produxit.

361 3058 417 3117 Est
431 3058 461 3115 in
475 3068 568 3117 metro
581 3059 642 3116 viii.

280 3155 328 3215 24.
359 3154 471 3213 Versus
484 3152 620 3212 Alcaicus
633 3152 861 3232 enneasyllabus.

441 3432 475 3490 Si
481 3438 604 3513 frontus
618 3436 757 3494 illabatur
770 3435 857 3494 orbis.
896 3436 939 3504 iii,
953 3436 982 3511 3,
997 3435 1025 3504 7.

440 3510 551 3589 ὄὶεπιὲε
564 3548 667 3587 uxores
682 3530 789 3587 mariti.
830 3532 850 3599 i,
866 3528 913 3599 17,
927 3530 956 3599 7.

360 3627 467 3685 Rarius
479 3636 595 3684 tantum
608 3625 702 3683 iambo
716 3626 809 3683 utitur
822 3626 852 3683 in
867 3627 959 3703 prima
972 3625 1050 3685 sede.
1090 3625 1202 3686 Versus
1214 3626 1299 3704 longe
1312 3626 1432 3705 plurimi

360 3740 498 3780 caesuram
511 3719 619 3778 habent
632 3730 697 3797 post
710 3718 849 3797 syllabam
863 3731 985 3779 sextam.

399 3814 489 3874 Hunc
502 3833 617 3872 versum
636 3812 811 3891 precedenti
829 3816 954 3874 similem
967 3834 1031 3874 esse
1043 3825 1135 3893 patet.
1176 3816 1285 3874 Errant
1297 3816 1348 3893 qui
1362 3834 1429 3873 enm

357 3930 473 3969 versum
494 3907 648 3967 iambicum
669 3907 935 3985 hypercatalectum
953 3929 1016 3968 ease
1029 3919 1135 3986 putant
1148 3920 1179 3968 et
1194 3908 1252 3983 (uti
1266 3908 1430 3967 Wetzelius

727 4003 834 4063 U-U·'
858 4004 942 4026 U-U-
995 4007 1011 4028 U

357 4056 486 4134 qnoque)
501 4054 541 4113 sic
554 4052 705 4111 ordinant:
726 4096 760 4111 ..
829 4070 833 4162 y
857 4097 895 4108 ..
995 4076 1034 4121 .;
1064 4074 1130 4112 cum
1155 4054 1187 4111 in
1213 4051 1273 4121 317
1300 4052 1431 4112 versibus

356 4201 445 4277 hujus
465 4200 580 4278 generis
602 4198 679 4276 apud
694 4196 852 4257 Horatium
869 4195 960 4253 obviis
979 4216 1017 4258 ne
1034 4218 1111 4257 unus
1124 4199 1241 4276 quidem
1257 4197 1364 4271 (sciens
1376 4200 1431 4257 hoc

356 4295 479 4371 affirmo)
493 4293 621 4354 iambum
635 4293 666 4350 in
679 4292 768 4351 tertia
780 4289 849 4349 sede
863 4290 978 4350 babeat.

538 4491 549 4519 ²
630 4486 724 4536 ionicus
736 4500 751 4533 a
762 4483 861 4543 minore,
941 4484 1036 4535 ionicus
1046 4501 1061 4533 a
1072 4485 1177 4550 majore.-
