3150 5200
518 945 1200 1043 SATIRARUM

703 1264 812 1312 LIBER
830 1263 1024 1313 SECUNDUS.

746 1796 924 1863 SATIRA
948 1798 975 1861 1.

378 1971 501 2070 Sunt,
517 1994 636 2077 quibus
652 1993 686 2055 in
701 1991 808 2055 Satira
822 1990 934 2054 videor
947 1989 1042 2054 nimis
1056 2009 1142 2063 acer,
1157 1998 1191 2053 et
1204 1986 1289 2052 ultre

376 2095 499 2183 Legem
514 2095 648 2160 tendere
665 2116 768 2178 opus:
793 2093 862 2156 sine
878 2092 985 2154 nervis
1000 2089 1113 2164 altere,
1129 2090 1290 2175 quidquid

377 2196 568 2280 Composui‚
584 2220 659 2280 pers
674 2218 745 2260 esse
761 2204 873 2277 putat3
897 2191 1081 2273 similesque
1093 2212 1237 2254 meorum

377 2298 470 2363 Mille
487 2298 539 2362 die
555 2320 668 2362 versus
684 2296 803 2360 deduci
819 2316 927 2379 posse.
973 2292 1122 2367 Trebati,

324 2400 345 2459 5
378 2399 469 2469 Quid
485 2399 611 2475 faciem,
627 2397 814 2481 praescribe.
861 2394 1032 2466 Quiescas.
1077 2392 1132 2455 Ne
1147 2392 1273 2468 faciam,
1290 2394 1409 2477 inquis,

379 2498 521 2561 Omnino
536 2502 671 2561 versus?
716 2496 793 2561 Aio.
840 2495 977 2561 Peream
991 2493 1084 2569 male,
1102 2494 1210 2556 sinon

485 2681 615 2730 SATIRA
633 2683 654 2729 Ι.
880 2680 1037 2728 corneto.
1050 2680 1198 2729 Deducncl.
1208 2696 1235 2728 su
1254 2680 1358 2728 .adSut.
1368 2681 1385 2737 i,
1399 2683 1439 2739 10,

326 2745 439 2793 Horatius
450 2744 480 2793 de
490 2743 576 2799 satiris,
587 2760 647 2809 quas
658 2745 791 2810 scripserat,
800 2745 848 2792 las·
881 2746 922 2792 tt.
958 2743 1067 2792 Trebati.-
1085 2743 1213 2799 Trebatius,
1227 2697 1303 2792 clerus
1315 2743 1441 2808 juriscon-

294 2809 371 2858 civius
394 2809 425 2855 ab
447 2808 587 2856 adversariis
609 2809 707 2874 petitus,
727 2824 781 2857 cum
799 2809 850 2872 jam
883 2807 968 2863 sultus,
981 2823 996 2855 a
1007 2808 1122 2856 Cicerone
1135 2808 1218 2872 (cujus
1234 2807 1264 2855 sd
1278 2823 1334 2855 eum
1343 2808 1391 2856 seri
1410 2818 1442 2857 tas

292 2875 357 2921 hunc
374 2873 506 2920 secundum
524 2873 648 2920 satirsmm
666 2872 752 2920 libmrn
769 2871 795 2918 in
813 2871 850 2919 lu·
883 2871 990 2944 epistole
1002 2879 1095 2919 exstant
1113 2871 1138 2918 in
1157 2870 1235 2936 Epist.
1248 2871 1279 2918 ad
1296 2826 1441 2920 Famillib.

293 2951 345 2985 cem
366 2936 495 2985 emissurus
515 2944 585 2992 esset,
606 2934 751 2990 Trebatium,
776 2936 851 2983 virum
884 2933 990 2990 vri,inde
1008 2934 1038 2982 ab
1054 2934 1159 2999 Epist.6
1174 2951 1251 2999 usque
1266 2935 1296 2982 ad
1314 2937 1442 2997 2³),cae-

292 3001 450 3048 venerabilem
468 3011 491 3049 et
503 2999 709 3064 jurisconsultum,
729 2997 760 3047 de
775 2999 852 3046 satiris
884 2999 940 3054 sari,
959 2999 1093 3046 Galliarum
1108 2999 1251 3063 proconsuli,
1262 2999 1443 3050 commendatur
1503 3001 1512 3014 ‘

293 3064 319 3112 in
336 3074 455 3139 posterum
471 3073 512 3112 eut
529 3062 660 3137 scribendis
677 3071 719 3111 aut
732 3061 850 3173 uon'sqri·
883 3061 921 3109 bis
931 3062 1017 3138 verbis,
1036 3063 1071 3110 De
1083 3080 1128 3140 quq
1138 3066 1180 3110 tibi
1191 3065 1279 3172 bomipe
1290 3065 1336 3111 ἔπιε
1345 3066 1442 3140 spondeo

292 3128 584 3241 tffdsstttltttttl
602 3127 804 3239 dllffillffil
822 3143 851 3238 t
882 3129 1441 3250 ...tt‘ltt‘tmltlt‘ttt‘ltttffi

294 3255 375 3312 laude,
389 3269 461 3318 quam
473 3255 555 3302 Caesar
568 3254 638 3302 bonis
654 3254 799 3303 carminibus
810 3254 852 3302 tri-
884 3252 1069 3319 qiiodfamiltunt
1086 3257 1150 3303 dimit
1169 3257 1263 3316 injure
1273 3256 1347 3310 ciuili,
1358 3258 1442 3318 singu-

293 3318 361 3372 butt,
380 3333 453 3382 quam
473 3318 498 3366 iu
516 3318 666 3381 cogitatione,
687 3319 794 3366 homines
814 3334 851 3366 re·
886 3317 943 3364 luris
965 3320 1080 3372 merie,
1100 3335 1185 3366 summa
1205 3320 1311 3366 seientia.
1350 3318 1443 3382 Nequeo

311 3381 450 3430 rehensiune
470 3381 555 3446 dignos
574 3391 637 3431 recte
659 3381 799 3448 reprehendi
822 3382 852 3429 ab
885 3383 998 3428 dormire:
1016 3389 1063 3429 tem
1096 3380 1128 3430 ris
1137 3381 1210 3444 igitur
1224 3381 1284 3445 (boc
1303 3382 1368 3430 enim
1386 3399 1442 3455 sup-

294 3399 390 3494 bomine
400 3446 499 3509 integro,
512 3446 652 3510 acquiescit.
884 3443 1012 3555 plendum)
1039 3445 1051 3491 l
1074 3445 1138 3492 leudi
1165 3460 1239 3493 causa
1263 3461 1345 3493 versus
1372 3446 1443 3494 facin

329 3511 400 3556 1-7.
424 3511 492 3565 Sunt,
514 3514 595 3572 quibus
615 3514 706 3558 videor:
726 3510 751 3557 in
768 3509 852 3574 paucis

901 3507 932 3555 ed
947 3517 1012 3564 sunt,
1029 3507 1055 3555 in
1072 3509 1158 3571 quibus
1172 3517 1209 3556 est
1225 3509 1388 3566 Heindorfius,
1417 3511 1444 3558 ui

295 3573 361 3620 librr.
379 3583 436 3622 vett.
455 3577 543 3628 videar,
563 3574 657 3638 plurimi
675 3573 768 3622 codices
788 3572 851 3637 apud
883 3575 983 3620 dormire
998 3587 1047 3637 pro,
1060 3587 1161 3629 cessere,
1172 3572 1271 3620 inertem
1288 3588 1350 3628 esse,
1364 3527 1442 3638 expli·

296 3637 369 3684 Feum
386 3645 481 3684 tuentur
500 3641 592 3692 videon
617 3639 734 3702 exempla,
748 3635 788 3684 ubi
800 3645 853 3700 pust
884 3644 948 3691 cent,
970 3643 994 3683 et
1013 3635 1161 3692 Trebatium,
1184 3636 1229 3684 bac
1248 3636 1331 3700 jocosa
1351 3636 1444 3701 dilogis

294 3709 358 3756 sunt,
370 3703 411 3761 qut
422 3701 519 3811 antilque
530 3709 554 3748 et
565 3701 649 3750 Graece
657 3701 753 3764 ponitur
760 3700 851 3748 indicu-
883 3698 1018 3763 deceptum,
1030 3699 1061 3747 ad
1072 3701 1100 3749 rb
1111 3703 1218 3756 dormire,
1228 3709 1343 3763 tanquam
1351 3700 1377 3748 in
1386 3716 1444 3814 px

294 3762 365 3818 titus,
383 3762 451 3812 dabit
495 3763 594 3810 eindorl.
612 3779 665 3828 sup.
678 3763 707 3811 ad
726 3766 776 3812 Sat.
793 3764 810 3818 i,
827 3767 851 3822 4,
884 3763 937 3826 pria
963 3762 1135 3826 significatione
1161 3764 1272 3828 positum,
1301 3780 1339 3813 ree
1370 3780 1387 3811 n

296 3827 337 3875 24.
370 3828 438 3882 Acer,
451 3825 535 3874 similis
550 3827 598 3874 lere
614 3827 852 3893 acticantquiom-
885 3826 1020 3890 opinentur.
1053 3827 1117 3874 Mihi
1133 3827 1231 3892 quidem
1245 3827 1323 3891 ejusm
1355 3828 1444 3892 ijocus

295 3905 339 3940 nes
350 3890 445 3938 allatret
456 3890 583 3938 mordetve.
621 3891 691 3938 Ultra
708 3891 789 3954 Legem
802 3901 852 3938 ten-
884 3888 998 3954 indignus
1006 3890 1098 3939 videtur
1107 3891 1214 3940 Horatio.
1236 3891 1444 3956 Unctirsup.0d.

295 3958 349 4003 ders
359 3971 422 4016 epus,
436 3954 498 4002 ultre
510 3953 606 4002 modum
623 3953 748 4002 extendere
759 3955 852 4010 satiras,
885 3953 920 4008 iii,
934 3957 972 4009 12,
984 3956 1008 4009 6,
1021 3956 1117 4016 Lipnm'
1129 3958 1191 4002 nitor
1199 3956 1272 4002 Hebri
1280 3956 1354 4003 Simul
1362 3966 1444 4004 unctos

296 4017 335 4067 vel
353 4018 448 4067 modum
465 4018 491 4065 in
510 4017 640 4067 scribendis
664 4018 741 4066 satiris
761 4018 852 4067 sivein
886 4018 999 4066 Tiberinis
1016 4020 1118 4067 lumem
1134 4021 1192 4066 lauit
1209 4022 1235 4067 in
1253 4022 1331 4068 undu.
1364 4020 1442 4084 Gym-

296 4081 421 4148 ctrpendis
438 4081 559 4130 hominum
571 4081 634 4130 vitiis
646 4081 768 4131 excedere.
795 4082 853 4130 Ten·
886 4082 993 4137 nasticae,
1006 4091 1033 4130 ut
1043 4083 1168 4132 observent
1183 4082 1214 4130 sd
1227 4083 1253 4130 h.
1265 4084 1282 4131 Ι.
1294 4083 1443 4148 interpretes,

296 4148 358 4202 dere,
377 4146 421 4194 sim
439 4145 478 4194 lex
495 4162 537 4210 pro
551 4146 691 4211 composito,
704 4147 741 4195 vel
753 4162 803 4211 pro.
815 4149 852 4193 in·
885 4145 1145 4211 exercitationesque
1166 4147 1191 4194 in
1210 4161 1295 4212 campo
1317 4147 1409 4195 Martio
1428 4163 1444 4196 ι

296 4213 396 4266 tendere,
415 4163 505 4258 desitus
522 4209 852 4266 Achi1.i,543,'nndeaut-
882 4209 1012 4272 Juveuibus
1030 4211 1083 4258 oleo
1102 4211 1181 4258 unctis
1198 4211 1391 4267 instituebantur,
1411 4211 1445 4260 sd

296 4291 358 4322 mum
375 4276 477 4338 vigilem,
489 4273 666 4338 jucundumque
684 4277 748 4338 erige
765 4283 851 4334 pecten,
883 4288 964 4320 eorum
980 4289 1079 4339 corpora
1095 4275 1223 4324 recreanda
1242 4276 1362 4324 natatione
1380 4275 1446 4323 finiri

297 4337 336 4386 vel
353 4353 402 4402 pro,
415 4341 540 4390 extendere,
558 4345 585 4385 ut
599 4337 642 4384 inl.
654 4338 731 4401 Epist.
743 4339 759 4394 i,
772 4341 797 4392 5,
813 4339 851 4386 ll.
884 4338 1001 4386 solebant.
1035 4337 1082 4387 Sed
1103 4339 1200 4387 fortasse
1219 4338 1294 4403 ipsius
1315 4339 1446 4388 cautionis

296 4402 351 4451 Sine
362 4405 445 4458 ereren,
458 4401 509 4448 sine
523 4400 547 4447 vi
563 4409 587 4448 et
602 4401 724 4463 gravitate,
736 4405 784 4450 sine
793 4419 851 4463 pon-
884 4415 957 4450 eeusa
968 4403 1009 4464 (ut
1024 4402 1050 4450 in
1070 4402 1124 4450 aliis
1139 4402 1269 4457 laboribus,
1297 4403 1370 4451 uibus
1379 4403 1446 4452 vires

298 4469 349 4513 dere
360 4477 381 4513 et
394 4475 452 4521 arte,
461 4473 488 4514 ut
499 4463 603 4528 loquitur
612 4465 708 4520 Noster,
720 4465 762 4514 inl.
774 4464 852 4529 Epist.
884 4473 908 4512 et
919 4465 982 4514 nervi
991 4466 1093 4515 maxime
1105 4420 1309 4530 intendebantuil,
1318 4466 1372 4517 oleo
1383 4467 1450 4531 uugi
