3150 5200
588 342 755 409 LIBER
776 341 805 420 Ι,
823 344 855 406 2.

230 499 358 574 Quinas
372 497 426 562 hic
442 497 541 582 capiti
556 496 722 560 mercedes
737 506 881 570 exsecat,
897 503 996 576 atque

168 601 207 665 15
230 601 364 674 Quanto
378 599 537 686 perditior
552 599 691 681 quisque
705 606 768 673 est,
783 606 876 660 tanto
891 595 997 659 acrius
1013 606 1118 678 urget.

230 703 373 767 Nomina
389 711 532 765 sectatur
548 699 643 763 modo
660 708 765 761 sumta
780 707 870 761 veste
886 695 970 760 virili

231 804 302 867 Sub
319 802 468 886 patribus
484 801 575 864 duris
591 801 742 864 tironum.
788 798 945 874 Maxime,
961 797 1035 880 quis
1050 819 1127 874 non,

231 903 373 988 Jupiter,
389 903 560 980 exclamat,
578 901 671 966 simul
687 912 784 983 atque
800 900 945 963 audivit?
991 894 1038 961 At
1053 898 1086 960 in
1102 920 1139 962 se

232 1005 300 1070 Pro
314 1015 442 1088 quaestu
458 1014 598 1068 sumtum
613 1002 692 1067 fecit
707 1001 769 1065 hic.
817 1000 886 1064 Vix
900 999 1034 1063 credere
1049 1001 1167 1082 possis,

168 1108 213 1171 20
234 1108 342 1181 Quam
357 1107 419 1171 sibi
434 1129 498 1171 non
513 1107 555 1170 sit
570 1105 709 1180 amicus3
732 1105 778 1166 ita
793 1113 830 1166 ut
844 1113 938 1186 pater
953 1101 1017 1177 ille,
1030 1099 1167 1164 Terenti

233 1207 358 1272 Fabula
374 1231 471 1293 quem
486 1208 636 1272 miserum
652 1215 751 1290 gnato
767 1205 886 1266 vixisse
902 1201 1016 1286 fugato

235 1311 375 1388 Inddcit,
392 1334 457 1374 non
473 1333 508 1374 se
523 1309 617 1394 pejus
634 1306 825 1372 cruciaverit
840 1315 938 1388 atque
954 1303 1018 1367 bic.

236 1411 271 1473 Si
287 1414 359 1494 quis
375 1433 459 1476 nunc
475 1419 610 1495 quaerat,
629 1408 706 1481 Quo
721 1428 773 1470 res
788 1405 860 1468 haec
876 1405 1039 1490 pertinet?
1061 1403 1159 1468 illuc:

236 1512 325 1575 Dum
340 1513 442 1577 vitant
458 1511 548 1576 stulti
564 1510 651 1584 vitia,
668 1509 700 1570 in
716 1508 879 1572 contraria
892 1515 1037 1570 currunt.

170 1613 216 1676 25
237 1611 419 1676 Malthinus
435 1613 553 1677 tunicis
569 1609 717 1675 demissis
732 1609 895 1686 ambulat,
918 1608 1040 1689 estqui

236 1712 363 1797 Inguen
378 1716 420 1780 ad
436 1718 612 1780 obscenum
628 1711 798 1775 subductis
815 1732 918 1793 usque
933 1707 1069 1772 facetus.

238 1814 389 1878 Pastillos
405 1814 549 1879 Rufillus
565 1813 641 1890 olet,
658 1812 846 1896 Gargonius
861 1811 997 1874 hircum.

239 1915 296 1979 Nil
310 1917 451 1980 medium
466 1927 527 1980 est.
573 1914 669 1990 Sunt,
685 1913 741 1995 qui
756 1912 858 1976 nolint
873 1913 1020 1995 tetigisse
1035 1913 1097 1976 nisi
1112 1912 1194 1990 illas,

239 2016 387 2089 Quarum
401 2019 538 2082 subsuta
552 2017 635 2081 talos
650 2025 740 2099 tegat
754 2015 866 2078 instita
881 2025 970 2078 veste
982 2042 991 2091 ;

151 2149 238 2199 l'oenori
253 2149 330 2198 datis:
354 2149 385 2199 de
401 2150 532 2208 locutione,
547 2153 669 2214 pecaniam
686 2154 710 2197 in
777 2150 816 2197 18.
835 2148 865 2197 ln
879 2165 910 2206 re,
922 2147 1013 2196 invite
1031 2165 1082 2196 sun
1101 2149 1204 2198 fructum
1220 2159 1245 2200 et
1258 2153 1301 2217 ju·

144 2213 237 2280 sertore
249 2230 330 2275 ponere
346 2231 396 2279 pro,
412 2214 496 2263 loenori
511 2214 577 2270 dare,
592 2213 639 2263 rid.
655 2230 709 2279 sup.
742 2212 900 2261 canditatem.
922 2213 1060 2275 Proqaaestu
1068 2224 1176 2270 sumtum,
1187 2215 1304 2281 prelargo

152 2278 183 2326 ad
197 2277 272 2342 Epod.
283 2279 309 2333 2,
321 2279 362 2325 70.
743 2285 838 2340 quaestu
857 2277 948 2341 largum
964 2285 1081 2325 sumtum:
1102 2292 1156 2333 nos,
1173 2289 1240 2328 etuas
1258 2281 1307 2346 aas

187 2345 226 2390 14.
250 2342 339 2394 Quium
359 2344 405 2398 bic,
427 2351 484 2391 cett.
507 2341 546 2390 bic
568 2356 711 2406 unoquoque
742 2342 902 2389 siebmenden.

152 2421 234 2454 mense
248 2421 289 2480 pro
304 2416 366 2454 sorte
379 2406 466 2455 ioenori
479 2407 536 2455 data
549 2405 635 2471 quinas
648 2421 709 2454 mer·
774 2405 816 2451 20.
841 2406 911 2454 Pater
927 2407 975 2460 itte,
994 2403 1159 2461 Menedemus,
1180 2407 1302 2472 seipsum

151 2471 223 2519 cedes
239 2484 289 2518 srva
304 2485 388 2518 usuras
403 2480 534 2534 extorquet.
569 2469 642 2534 Apud
658 2469 708 2516 Ro·
742 2468 861 2524 crucians‚
872 2469 933 2534 apud
945 2467 1081 2516 Terentium
1093 2470 1118 2516 in
1130 2471 1294 2520 Heautontim.

152 2549 246 2588 manos,
255 2549 323 2599 eque
335 2543 406 2599 atque
417 2535 480 2599 apud
490 2536 598 2587 Grecos,
611 2542 684 2581 sortes
696 2549 710 2581 a
775 2533 816 2580 25.
833 2533 964 2580 llloltlituus
974 2551 980 2578 :
989 2531 1040 2595 jam
1050 2534 1159 2599 exempla
1170 2533 1301 2592 bominum,

152 2598 262 2648 calendis
283 2583 402 2663 cirjusque
421 2600 509 2647 mensis
529 2614 605 2673 usque
626 2599 710 2647 adse·
744 2595 785 2659 qui
797 2596 902 2645 medium
912 2606 992 2645 tenere
1000 2613 1047 2645 non
1058 2595 1199 2655 didicerunt,
1224 2601 1302 2649 rolert.

152 2663 249 2727 quentis
261 2663 347 2711 mensis
361 2662 475 2712 calendas
489 2664 574 2712 loenorr
586 2662 636 2710 dari
650 2664 711 2711 sole-
745 2660 885 2718 lllaltltinus,
897 2662 979 2709 tunica
995 2660 1026 2708 ad
1036 2662 1097 2709 talos
1113 2678 1190 2726 usque
1201 2616 1303 2713 demissa

153 2728 228 2785 bant,
252 2742 294 2791 pro
312 2736 409 2775 centum
427 2728 530 2775 nummis
548 2726 621 2837 culpo
639 2742 712 2775 usura
744 2722 849 2785 incedit;
868 2726 929 2773 alius
946 2726 1027 2773 tunica
1044 2724 1074 2772 ad
1087 2726 1163 2774 lemur
1173 2742 1249 2792 usqua
1261 2729 1302 2777 ad-

153 2790 204 2840 sive
222 2806 313 2839 merces
330 2807 474 2856 unoquoque
491 2806 571 2839 mense
599 2790 634 2838 uit
650 2806 712 2837 unus
744 2788 828 2836 tricta
837 2806 863 2839 se
875 2798 901 2837 ut
908 2789 1028 2837 bominem
1038 2788 1141 2837 facetum
1153 2792 1303 2856 conspicien-

155 2870 287 2914 nummus;
320 2871 369 2905 uno
400 2855 473 2918 igitur
495 2869 559 2902 anno
586 2853 711 2902 duodecim
744 2850 802 2899 dum
831 2854 912 2901 nebet.
945 2854 1060 2907 Fuerunt,
1072 2854 1097 2899 in
1109 2853 1198 2927 quibus
1208 2872 1305 2919 quoque

156 2918 261 2977 nummi3
278 2916 712 2973 sedFufidius,ioeneratorsordidis-
745 2924 784 2963 est
827 2917 964 2970 sindorfius,
985 2917 1027 2981 qui
1045 2918 1180 2974 Horatium,
1199 2922 1305 2969 notando

155 2983 229 3031 simus
261 2992 286 3031 et
312 2982 540 3047 impudentissimus,
569 2997 714 3045 unoquoque
745 2980 831 3028 vitium
849 2980 973 3035 Malthini,
992 2982 1159 3036 Marcenatem,
1197 2982 1222 3030 ui
1244 3000 1303 3032 non-

154 3062 237 3096 mense
249 3047 335 3111 quinas
345 3062 438 3103 usuras,
449 3063 498 3096 uno
512 3061 575 3094 anuo
590 3045 661 3108 igitur
673 3062 714 3110 pro
737 3054 870 3107 'nunquam
880 3048 1004 3093 discinctus
1013 3044 1145 3098 incesserit,
1154 3000 1250 3109 oblique
1261 3063 1304 3095 no·

155 3119 250 3159 eentum
263 3111 367 3159 nummis
377 3111 716 3175 sexagintanummosesseca-
748 3115 812 3156 tasse
823 3118 981 3157 autumarent.
1004 3106 1112 3170 Sedquis
1120 3108 1207 3156 adduci
1219 3120 1306 3174 potest,

155 3176 203 3223 bot.
245 3176 355 3223 Emecore
370 3176 471 3240 pesitum
488 3174 547 3221 mibi
565 3173 659 3221 videtur
674 3190 716 3237 pro
750 3179 775 3218 ut
791 3172 880 3230 credat,
897 3172 1021 3220 Horatium
1041 3171 1103 3219 inter
1118 3172 1226 3221 homines
1244 3190 1307 3238 quos

155 3248 304 3302 extorquere,
319 3239 458 3295 extundere,
474 3238 618 3304 exprimere;
635 3241 715 3299 copiti,
748 3235 858 3298 producit
886 3236 1007 3292 ridiculos,
1036 3234 1106 3282 simul
1133 3235 1205 3284 dulce
1232 3237 1307 3286 decus

156 3302 259 3351 debitori
276 3302 368 3367 capitis,
387 3318 440 3359 nos,
460 3302 657 3364 tereussctlogem
677 3303 715 3349 be·
748 3314 820 3347 suum
837 3308 861 3348 et
893 3299 1021 3355 residium,
1033 3300 1202 3356 Meeenatem,
1219 3310 1246 3349 ut
1264 3305 1306 3351 bo-

156 3368 474 3429 semetsemet-pressea.
508 3364 559 3414 Alii
573 3368 644 3427 capiti
656 3382 715 3413 mer·
749 3362 867 3411 minemri
884 3365 975 3412 iculum
985 3372 1048 3413 tecte
1058 3363 1307 3428 designarevoluissel

156 3434 220 3478 cedes
240 3441 324 3479 enecat
345 3429 474 3495 explicant,
497 3428 562 3483 sorti,
582 3428 640 3475 dum
663 3444 716 3477 earn
749 3428 874 3475 Ambutot:
901 3430 1027 3483 ambulare,
1055 3435 1083 3475 ut
1107 3432 1218 3485 incedere,
1245 3434 1308 3478 vium

157 3492 259 3543 debitori
269 3492 348 3551 tradit,
360 3508 446 3541 usuras
460 3493 538 3542 statim
549 3491 661 3549 detrahit,
674 3492 715 3541 de·
749 3494 835 3548 metiri,
846 3491 876 3541 de
886 3492 916 3540 iis
925 3490 967 3555 qui
977 3492 1072 3541 incessu
1082 3491 1221 3554 dignitatem
1234 3495 1307 3544 affec·

157 3556 239 3617 ducit;
256 3558 306 3614 sed,
318 3560 339 3607 ti
355 3558 399 3606 boc
411 3557 525 3605 voluisset
541 3556 663 3612 Horatius,
675 3572 717 3622 pro
748 3562 816 3603 tant:
835 3555 867 3603 cl.
878 3572 932 3620 sup.
944 3554 976 3603 ad
987 3555 1065 3631 Epod.
1076 3557 1101 3613 ⁴,
1112 3558 1137 3604 6.

107 3638 109 3643 ·
157 3630 251 3678 assent,
280 3628 330 3678 uto,
340 3620 473 3686 scripsisset
481 3622 576 3668 desecet.
781 3621 823 3668 26.
847 3620 953 3676 Facetus,
969 3619 1093 3674 ridiculus,
1110 3634 1163 3676 nos,
1179 3624 1308 3683 poeirliclt.

194 3687 232 3733 15.
270 3697 342 3733 uento
350 3688 471 3747 perditior,
479 3692 537 3732 cett.
548 3692 638 3748 quanto
649 3684 716 3747 quis·
751 3684 798 3731 Vel
807 3683 904 3749 facetus
918 3681 1021 3747 explica,
1039 3683 1097 3730 dum
1115 3684 1219 3733 bominis
1237 3687 1308 3736 faceti

159 3763 207 3811 que
233 3758 270 3796 est
289 3749 390 3815 nequior
411 3757 435 3797 et
455 3748 486 3795 ad
508 3762 565 3813 opes
586 3747 718 3812 perdendas
750 3747 1226 3812 etvenustispeeiempreselerrsvult.

159 3810 293 3875 proclivior,
300 3820 366 3862 tanto
376 3812 453 3861 acrius
462 3812 522 3861 lucri
529 3811 633 3861 faciendi
642 3812 719 3874 gratia
781 3811 823 3858 at.
842 3812 958 3864 Pastillos,
974 3818 1149 3873 unguentorum
1165 3812 1258 3869 odores,
1273 3814 1309 3880 pi·

158 3874 182 3923 ei
192 3876 274 3925 instat.
748 3874 811 3921 lulas
833 3874 896 3937 (inte
935 3882 972 3921 ete
994 3874 1107 3937 Erasmo)
1131 3878 1310 3939 unguentarias,

194 3940 233 3988 16.
255 3940 355 3987 Nomina
370 3942 472 3987 tironum
487 3949 597 3993 sectatur,
614 3946 718 3986 sectatur
750 3952 803 3992 nos,
820 3889 1038 4000 &malignum
1054 3937 1103 3992 vel,
1120 3945 1148 3986 ut
1162 3941 1216 3987 vult
1232 3940 1309 3989 Heiu-

160 4003 256 4060 tirones,
268 4012 385 4053 uteorum
397 4004 493 4051 uomina
504 4004 529 4052 iu
539 4003 635 4051 tabulas
650 4002 717 4049 debi·
750 4001 1026 4057 dorlius,aohlrieeltende
1034 4002 1310 4058 blorsellen‚demAthem

160 4076 237 4115 torum
249 4068 342 4123 reserat,
351 4066 401 4115 siue
413 4076 439 4115 ut
455 4082 495 4115 eos
509 4067 555 4115 sibi
566 4066 638 4113 faciet
650 4065 716 4113 debi·
751 4068 818 4113 einen
831 4066 983 4127 angmelmea
995 4065 1088 4112 Gerael
1102 4082 1131 4113 su
1139 4069 1225 4130 geben:
1242 4069 1309 4117 Mar-

161 4144 237 4191 tores;
255 4131 311 4180 bine
329 4130 424 4178 nomina
438 4129 577 4195 simpliciter
587 4129 617 4178 de
627 4130 718 4177 debito·
751 4128 804 4176 tial.
816 4129 832 4183 i,
844 4130 883 4175 88.
912 4128 1124 4185 Hircum,loedum
1135 4130 1309 4196 odoremque·

159 4195 239 4243 ribus:
254 4195 303 4243 vid.
316 4194 409 4242 Ernesti
420 4194 611 4244 Clav.Cic.s.v.
625 4193 720 4241 Nomen.
752 4192 783 4240 lis
800 4192 845 4240 sub
862 4190 908 4239 alis
923 4191 1052 4241 emittitur:
1070 4192 1102 4241 cl.
1117 4209 1170 4258 sup.
1185 4194 1215 4243 ed
1230 4196 1310 4261 Epod.

163 4259 227 4307 Veste
236 4262 312 4312 virili,
323 4267 378 4330 toga
392 4274 461 4322 pure.
496 4260 570 4305 Duria
585 4260 626 4305 rub
641 4260 717 4319 putri·
753 4258 791 4311 12,
803 4258 827 4304 b.

160 4326 201 4369 bos
219 4326 337 4377 tironum,-
350 4337 452 4385 juvenes
469 4322 542 4377 enim,
559 4320 602 4385 qui
612 4320 679 4368 duris
695 4330 721 4368 et
784 4322 825 4368 28.
843 4318 896 4366 Nisi
906 4321 969 4375 ittae,
983 4320 1089 4373 Quonim
1101 4324 1194 4369 sabrate
1209 4324 1266 4370 talos
1277 4334 1311 4371 te·

161 4386 240 4451 parcis
262 4384 398 4450 parentibus
417 4394 525 4439 utuntur.
544 4384 623 4440 facile,
642 4394 669 4432 ut
687 4400 719 4432 es
749 4394 793 4449 gut
812 4386 893 4431 instita
915 4394 982 4439 cate,
1005 4383 1051 4431 nisi
1072 4395 1200 4441 maeones,
1221 4402 1275 4451 quo
1298 4404 1314 4436 a

160 4450 266 4499 alienum
278 4448 376 4503 iaciant,
386 4448 467 4497 induci
482 4458 580 4515 possunt
595 4450 625 4495 ab
638 4448 720 4497 iusidi-
753 4447 839 4497 vestitu
857 4446 1099 4507 circumscribuntur,
1115 4457 1229 4499 matrone
1248 4451 1312 4500 enim

160 4514 209 4561 osis
219 4510 409 4562 loeneratoribus.
755 4512 868 4575 gerebant
881 4511 998 4569 tunicam,
1010 4512 1042 4559 ad
1051 4512 1112 4561 talos
1127 4528 1204 4578 usque
1219 4531 1313 4581 porrec-
