3150 5200
589 350 756 418 LIBER
779 353 825 430 ΙΙ,
848 355 880 418 2.
909 349 914 356 ’

237 497 408 586 Praecipue
423 525 522 586 quum
539 525 573 568 ee
588 505 729 568 numeris
744 504 947 569 commendat
961 514 995 567 et
1009 514 1096 568 arte:

237 600 347 666 Discit
361 604 446 668 enim
461 605 556 669 citius
571 605 778 689 meminitque
792 605 946 668 libentius
960 604 1041 668 illud

238 702 339 774 Quod
354 705 428 787 quis
442 706 582 783 deridet,
598 728 695 788 quam
710 707 799 790 quod
815 709 933 791 probat
949 718 984 793 et
996 716 1177 772 veneratur.

235 802 295 866 Nil
309 826 417 869 moror
431 807 572 872 officium
587 807 677 890 quod
692 830 742 872 me
758 819 883 892 gravat,
899 831 938 872 ac
952 830 1059 891 neque
1073 807 1152 872 licto

150 904 215 967 265
237 903 276 968 ln
292 906 385 990 pejus
401 907 493 972 vultu
508 909 646 992 proponi
662 929 776 973 cereus
791 931 940 992 usquam,

238 1006 312 1070 Nec
327 1031 426 1091 prave
442 1008 536 1073 factis
551 1009 699 1075 decorari
714 1012 862 1074 versibus
878 1022 974 1094 opto:

238 1107 293 1172 Ne
308 1111 441 1174 rubeam
457 1111 571 1195 pingui
587 1111 726 1174 donatur
743 1133 886 1188 munere,
902 1121 1014 1175 etune

239 1210 322 1273 Cum
337 1213 494 1295 scriptore
509 1234 580 1275 meo
596 1235 695 1296 capsa
711 1225 882 1296 porrectus
895 1224 1020 1297 aperta,

239 1310 380 1375 Deferat
395 1313 428 1375 in
444 1313 548 1376 vicum
562 1314 755 1378 vendentem
771 1325 825 1379 tua
840 1327 874 1379 et
889 1316 1019 1391 odores,

152 1411 218 1476 270
240 1411 285 1476 Et
301 1414 405 1497 piper,
421 1425 455 1478 et
469 1414 629 1498 quidquid
645 1415 766 1479 chartis
781 1417 931 1481 amicitur
945 1418 1074 1499 ineptis,

574 1738 813 1804 EPISTOLA
837 1740 881 1804 Il.

500 1969 556 2015 AD
585 1969 744 2016 JULlUlll
777 1969 958 2017 ruoilum.

241 2125 369 2204 Flora,
387 2127 472 2191 bono
488 2127 640 2211 claroque
656 2127 762 2191 fidelis
778 2129 879 2192 amice
895 2129 1033 2204 Neroni,

241 2228 276 2290 Si
292 2231 365 2312 quis
382 2229 465 2294 forte
481 2230 557 2295 velit
573 2249 708 2314 puerum
725 2230 784 2292 tibi
801 2230 940 2294 vendere
956 2240 1066 2292 natum

187 2415 244 2460 258.
269 2413 367 2476 Recipit,
388 2414 500 2470 admittit,
522 2416 582 2465 tradi
603 2417 646 2464 tibi
668 2431 710 2480 pa·
746 2431 803 2464 voce
812 2427 929 2477 primoliu
941 2416 1018 2483 lepida
1030 2416 1109 2480 imago
1121 2416 1305 2475 laterevidetur;

154 2477 219 2525 titur.
745 2479 856 2527 laudatae
867 2495 881 2527 a
891 2480 956 2528 malo
966 2488 1036 2544 poeta
1050 2494 1097 2527 una
1115 2495 1170 2528 cum
1182 2479 1305 2529 laudatore

186 2542 244 2589 259.
263 2541 438 2598 trientinam
450 2543 598 2610 possint,cui
609 2543 712 2593 ferenda
744 2557 789 2591 auo
809 2544 834 2590 in
854 2552 936 2609 aperta
953 2559 1008 2591 arca
1023 2544 1089 2609 jacet
1107 2553 1233 2605 porrectio,
1246 2543 1271 2590 h.
1283 2559 1306 2591 e.

154 2606 215 2654 vires
233 2604 334 2671 impares
351 2608 408 2664 sint,
420 2616 446 2656 ut
464 2624 518 2674 sup.
530 2626 552 2657 ι.
565 2610 622 2665 208,
635 2618 660 2658 et
669 2608 712 2656 inl.
745 2609 852 2656 omnium
864 2610 1012 2673 conspectui,
1024 2616 1129 2673 quantur
1140 2615 1245 2673 quantus
1259 2616 1305 2663 eat,

155 2670 180 2717 in
200 2668 275 2733 Epist.
287 2670 317 2719 ad
335 2672 385 2720 Pis.
397 2674 438 2729 39,
454 2682 475 2721 et
493 2682 579 2721 versare
594 2676 646 2729 diu,
657 2676 713 2737 quid
745 2673 885 2737 expositum
905 2681 929 2721 et
948 2673 1004 2721 hinc
1023 2688 1073 2737 pro,
1092 2683 1179 2735 operto,
1197 2671 1261 2736 quod
1280 2671 1305 2719 in

146 2734 218 2799 serre
229 2745 340 2792 nantoil,
354 2737 416 2789 Quid
428 2742 519 2785 υιιιιαιιι
529 2739 628 2785 itineri.
745 2736 856 2800 pluribue
874 2736 942 2785 editt.
960 2737 1092 2792 exhibetur,
1112 2735 1200 2785 rectius
1218 2735 1242 2783 le
1258 2735 1306 2782 'tur

187 2798 326 2848 aco-270.
343 2801 458 2848 Saluitto·
469 2812 555 2857 autem,
566 2808 623 2849 cett.
654 2802 712 2850 Sen-
745 2812 835 2861 operto,
847 2808 873 2849 ιιι
883 2810 919 2849 est
934 2799 960 2848 in
975 2801 1084 2866 plurimis
1095 2800 1198 2848 Codd.a
1215 2815 1232 2846 n
1260 2799 1306 2846 Fe·

154 2877 212 2911 aue:
230 2861 302 2910 stulta
312 2872 391 2913 autem
407 2873 443 2912 eat
459 2865 564 2913 officiosa
580 2865 626 2913 ista
642 2866 712 2913 redu·
747 2879 802 2925 ειη
820 2880 855 2913 res
866 2865 930 2913 enim
943 2865 1040 2913 inutiles
1051 2872 1076 2913 et
1087 2864 1179 2912 nulline
1193 2815 1241 2912 dere
1255 2877 1307 2910 mo·

155 2926 210 2973 litae
227 2928 292 2991 (nos,
311 2928 536 2992 Zudringllclkeit),
554 2944 604 2993 qua
621 2928 675 2993 quie
691 2929 713 2977 ei
746 2930 820 2977 ruenti
843 2928 899 2993 poni
923 2937 948 2977 et
969 2929 1056 2995 portari
1083 2928 1161 2976 solent
1187 2928 1213 2975 in
1234 2929 1306 2988 copiis

154 3007 220 3053 quem
239 2993 320 3053 diligit
342 2994 454 3056 (patrono
477 2994 534 3053 suo)
555 3008 580 3042 se
599 2992 712 3050 obtrudit,
745 2996 839 3055 oportit.

156 3054 276 3120 precipue
286 3070 341 3103 curn
352 3070 377 3103 se
393 3058 525 3105 carminum
537 3057 712 3121 componendo·
778 3058 836 3104 2⁷0.
854 3057 947 3104 Ctortit
961 3059 1054 3118 ineptis,
1066 3055 1228 3118 significanter
1239 3055 1306 3100 char·

156 3133 208 3166 rum
231 3126 280 3167 arte
305 3120 473 3179 commendat;
502 3130 615 3185 patronus
641 3121 713 3176 enim,
746 3132 774 3169 te
796 3121 909 3169 dicuntur
929 3124 1021 3193 inepta,
1041 3136 1104 3183 que,
1124 3118 1182 3183 quia
1203 3117 1307 3183 ineptias

155 3178 221 3245 quod
231 3182 287 3246 quis
297 3181 451 3232 deridendum
484 3186 577 3251 ropinat
592 3194 617 3234 et
632 3185 712 3249 exagi-
745 3201 801 3235 suas
817 3185 847 3233 iia
863 3183 987 3232 mandant
1002 3184 1082 3231 malus
1098 3191 1177 3248 poeta,
1189 3181 1307 3229 mercibus

156 3255 201 3300 tat,
213 3246 284 3294 citius
296 3248 396 3310 (lucu)
408 3249 498 3314 arripit,
511 3258 535 3297 et
549 3248 672 3297 lubentius
689 3249 713 3296 in
746 3249 887 3299 amiciendia
898 3248 1038 3296 inserviunt.
1067 3250 1130 3296 Sunt
1140 3246 1213 3311 igitur
1222 3246 1307 3293 charte

156 3309 270 3359 memoria
289 3320 363 3367 tenet,
382 3328 454 3376 quam
472 3329 501 3363 ca
518 3328 573 3377 quae
592 3314 715 3378 probat'et
746 3311 904 3376 ineptequod
915 3326 959 3360 noa
970 3326 1092 3368 vocamus,
1104 3312 1250 3359 Maculotur.

157 3374 248 3421 laudat.
282 3377 339 3425 Jam
361 3377 476 3425 Horatius
500 3379 658 3427 Maecenatem
679 3378 716 3425 vel

156 3436 231 3486 alium
244 3447 377 3503 patronum,
389 3441 429 3489 cui
440 3442 541 3491 molesta
554 3450 591 3489 est
601 3441 646 3490 ieta
661 3456 713 3489 car-
913 3440 1084 3489 EPlSl'OLA
1103 3440 1139 3488 11.

156 3502 298 3551 minibusse
312 3504 527 3553 commendantium
542 3505 712 3562 redulitae,lo·
779 3506 912 3567 Postquam
973 3514 997 3553 ta
1016 3520 1031 3552 a
1048 3520 1072 3552 re
1089 3501 1228 3553 rehemione
1246 3501 1309 3551 Julil

155 3574 269 3629 quantem
302 3567 402 3618 inducit.
448 3571 533 3635 Apage
563 3569 714 3619 sedulitatem
747 3568 821 3623 Flori,
831 3568 896 3632 quod
907 3584 932 3615 m
950 3568 967 3615 il
980 3569 1059 3616 adhuc
1070 3520 1307 3617 litterarumadeum

155 3630 301 3695 istamque
313 3632 481 3682 mihimoleata
491 3642 542 3693 eet;
558 3634 649 3697 utiego
665 3648 714 3681 non
746 3632 867 3696 scripserit
884 3646 910 3680 ee
945 3633 1047 3696 urgelit,
1061 3639 1087 3679 et
1102 3645 1188 3679 causae
1205 3645 1235 3678 ex
1252 3630 1307 3693 qui-

155 3694 223 3742 vultu
234 3694 363 3760 depravato
376 3697 402 3745 in
413 3712 468 3746 cera
480 3697 560 3761 affingi
572 3705 596 3745 et
606 3696 713 3762 proponi,
747 3696 803 3753 bus,
815 3695 897 3744 relicto
908 3648 980 3759 plina
1099 3696 1187 3750 studio,
1200 3693 1272 3742 unice
1281 3694 1308 3766 ia

155 3758 521 3824 itanecpraval'actievereibue
530 3761 713 3817 celebrarivolo,
746 3769 866 3825 posterum
883 3759 977 3824 philoao
1010 3758 1040 3807 ie
1057 3774 1152 3823 operam
1169 3756 1307 3814 durarent,

156 3838 187 3871 ne
198 3822 301 3873 donatus
313 3827 414 3888 (pingui
423 3828 533 3888 munim)
544 3825 649 3874 carmine
661 3826 713 3889 pin·
746 3823 872 3898 exposuit3
894 3831 1022 3888 precepta,
1033 3840 1089 3887 qma
1100 3838 1145 3871 noa
1155 3820 1274 3887 sapienter
1284 3828 1309 3868 et

156 3886 199 3949 goi
210 3887 322 3936 Minerva
339 3889 410 3943 iacto,
423 3906 470 3938 rem
489 3890 624 3955 pudendam
642 3904 712 3954 expe·
747 3888 848 3937 feliciter
858 3886 938 3935 vivere
948 3886 1059 3942 doceant,
1070 3884 1191 3951 adspergit
1201 3883 1307 3957 calaber-

156 3950 448 4017 riar‚etiaarcaaperta
462 3962 582 4019 porrectus
597 3968 644 4001 una
660 3968 715 4001 cum
748 3952 817 4000 n'ma.
851 3952 912 3999 Hac
926 3950 1078 4014 Epistola,in
1092 3965 1141 4013 qua
1156 3962 1251 4021 egregie
1266 3962 1307 4022 er-

156 4024 227 4079 poeta
237 4032 290 4063 meo
301 4016 391 4065 delerat
402 4017 427 4065 in
438 4019 527 4076 vicum,
540 4017 581 4066 ubi
595 4020 620 4066 in
637 4018 715 4066 teber-
765 4032 830 4064 ressa
846 4023 883 4063 eat
897 4014 956 4063 ratio
972 4029 1021 4077 qua
1037 4014 1068 4062 ad
1087 4029 1112 4062 ee
1129 4015 1231 4060 invrcem
1250 4026 1309 4058 scn-

158 4080 197 4127 nie
219 4080 394 4143 (Kromliidca)
416 4082 551 4131 venduntur
574 4091 612 4130 tua
634 4090 658 4130 et
680 4097 717 4130 rea
780 4096 804 4129 re
815 4079 894 4127 colent
902 4078 1143 4133 lamrlranmrmrmon
1155 4075 1206 4123 aine
1217 4089 1310 4122 summa

156 4143 287 4197 odorifera.
299 4153 324 4193 et
340 4146 415 4210 piper,
427 4154 452 4194 et
466 4145 586 4220 quidquid
603 4145 717 4195 mercium
749 4144 872 4209 voluptate
891 4142 938 4205 legi
961 4149 1046 4206 potest.
1080 4140 1183 4213 Mirifice
1201 4138 1309 4204 inprimis

156 4207 247 4256 charas
258 4207 382 4261 inutilibus
392 4210 530 4260 involvitur.
750 4208 855 4258 delectat
886 4206 1012 4271 descriptio
1043 4219 1177 4268 mangonis,
1203 4217 1308 4259 cervum,

189 4273 248 4321 260.
265 4272 350 4329 Stulte,
362 4290 410 4322 non
428 4274 457 4323 ad
474 4278 563 4338 diligit,
575 4274 616 4324 ted
632 4274 662 4323 ad
679 4292 719 4321 ar·
751 4288 823 4337 quern
844 4271 982 4320 vendituros
1003 4279 1048 4324 eat,
1068 4276 1224 4317 mercatorum
1246 4280 1310 4314 more

154 4344 194 4399 gat
212 4336 359 4385 referendum
371 4338 464 4389 videtur
475 4358 481 4399 ;
499 4340 568 4405 pomi
582 4339 653 4403 igitur
665 4346 718 4405 post
750 4336 871 4386 verbosius
881 4334 963 4383 emtori
974 4331 1176 4390 commendantis,
1192 4338 1244 4378 tum
1254 4345 1309 4377 nar·

156 4402 227 4447 stulte
235 4400 412 4451 distinctionem
424 4404 547 4453 minorem.
750 4401 810 4449 ratio
828 4401 857 4449 dc
874 4400 949 4449 milite
966 4398 1078 4472 quodam,
1094 4396 1146 4471 qul.
1162 4402 1309 4467 curnnoctu

190 4466 248 4512 268.
267 4465 400 4515 Pometia:
420 4483 468 4515 non
479 4468 542 4517 male
555 4468 611 4517 Vel.
626 4468 718 4526 Schol.,
751 4466 816 4514 omni
828 4464 931 4530 ρεοιιιιίιι
943 4469 1049 4529 privatus
1058 4461 1089 4510 de
1103 4469 1195 4533 integro
1210 4458 1256 4505 mbr
1267 4473 1309 4523 pa·

155 4531 223 4599 quari
241 4540 345 4578 mortum
365 4533 391 4578 iu
405 4532 506 4597 feretro.
545 4532 592 4581 Sed
613 4532 671 4580 mihi
693 4531 718 4579 in
752 4538 818 4581 rarat
837 4529 901 4581 unde
915 4528 1014 4585 viveret,
1027 4525 1097 4575 nulla
1113 4523 1201 4577 deinde
1221 4522 1308 4572 adhor-
