3150 5200
578 345 810 412 CARMEN
837 349 868 411 9.

324 501 361 564 Io
376 499 575 584 Triumphe!
602 510 637 562 tu
652 500 787 561 moraris
803 520 921 562 aureos

455 601 591 682 Currus,
607 611 640 664 et
655 601 794 663 intectas
809 601 927 676 boves3

324 704 361 767 Io
375 702 575 787 Triumphe!
599 724 659 765 nec
673 700 877 784 «Iugurthino
892 724 1002 785 parem

453 801 547 868 Bello
562 804 737 886 reportasti
752 803 869 867 ducem
881 830 890 881 3

261 909 304 970 25
324 907 445 990 Neque
461 903 663 982 Africanum,
680 905 733 969 cui
749 927 849 989 super
864 905 1094 990 Carthaginem
1121 893 1124 900 ¹

455 1007 572 1072 Virtus
588 1006 772 1091 sepulcrum
787 1006 944 1070 condidit.

325 1110 432 1176 Terra
446 1111 590 1192 murique
606 1109 710 1173 victus
725 1108 842 1184 hostis,
860 1107 985 1174 Punico

457 1211 616 1295 Lugubre
630 1211 766 1273 mutavit
783 1233 905 1294 sogum.

328 1311 399 1376 Aut
413 1313 466 1377 ille
482 1322 611 1377 centurn
625 1310 766 1376 nobilem
780 1311 913 1376 Cretam
927 1313 1075 1390 urbibus,

264 1415 307 1478 30
457 1413 574 1478 Ventis
590 1414 694 1478 iturus
710 1436 774 1476 non
792 1415 877 1491 suis;

329 1513 538 1580 Exercitatas
554 1527 610 1581 aut
623 1517 706 1600 petit
722 1515 836 1600 Syrtes
852 1517 955 1593 Noto,

460 1614 530 1681 Aut
545 1617 648 1682 fertur
663 1618 788 1681 incerto
803 1619 893 1681 meri.

332 1718 528 1803 Capaciores
544 1718 626 1783 affer
640 1717 716 1794 hue,
733 1741 827 1802 puer,
842 1719 994 1802 scyphos,

462 1821 508 1885 Et
524 1821 608 1884 Chio
622 1821 707 1897 vinu,
723 1831 780 1883 aut
796 1820 936 1898 Lesbia3

157 2027 188 2060 ex
207 2009 331 2058 Plutarch.
343 2009 368 2056 in
388 2009 478 2057 Anton.
490 2024 514 2073 p.
528 2009 577 2057 ³45
592 2006 716 2056 discimus.
788 2009 894 2056 21-26.
924 2009 949 2058 io
977 2009 1120 2073 Triumpho!
1152 2009 1309 2077 Triumphum

158 2074 269 2138 interque
278 2077 345 2137 signo
356 2083 423 2134 torpe
434 2074 549 2120 militaris
566 2073 604 2119 Sol
618 2074 650 2119 od
677 2074 718 2119 icit
750 2077 866 2135 tanquam
878 2073 958 2121 Deum
972 2089 987 2121 s
1003 2075 1086 2147 pellat,
1098 2075 1169 2140 sique
1179 2091 1251 2125 mern
1264 2077 1310 2124 irn-

157 2143 286 2200 oouopiom.
300 2146 323 2186 et
339 2137 389 2191 Sol,
404 2135 507 2185 nefando
520 2151 624 2209 querque
638 2088 718 2199 περὶ·
751 2135 890 2208 potientium
896 2146 921 2185 et
929 2138 986 2203 cupi
1011 2140 1310 2205 tnemsuanqusspten-

158 2201 234 2259 ciens,
247 2200 350 2266 adspicit
365 2201 426 2249 inter
441 2201 510 2264 signs
524 2200 635 2248 militena
651 2207 719 2264 turpe
751 2199 877 2254 didusrmi,
888 2216 930 2266 per
948 2217 1020 2267 quom
1032 2204 1156 2266 Augustus
1174 2204 1256 2251 urbam
1273 2203 1311 2251 in.

159 2265 268 2316 mollitiei
285 2265 381 2328 signum
395 2265 532 2329 conopinm,
544 2279 586 2329 pro
603 2263 678 2320 tenui,
696 2270 721 2311 et
834 2279 874 2311 rus
890 2266 931 2320 sit,
943 2266 1056 2331 triumphi
1073 2267 1210 2331 spectaculo
1227 2266 1311 2324 inhiet,

159 2329 302 2394 intersigna
312 2328 422 2378 militaris
431 2329 558 2395 conopium
570 2327 718 2375 animadver-
768 2327 867 2376 selant.
900 2332 986 2378 Aoreos
993 2347 1084 2388 currus,
1095 2345 1125 2379 ex
1132 2333 1202 2380 ebore
1212 2332 1277 2379 enim
1288 2341 1313 2380 et

159 2403 209 2443 tere
219 2393 285 2442 licet.
319 2394 443 2456 Conrpium
454 2401 479 2441 et
488 2408 618 2454 conopeum,
630 2390 719 2450 velum,
752 2406 811 2440 euro
816 2394 947 2442 constructi
953 2394 1049 2442 fuerunt
1054 2410 1138 2443 eunus
1143 2395 1311 2460 triumphales:

160 2473 210 2522 quo
223 2457 331 2522 AEgyptii
342 2457 372 2505 ad
387 2456 502 2505 arcendos
515 2455 605 2504 culices
620 2455 720 2504 utebon·
753 2455 783 2503 de
801 2473 860 2503 soro
879 2456 962 2505 laudat
982 2459 1134 2522 Boettigerus
1153 2458 1268 2508 Philostr.
1286 2459 1312 2508 in

161 2531 215 2570 tur:
233 2522 282 2570 vid.
293 2523 438 2587 interpretes
452 2529 476 2569 et
486 2522 586 2571 Jacobs.
598 2520 623 2568 in
634 2519 720 2567 Anim-
755 2519 808 2568 Vit.
820 2520 925 2585 Sophist.
935 2522 953 2577 i,
964 2523 988 2580 t,
1001 2540 1026 2595 p.
1038 2525 1095 2572 488.
1124 2522 1313 2572 Irttoctosbones:

161 2586 258 2635 ednod
269 2586 372 2635 Anthol.
381 2586 517 2635 Graecmol.
527 2585 562 2641 iii,
571 2602 595 2649 p.
604 2583 621 2640 i,
631 2601 656 2650 p.
665 2585 720 2635 105.
754 2583 861 2634 solemne
876 2585 933 2635 Jovi
949 2587 1085 2653 Capitolino
1099 2588 1130 2636 sb
1145 2588 1256 2649 Augusto
1270 2587 1312 2637 tri-

197 2654 301 2700 17-20.
320 2653 356 2699 Ad
372 2652 413 2698 hoo
421 2650 557 2716 frementes,
573 2650 604 2697 ob
621 2648 666 2697 hoc
684 2650 721 2697 in·
754 2649 885 2714 umpbauto
895 2650 1066 2700 instituendum
1083 2651 1236 2708 sacrificium,
1247 2668 1313 2701 mse-

162 2716 309 2779 dignantes3
337 2718 367 2763 od
394 2730 445 2780 pro,
470 2715 509 2768 ob,
533 2722 643 2779 propter:
672 2713 722 2761 vid.
755 2713 828 2761 tundo
842 2729 928 2779 nempe
940 2719 1003 2764 boves
1017 2719 1125 2773 intortos,
1136 2716 1161 2762 h.
1172 2732 1194 2764 s.
1207 2716 1313 2765 nondum

163 2780 247 2829 Bentl.
263 2780 306 2828 ini.
325 2779 356 2828 sd
375 2780 425 2827 Sat.
438 2778 455 2834 i,
467 2780 491 2834 6,
503 2779 544 2835 87,
555 2787 579 2826 et
598 2778 721 2825 Drakenb.
753 2777 839 2842 jugum
851 2794 941 2843 posses,
953 2788 980 2827 ut
991 2796 1043 2827 mos
1052 2789 1077 2828 et
1091 2782 1150 2828 ritus
1162 2781 1312 2845 postulabat:

163 2844 260 2894 deiv.
270 2844 360 2899 xxxvii,
371 2843 476 2904 27,§6,
489 2844 518 2890 T.
530 2842 563 2898 iv,
575 2858 599 2907 p.
611 2842 653 2889 60.
681 2842 722 2891 Bis
757 2841 826 2905 Virg.
856 2844 919 2891 Geo.
947 2842 980 2900 iv,
1011 2846 1069 2900 540,
1098 2848 1198 2892 intactos
1229 2847 1316 2892 servios

164 2911 227 2957 mille
245 2909 313 2957 Gattt
329 2924 395 2970 equos
412 2916 539 2962 verterunt,
558 2906 615 2954 h.e.
632 2915 721 2955 averte-
747 2908 871 2966 juvencas.
915 2908 965 2955 Nec
984 2908 1130 2969 Jugurtbirso
1149 2925 1229 2970 parem
1250 2908 1317 2956 Brito

164 2982 228 3030 runt,
252 2973 283 3021 ab
308 2970 414 3022 Antonio
434 2970 592 3029 deiecerunt;
620 2980 724 3019 canentes
755 2974 878 3032 reportasti
892 2973 971 3019 ducem
981 2990 990 3029 ,-
1009 2972 1088 3034 Neque
1098 2972 1246 3036 Africanum,
1258 2980 1315 3020 cett.

167 3038 286 3094 cesorum,
299 3037 419 3086 Caessrem
434 3035 525 3083 salvere
533 3034 652 3098 jubentes,
664 3034 688 3082 h.
701 3050 724 3083 e.
757 3050 801 3083 nec
814 3035 894 3082 Mario
904 3034 935 3083 de
945 3035 1008 3083 victo
1017 3036 1032 3084 J
1035 3035 1146 3099 ugurtha,
1156 3050 1200 3083 neo
1209 3034 1317 3100 Scipioni

164 3100 196 3149 sd
205 3103 323 3150 Caesarem
336 3107 499 3157 transeuntes,
515 3098 642 3146 consilium
653 3097 726 3161 igitur
759 3097 874 3146 Africano
882 3099 912 3147 de
921 3114 1003 3147 eversa
1010 3098 1155 3162 Carthagine
1165 3099 1226 3147 tanti
1235 3098 1316 3164 splen-

164 3164 236 3221 iliud,
252 3181 300 3231 qno
316 3164 388 3229 poulo
405 3172 461 3211 ante
478 3178 583 3228 pugnarn
600 3162 725 3212 Actiacum
758 3160 823 3210 doris
841 3162 975 3228 triumphus
996 3163 1105 3226 contigit,
1129 3162 1154 3210 h.
1169 3179 1192 3211 e.
1213 3163 1318 3225 Augusti

165 3228 214 3278 duo
227 3230 431 3293 Gallograecorum
446 3243 466 3274 s.
484 3226 626 3275 Galatarum
641 3225 724 3282 duces,
758 3226 835 3288 glosis
845 3227 960 3282 omniurn,
970 3227 1127 3292 quiunquam
1135 3226 1318 3292 triumpharunt,

167 3292 296 3341 Deiotarus
304 3302 328 3341 et
336 3294 463 3356 Amyntas,
473 3290 503 3339 nd
513 3290 671 3339 Octavianum
683 3290 724 3339 de·
757 3289 858 3351 glorium
875 3299 978 3356 superet.
1013 3291 1058 3339 Cui
1073 3308 1142 3354 super
1153 3292 1318 3355 Corthogirsem

166 3354 455 3417 iecissetrsduntur(vid.
464 3355 587 3403 Plutarch.
597 3354 622 3401 in
634 3355 726 3402 Anton.
762 3355 843 3401 Virtus
867 3357 996 3416 sepulcrum
1019 3358 1131 3404 cordidit.
1175 3355 1216 3404 Ad
1237 3354 1318 3417 glorio

185 3422 262 3476 .945,
273 3430 297 3469 et
309 3421 375 3471 Vell.
387 3418 413 3476 ii,
424 3420 481 3481 84),
493 3419 555 3467 saise
567 3427 636 3483 poeta
652 3433 667 3465 a
683 3418 725 3475 rei,
759 3418 923 3476 aeternitatem,
934 3434 1007 3483 qusnr
1023 3420 1109 3468 virtute
1124 3435 1168 3469 sua
1185 3419 1231 3468 sibi
1248 3434 1318 3484 pora-

195 3484 505 3539 omanisinbonestissimoe,
515 3482 679 3547 indignatione
690 3498 725 3530 re-
758 3480 819 3529 rerit
838 3482 929 3547 Scipio,
945 3484 1127 3547 significandam
1145 3484 1249 3532 suaviter
1266 3482 1320 3549 ipss

168 3550 237 3613 petit.
270 3549 438 3611 Hostiliumqoe
456 3550 551 3595 navium
566 3549 728 3609 portularent
761 3545 855 3602 Virtus,
872 3556 900 3595 ut
922 3548 985 3603 Des,
1005 3550 1140 3614 sepulcrum
1162 3548 1213 3597 sive
1234 3563 1319 3595 monu-

170 3614 262 3674 Pappa
274 3617 429 3661 sinistrorsum
445 3614 503 3667 cite,
515 3612 540 3658 h.
551 3627 573 3659 e.
586 3620 612 3659 ut
624 3610 728 3674 Boettig.
760 3617 867 3657 mentum
889 3627 961 3676 super
985 3612 1155 3677 Carthaginem
1177 3611 1321 3661 exstruxisse

169 3676 235 3725 hunc
252 3677 332 3725 iocum
349 3677 421 3741 poulo
436 3674 607 3740 impeditiorem
619 3674 729 3739 expedire
760 3674 866 3738 fingitur.

168 3741 272 3797 studuit,
289 3751 313 3790 et
330 3756 384 3805 pars
395 3739 492 3788 narium
502 3738 624 3787 hostilium
632 3738 728 3804 perfide,
794 3739 902 3787 27-32.
927 3740 1017 3787 Punico
1036 3740 1148 3805 Lugubre
1167 3743 1265 3788 mutavit
1282 3758 1320 3789 so·

171 3804 228 3853 durn
245 3808 433 3871 pugnabatur,a
450 3803 546 3851 sinistra
564 3812 629 3868 porte
644 3811 729 3851 retror-
759 3820 826 3870 gum,
848 3803 943 3852 inversa
964 3804 1141 3852 constructione
1166 3818 1216 3869 pro,
1236 3818 1320 3867 sagum

171 3885 224 3917 sum
235 3878 351 3927 acturum,
363 3868 388 3915 in
401 3876 469 3934 portu
481 3867 565 3915 latent.
593 3869 728 3929 Puppescr'·
762 3867 891 3931 puniceum
910 3867 960 3915 sive
996 3883 1122 3932 urpureum
1145 3867 1321 3915 mauriscum

172 3945 214 3982 trs.-
230 3951 329 3997 puppem
344 3936 403 3981 ciere
420 3932 554 3997 (πρύμναν
571 3931 729 3996 κρούσασθαι,
761 3940 827 3980 veste
854 3930 958 3987 sordide,
979 3884 1007 3977 b.
1029 3947 1051 3979 e.
1074 3944 1194 4005 purpureo
1216 3930 1321 4003 paludu-

173 3998 228 4046 Lat.
244 4002 312 4045 remis
329 3998 445 4059 inhibere)
457 3995 576 4053 dicuntur,
588 3996 630 4059 qui
644 3994 674 4043 sd
693 3995 729 4042 iu·
763 4004 852 4051 mento,
870 3994 1019 4059 imperatoris
1036 3994 1172 4058 insrgui,de
1215 4002 1257 4049 rto,
1268 4008 1321 4042 ves-

173 4076 228 4124 gam
246 4062 284 4110 vel
302 4060 458 4111 deiectionem
477 4059 681 4116 dissimulandam,
699 4060 733 4107 ita
764 4068 821 4114 tem,
838 4075 893 4122 quse
909 4066 1024 4106 mutatam
1040 4067 1126 4106 sortem
1141 4057 1167 4105 in
1185 4058 1266 4113 'caret
1284 4056 1321 4105 in-

174 4142 259 4174 novem
271 4134 331 4175 retro
342 4132 425 4185 agunt,
438 4132 466 4196 ut
476 4123 569 4173 inverso
580 4140 652 4173 cursu
664 4140 733 4187 prora
764 4123 825 4197 duit.
868 4124 974 4196 Centumu
983 4124 1080 4170 nobilem
1103 4122 1195 4213 Crsrtom
1213 4122 1323 4197 urbibus.-

173 4196 733 4309 tttttut?„titttttttnfittttt
765 4186 815 4299 {ti
830 4185 1044 4315 ,institnit
1057 4184 1323 4307 inbutis

174 4326 242 4383 portu
255 4317 279 4365 in
291 4318 367 4365 altum
376 4325 466 4373 evecta,
478 4316 625 4367 dextrorsum
637 4316 733 4365 Italiam
765 4332 815 4365 roos
833 4317 930 4362 bobum
946 4317 1009 4363 deos:
1027 4316 1059 4363 cs.
1069 4330 1123 4379 sup.
1136 4313 1166 4362 od
1184 4314 1217 4368 iv,
1231 4314 1269 4368 14,
1281 4314 1323 4361 ³³.

174 4397 255 4430 versus
265 4382 328 4431 acies
335 4381 478 4446 explicanda
485 4389 555 4438 esset,
564 4396 637 4429 noves
644 4398 731 4445 pugno
766 4380 826 4428 Noto
841 4382 984 4435 uastatos,
1002 4379 1028 4427 h.
1040 4394 1063 4427 e.
1078 4380 1144 4427 Noto
1161 4386 1270 4427 vexatos:
1290 4377 1324 4425 cs.

173 4462 199 4494 se
218 4444 371 4494 subducturae
387 4445 546 4495 sinistrorsum
562 4445 586 4493 in
601 4454 694 4511 portum
706 4460 733 4493 se
764 4460 819 4508 sup.
830 4442 861 4493 sd
871 4442 889 4499 i,
901 4445 943 4501 22,
955 4446 980 4492 5.

173 4510 417 4577 resiperedebebant.
803 4509 916 4557 33-38.
945 4509 1079 4571 Crpooiores
1098 4507 1158 4572 offer
1180 4509 1232 4565 huc,
1255 4521 1324 4568 puer,
