3150 5200
549 342 715 409 LIBER
740 342 785 420 ll,
809 343 840 406 4.

140 497 185 561 45
208 498 358 562 Piscibus
372 508 470 580 atque
485 496 600 561 nvibus
615 517 689 579 quse
704 506 822 559 natura
836 505 870 558 et
884 493 970 557 foret
983 504 1075 567 aetns,

208 597 297 663 Ante
312 620 418 663 mcum
432 597 512 661 nulli
526 599 632 682 putuit
647 598 785 681 quaesitu
799 595 955 680 palatum.

208 700 303 777 Sunt,
317 722 455 785 quorum
470 700 635 784 ingenium
650 721 733 763 nors
748 708 874 762 tuntum
888 696 1034 762 crustulo
1048 696 1177 781 promit.

209 802 426 887 Nequaquam
442 803 521 866 sutis
536 802 569 865 in
583 822 619 865 re
635 823 700 865 uns
715 822 907 865 consumere
921 821 1049 864 curam:

211 904 259 967 Ut
274 906 302 969 si
315 907 389 991 quis
405 904 508 969 solum
523 903 598 980 hoc,
612 902 696 966 malo
712 925 752 966 ne
768 904 834 966 sint
847 903 933 979 vine,
948 901 1086 976 laboret,

145 1004 189 1067 50
212 1004 311 1078 Quali
325 1006 504 1091 perfundat
517 1006 625 1091 pisces
641 1026 775 1070 securus
793 1004 888 1069 olivo.

212 1105 357 1172 Massica
371 1110 399 1173 si
414 1107 497 1174 coelo
512 1128 678 1192 suppones
690 1107 764 1171 vina
779 1127 906 1181 sereno,

212 1206 395 1285 Nocturna,
412 1211 438 1273 si
454 1210 534 1294 quid
549 1210 651 1273 crassi
665 1219 727 1285 est,
741 1209 930 1273 tenuabitur
944 1228 1034 1282 sura,

213 1310 260 1373 Et
275 1311 413 1377 decedet
428 1314 510 1377 odor
525 1312 631 1376 nervis
647 1311 813 1387 inimicum
837 1321 872 1374 at
886 1309 941 1374 illa

213 1411 381 1496 Integrum
397 1414 540 1497 perdunt
554 1412 621 1477 lino
635 1412 747 1475 vitiata
762 1434 922 1495 saporem.

149 1514 192 1577 55
215 1512 408 1579 Surrentina
422 1514 511 1581 vafer
524 1516 581 1599 qui
596 1514 709 1579 miscet
724 1512 804 1577 saece
819 1512 959 1577 Falerna

216 1614 315 1693 Vina,
330 1615 514 1682 columbino
529 1616 639 1680 limum
653 1617 738 1681 bene
752 1614 877 1698 colligit
891 1636 972 1691 ovo;

217 1716 390 1789 Quatenus
406 1719 468 1782 ima
481 1720 565 1803 petit
579 1718 710 1782 volvens
726 1716 831 1781 alienu
846 1714 984 1779 vitellus.

217 1818 330 1883 Tostis
345 1832 540 1885 marcentem
556 1819 680 1903 squillis
697 1819 859 1883 recreabis
875 1829 909 1882 et
923 1818 1008 1882 Afra

218 1920 372 1985 Potorem
387 1920 537 2001 cochlea;
560 1945 634 1986 nam
646 1921 774 1985 lactuca
788 1921 913 1983 innatat
926 1920 994 1985 scri

151 2024 196 2087 60
217 2022 299 2088 Post
314 2025 422 2087 vinum
438 2024 621 2089 stomacho:
646 2045 747 2107 perna
761 2024 865 2106 magis
880 2044 919 2085 nc
933 2022 1036 2106 magis
1051 2022 1138 2086 billis

131 2212 215 2273 quibus
229 2212 283 2259 ssss'r
293 2210 433 2275 languidus
450 2212 476 2257 in
492 2212 597 2259 cubitum
603 2214 657 2273 jam
668 2226 691 2258 se
722 2209 761 2257 vel
772 2216 826 2273 post
835 2226 893 2265 uns,
904 2208 944 2258 rel
958 2208 984 2256 in
999 2209 1046 2258 fine
1055 2224 1139 2258 versus
1154 2209 1222 2257 locus
1237 2206 1280 2256 sd·

131 2277 227 2323 moiun
237 2285 337 2349 rqunst,
349 2289 432 2324 versus
445 2272 638 2349 elegantissimus
644 2292 652 2348 3
667 2282 692 2323 et
723 2272 812 2337 signzri
854 2280 909 2322 test.
950 2336 956 2347 .
977 2337 981 2346 Ι

132 2337 692 2467 ἓᾞᾋρΐξῖἓέἓὲἕὲἒᾝιὲῗὲ
756 2338 799 2449 tl:
816 2337 1165 2467 nffliiffll'ffi'ti.
1176 2401 1194 2458 i,
1208 2402 1232 2458 1,
1242 2402 1283 2449 o.

133 2476 188 2516 turs
204 2484 227 2515 se
242 2484 351 2530 ruperim
367 2469 520 2525 incubitum,
536 2467 597 2516 levo
614 2466 694 2518 cubito
758 2467 800 2514 tt.
819 2465 916 2522 Vitiata,
933 2465 1095 2530 signiticunter
1112 2482 1164 2541 pro,
1183 2464 1285 2529 liqnuts,

134 2530 160 2579 in
171 2531 378 2598 pulvinsriposito
390 2531 549 2581 sdedendum
560 2546 586 2581 se
597 2546 694 2600 compo·
726 2529 857 2586 destillsts,
875 2530 1003 2596 percolstn,
1022 2530 1081 2598 quis
1098 2544 1162 2587 nos,
1180 2528 1238 2578 dnm
1256 2529 1286 2576 li·

135 2595 275 2658 nere;binc
286 2613 339 2663 sup.
351 2595 401 2646 Od.
412 2595 429 2654 i,
438 2598 479 2655 27,
491 2599 516 2655 8,
529 2598 562 2646 Et
571 2601 648 2647 cubito
657 2613 694 2646 rr·
728 2603 833 2660 quantur
857 2611 900 2661 per
926 2594 1017 2645 lineum
1044 2595 1177 2652 succulum
1203 2596 1288 2644 sitim

136 2671 225 2710 manete
234 2677 317 2724 prsssu.
728 2660 836 2708 trabunt.

168 2727 211 2774 40.
229 2725 244 2773 l
256 2729 262 2738 '
325 2725 442 2791 (ilignes)
451 2727 548 2788 glande,
559 2725 622 2776 ilicis
640 2727 698 2790 (dur
761 2727 803 2774 55.
828 2724 1074 2781 Surrsstisse-Vinu,
1096 2732 1154 2773 nsts
1174 2722 1201 2772 in
1219 2723 1287 2789 jugis

136 2790 265 2838 Stselisisls
283 2823 290 2836 .
746 2804 801 2853 rope
818 2803 834 2835 o
850 2787 932 2854 pidum
950 2790 1089 2837 Surrentum
1106 2788 1285 2854 inGsmpsnis.

170 2855 212 2902 41.
227 2853 323 2910 θυι-νει,
334 2853 435 2919 pondere
446 2852 698 2920 grsretetdeprimnt‚
730 2805 814 2902 behor.
848 2869 911 2917 tuq„
922 2854 1062 2901 Surrentino
1072 2855 1231 2908 debiturum,
1242 2853 1289 2900 Fu·

155 2933 190 2974 ro,
208 2916 316 2984 implent.
349 2917 522 2974 Vitnntis,e'us
538 2919 582 2982 qui
598 2928 699 2968 recuset.
730 2919 799 2964 terno
818 2921 883 2966 seru
901 2926 924 2964 st
942 2920 1036 2966 rotustu
1058 2917 1143 2980 (tortis
1162 2915 1242 2981 potius
1263 2926 1291 2965 ut

138 2933 491 3048 iul
592 2982 697 3048 n,
730 2982 820 3094 [ἐς.
833 2981 1292 3106 ψ...

172 3111 215 3158 42.
232 3111 341 3175 Pinguis,
353 3111 485 3173 saginatus.
725 3061 792 3175 ,lion
834 3113 910 3158 stioru
926 3121 949 3159 ct
963 3111 1050 3158 mollis.
1087 3107 1291 3174 Vasrr,prudens‚

172 3175 215 3223 ⁴³.
231 3175 361 3232 submittit,
387 3173 515 3241 cupiendus
543 3175 619 3234 offert,
642 3191 698 3240 sug·
732 3173 798 3240 provi
815 3189 853 3222 us.

140 3238 211 3302 gerit.
764 3239 806 3294 66,
825 3239 865 3287 ⁶7.
884 3239 1017 3287 Colunrbino
1039 3239 1128 3292 lissum,
1147 3245 1221 3284 cett:
1248 3249 1293 3284 ovo

174 3303 217 3350 44.
233 3301 335 3364 sapum,
363 3301 493 3352 subtilioris
518 3303 593 3368 pslsti
619 3304 700 3359 bomo,
732 3303 871 3351 columbino
886 3302 1102 3368 injecto(linsuns)
1119 3299 1212 3349 sordens
1228 3299 1294 3349 letis

142 3366 201 3416 boni
222 3367 314 3433 saporis
334 3366 407 3432 probe
430 3381 525 3428 gnsrus.
563 3368 701 3424 sectabitur,
733 3366 820 3430 (bene)
835 3367 899 3415 bono
915 3376 1002 3416 eventu
1017 3369 1071 3414 cotti
1092 3370 1143 3413 'tet
1158 3366 1294 3425 cuntrsbit;

141 3439 247 3497 sppstst.
279 3435 374 3480 Arnus:
391 3430 499 3496 intellige
514 3447 609 3480 csrnem
628 3447 702 3496 quum
735 3431 898 3494 (Quatenus),
921 3383 1117 3496 qundoqsirigm
1138 3431 1232 3480 citellus
1257 3432 1296 3480 ovi

141 3495 212 3561 lepus
231 3495 288 3544 inde
306 3510 322 3543 s
340 3493 409 3544 dorso
426 3497 464 3544 vel
484 3495 554 3561 spins
574 3511 651 3560 nsque
672 3496 702 3545 sd
736 3495 868 3544 columbini
879 3496 1082 3558 (autumatione)
1095 3509 1133 3550 es,
1162 3510 1201 3543 ue
1213 3495 1296 3544 vinum

142 3559 239 3608 lumbos
249 3559 329 3609 habet.
737 3558 858 3608 turbidum
878 3558 989 3616 reddunt,
1009 3575 1091 3608 secum
1165 3574 1219 3615 ens,
1236 3562 1297 3624 (insu

178 3625 219 3681 ts,
237 3624 279 3672 46.
308 3624 412 3672 Piscibus
437 3634 505 3698 utque
530 3627 618 3680 αυίὁιιε,
647 3631 705 3674 cett.
736 3627 808 3686 petit)
823 3622 1037 3672 adimsdelertur.
1282 3665 1285 3671 .

143 3688 225 3751 qunlis
242 3697 305 3738 esset
320 3686 422 3753 piscium
434 3703 563 3752 ursumque
579 3696 664 3738 nature
681 3697 705 3736 et
770 3690 812 3736 58.
831 3687 971 3736 Marcentes·
987 3699 1100 3749 potorem:
1114 3687 1172 3735 vino
1188 3687 1297 3753 cibisque

144 3752 282 3808 bonitss,et
289 3766 338 3816 qus
349 3759 418 3800 etate
428 3752 545 3817 cujusque
555 3767 611 3800 caro
619 3751 707 3818 optime
739 3753 892 3812 contectum
909 3752 968 3807 siue,
980 3752 1133 3816 languentem
1205 3752 1237 3800 ris
1248 3762 1297 3801 sto·

144 3815 285 3881 superstiti
303 3815 396 3865 nullius
412 3824 467 3864 unte
478 3833 516 3864 me
528 3816 610 3890 pelato
625 3817 705 3881 explo·
740 3816 860 3864 maehum.
896 3817 1008 3880 squillis:
1030 3815 1147 3864 exilisse
1185 3816 1299 3880 longioris

145 3889 224 3929 sutum
239 3889 285 3935 est,
297 3880 355 3936 sive,
366 3879 391 3929 id
405 3896 447 3945 pro
461 3880 534 3946 pulsu
550 3881 598 3929 mei
613 3879 706 3929 subtili·
740 3879 845 3945 corporis
860 3881 954 3928 cencris
970 3879 1066 3929 morinis
1089 3882 1183 3942 (ωηατ
1204 3882 1298 3943 squilla,

146 3952 196 3994 tute
214 3943 303 4010 primus
314 3943 396 3993 docui.
429 3945 490 3992 Ante
502 3963 575 3994 meum
586 3947 707 4007 polutum.-
741 3944 815 3992 Linn.
826 3959 878 3999 nos,
892 3945 1013 4002 Gornesls,
1024 3944 1061 3993 vel
1075 3945 1202 4005 Grunute).

146 4007 226 4073 lepide
237 4024 287 4082 pro,
298 4017 354 4057 ente
368 4025 406 4058 ms
420 4024 509 4057 norum
523 4023 631 4058 merum
646 4009 709 4058 bene
772 4009 814 4056 59.
831 4008 915 4056 Orstio
942 4008 1046 4057 cohaeset
1071 4008 1126 4056 sic:
1154 4007 1248 4072 squillis
1275 4017 1301 4056 et

145 4071 291 4137 sapientium
301 4071 448 4138 magistrum.
740 4071 846 4121 cochleis
856 4073 974 4120 recreabis
983 4081 1128 4121 marcentem
1139 4072 1299 4129 stomachum,

182 4138 223 4186 47.
252 4137 323 4192 Sunt,
344 4154 440 4200 quorum
462 4139 619 4201 ingenium—
654 4141 708 4186 nnis
741 4137 1024 4196 nonlsctncs31sctucs
1037 4136 1111 4201 igitur
1119 4134 1165 4184 tibi
1177 4135 1300 4186 abstinen-

148 4209 387 4314 ffiofipffpff'glm
402 4211 473 4251 sunt:
491 4201 540 4250 vid.
551 4202 617 4252 Hsin
635 4235 642 4249 .
654 4217 708 4268 sup.
740 4199 799 4314 qlutm
804 4200 862 4328 ᾖ,
870 4219 925 4278 nem
936 4203 1105 4313 tenueqn'qs,
1115 4200 1222 4312 Ia'thiet)
1231 4203 1301 4250 tuns.

211 4281 226 4314 s
255 4282 273 4323 1,
303 4299 310 4322 ,
357 4299 364 4314 .
753 4283 766 4312 n
880 4282 960 4312 vinum
986 4283 1038 4316 cers
1085 4281 1147 4313 omae
1183 4279 1272 4322 ,·nsm

184 4329 410 4379 senoniensis
430 4329 476 4378 hoc
493 4345 563 4379 uersu
581 4345 662 4379 rocem
679 4342 711 4380 est
743 4329 889 4385 stomachus,
910 4329 935 4377 in
971 4347 1003 4379 uo
1024 4345 1080 4380 esce
1101 4338 1176 4385 nutat,
1196 4281 1304 4379 mutel:

149 4393 270 4443 excidisse
280 4393 423 4458 suspicatur,
434 4393 493 4458 quis
505 4397 560 4442 sutis
574 4394 713 4460 simpliciter
744 4394 826 4450 hebet,
837 4401 863 4441 nt
878 4394 949 4449 bene,
961 4411 986 4443 m
1002 4411 1050 4461 quc
1063 4408 1120 4443 esce
1130 4395 1172 4456 (ut
1188 4393 1304 4443 Horatius

152 4473 204 4572 qno,
220 4458 317 4516 sufficit,
335 4473 454 4523 nnsqusm
468 4459 569 4510 dicutur.
602 4460 674 4516 Sane,
691 4461 711 4508 si
743 4459 850 4524 loquitur
859 4474 914 4524 sup.
924 4461 975 4506 Snt.
985 4461 1013 4515 ii,
1031 4463 1057 4517 2,
1077 4459 1204 4515 tamer.
1237 4461 1303 4516 Acri,

170 4539 205 4572 uc
216 4539 262 4571 vos
272 4522 370 4572 omnino
380 4539 440 4589 opus
451 4523 490 4580 sit,
500 4521 523 4573 ei
534 4522 572 4572 vel
583 4531 639 4573 ente
648 4527 713 4582 ratu,
744 4523 794 4572 uini
804 4524 895 4572 fervore
907 4523 992 4572 scriter
1002 4523 1071 4588 qussi
1079 4521 1175 4572 effecto.
