3150 5200
307 301 372 364 teo
689 297 1081 365 EPISTOLARUM

331 453 371 515 15
394 451 458 515 Hae
473 451 607 516 letebrae
622 451 745 529 dulces,
761 464 795 516 et
805 455 884 536 jem,
899 452 926 514 si
940 451 1059 527 credis,
1075 473 1222 528 emoenae,

393 553 589 618 Incolumem
605 555 664 618 tibi
679 576 729 618 me
744 564 901 637 praestent
917 551 1165 635 Septembribus
1179 551 1283 616 horis.

393 655 449 718 Tu
464 666 552 720 recte
568 656 658 732 vivis,
676 657 703 718 si
718 677 813 718 curas
828 677 900 718 esse
915 652 1003 737 quod
1019 652 1131 716 audis:

393 756 560 822 «lactemus
572 757 767 841 jampridem
782 756 885 819 omnis
901 766 933 818 te
949 753 1057 817 Roma
1070 755 1214 819 beatum.

394 859 461 923 Sed
476 881 601 936 vereor,
617 881 658 922 ne
673 858 726 922 cui
741 857 783 920 de
798 867 831 920 te
846 855 920 940 plus
935 877 1032 939 quam
1045 856 1105 920 tibi
1120 856 1255 932 credes3

329 963 372 1025 20
393 960 487 1025 Neve
504 972 599 1045 putes
615 959 712 1023 alium
728 959 874 1042 sapiente
889 959 1041 1040 bonoque
1055 959 1206 1034 beatum3

395 1063 483 1140 Neu,
500 1065 528 1126 si
543 1076 575 1128 te
590 1061 732 1147 populus
748 1082 862 1123 senum
877 1070 1030 1142 recteque
1045 1058 1204 1122 valentem

394 1164 545 1242 Dictitet‚
562 1163 720 1228 occultem
736 1162 859 1227 febrem
875 1162 937 1225 sub
953 1171 1080 1244 tempus
1095 1161 1216 1226 edendi

395 1266 601 1343 Dissimules,
619 1266 723 1330 donec
738 1262 887 1327 menibus
903 1272 1023 1326 trernor
1037 1262 1160 1326 incidet
1174 1264 1294 1327 unctis.

395 1367 576 1431 Stultorum
590 1368 738 1430 incurate
753 1365 861 1448 pudor
874 1363 977 1427 malus
993 1363 1104 1427 ulcere
1118 1363 1211 1427 celat.

333 1471 375 1532 25
397 1469 434 1532 Si
449 1471 522 1552 quis
537 1468 623 1534 belle
637 1469 697 1532 tibi
712 1479 798 1532 terre
813 1477 959 1550 pugnate
972 1467 1117 1548 merique

397 1569 507 1647 Dicet,
524 1571 623 1634 ethis
639 1571 746 1634 verbis
763 1590 881 1632 vecues
896 1567 1096 1651 permulceat
1111 1589 1224 1631 eurest

397 1677 418 1706 “
441 1672 525 1736 Tenc
539 1673 644 1760 inagis
656 1673 776 1735 salvum
785 1671 929 1754 populus
943 1670 1028 1745 velit,
1043 1691 1086 1732 en
1096 1669 1251 1756 populum
1264 1679 1309 1744 tu,

397 1773 508 1837 Serrei
522 1774 555 1838 in
567 1773 729 1859 ambiguo,
747 1773 802 1856 qui
813 1773 947 1835 consulit
961 1780 993 1834 et
1006 1771 1065 1834 tibi
1079 1780 1111 1834 et
1124 1771 1207 1848 urbi,

396 1875 528 1958 Jupiter
538 1875 566 1950 ,·'’
591 1874 736 1960 Augusti
750 1873 865 1938 leudes
880 1895 1058 1957 agnoscere
1073 1875 1202 1957 possis‘i

332 1978 376 2040 30
398 1976 509 2050 Quum
525 1978 645 2061 peteris
662 1977 793 2060 sepiens
805 1976 1060 2059 emendatusque
1076 1977 1196 2052 soceri,

398 2077 637 2162 Respondesne
653 2089 720 2154 tuo,
737 2078 791 2140 dic
806 2077 913 2152 sodes,
930 2077 1255 2161 nominet-Nempe

398 2179 459 2244 Vir
474 2182 580 2245 bonus
595 2190 629 2242 et
644 2179 788 2262 prudens
805 2178 870 2242 dici
885 2176 1040 2242 delector.
1086 2179 1161 2263 Ego
1176 2201 1215 2242 ec
1230 2189 1276 2242 tu.

398 2280 468 2354 Qui
484 2282 575 2346 dedit
590 2280 652 2344 hoc
668 2280 777 2356 hodie,
794 2301 877 2354 craS,
894 2279 922 2341 si
937 2278 1033 2356 volet,
1049 2279 1193 2356 auferet,
1216 2289 1264 2354 ut,
1281 2281 1308 2342 si

313 2483 423 2538 salubris,
442 2493 469 2531 ut
486 2483 550 2548 upnd
569 2482 642 2531 ovid.
657 2481 730 2531 Trist.
748 2481 783 2537 iii,
801 2483 826 2536 3,
845 2483 870 2538 9,
903 2481 968 2529 baud
980 2482 1100 2546 vulgarem
1113 2482 1212 2531 Horaeo
1229 2499 1283 2532 curn
1296 2482 1414 2540 Quinctio
1427 2485 1464 2532 in·
1554 2536 1555 2539 ,

312 2552 375 2596 situs
391 2549 457 2594 utilis
473 2565 543 2612 egro,
558 2557 582 2596 et
599 2549 662 2595 Met.
678 2546 728 2603 xiii,
740 2547 798 2603 630,
809 2549 872 2594 veriti
903 2547 1039 2595 tercessisse
1061 2547 1190 2596 amicitiam
1218 2547 1275 2594 satis
1296 2555 1360 2596 certe
1382 2548 1464 2611 colligi

313 2616 392 2661 eriles.
905 2621 989 2674 potest
1023 2612 1084 2669 Quis
1099 2613 1162 2660 euim
1180 2623 1258 2660 sumet
1272 2611 1327 2667 sibi,
1340 2614 1463 2677 cuiquem,

350 2679 387 2731 lfi,
408 2675 447 2723 16.
466 2675 508 2722 He
531 2675 629 2729 latebre,
651 2675 690 2723 hic
713 2675 824 2737 angulus,
845 2683 873 2722 ut
905 2675 950 2723 nisi
972 2676 1056 2724 intimo
1079 2677 1165 2731 emico,
1187 2676 1267 2724 dicere
1289 2676 1328 2725 vel
1351 2678 1463 2733 scribere,

314 2739 428 2797 Heredes
446 2754 500 2803 sup.
518 2736 557 2785 Od
576 2737 603 2794 ii,
619 2740 643 2794 6,
664 2741 694 2787 16
711 2738 741 2786 de
758 2742 871 2787 'l'ereetm
903 2746 956 2788 “tu
975 2756 1022 2788 non
1039 2756 1066 2789 es
1084 2740 1105 2787 is
1121 2741 1163 2805 qui
1179 2754 1232 2788 esse
1249 2740 1394 2796 videris,vel
1410 2757 1464 2790 esse
1555 2775 1556 2784 ,

315 2801 450 2858 Bentleius,
462 2802 501 2851 cui
513 2810 561 2850 tam
577 2801 647 2851 lectio
663 2806 740 2856 etum,
751 2806 770 2850 si
787 2806 869 2858 credis,
902 2802 1001 2861 diceris3
1016 2812 1041 2852 tn
1049 2804 1106 2853 vitia
1117 2812 1166 2859 tue,
1175 2805 1238 2853 siout
1249 2813 1351 2867 egrotus
1363 2804 1463 2862 febrem,

314 2867 871 2931 emeno,quemetjom,siordinacionem·
902 2867 1067 2917 dissimules.”
1107 2868 1143 2916 Ne
1165 2872 1204 2917 cui
1225 2871 1253 2915 de
1275 2877 1297 2915 te
1318 2870 1382 2929 pius,
1405 2880 1463 2918 cett.
1552 2915 1557 2922 ,

314 2934 395 2995 gebet,
408 2931 537 2995 proposuit,
548 2940 568 2979 et
588 2934 651 2993 (jam
666 2935 686 2979 si
701 2930 791 2993 credis)
802 2948 871 2980 ome·
903 2931 1024 2980 Btsxterus
1039 2932 1164 2981 commode
1178 2932 1247 2980 effert
1256 2947 1350 2980 versum
1362 2934 1464 2981 Catonis

314 3014 364 3054 pe,
381 2996 423 3046 sed
434 3011 477 3044 nec
492 2996 536 3045 boc
552 2994 610 3043 milri
621 2995 714 3061 placet:
734 3010 764 3042 en
779 2994 873 3059 scripsit
904 2994 921 3051 i,
936 2997 973 3051 14,
987 2996 1046 3044 Plus
1057 2999 1110 3045 otiis
1121 3000 1149 3046 de
1161 3008 1192 3052 te,
1203 3013 1271 3058 quem
1282 3006 1310 3043 te
1319 2999 1364 3043 titt
1375 3001 1465 3044 mem

315 3060 412 3111 sortasse
433 3060 556 3114 Horatius,
574 3060 616 3108 11(
635 3062 726 3108 latebre
744 3061 830 3115 dulces,
849 3068 873 3108 et
903 3061 961 3108 noli.
995 3063 1074 3107 Alium
1090 3064 1200 3122 sapiente,
1213 3061 1308 3114 Graece,
1321 3061 1405 3110 ἄλλον
1418 3065 1464 3111 rosi

315 3136 371 3183 tom,
389 3128 409 3173 si
429 3126 511 3180 credis,
531 3127 639 3173 emese?
672 3124 809 3171 lrtcoiumem
829 3126 873 3171 tibi
905 3125 988 3186 copti,
1000 3123 1119 3173 diversum
1137 3139 1152 3171 e
1169 3124 1284 3188 sapiente,
1300 3123 1374 3171 elium
1391 3129 1430 3185 (r.
1442 3142 1464 3173 c.

315 3206 357 3247 me,
368 3198 425 3238 cett.
438 3202 518 3238 meuse
533 3187 664 3251 Septembri
678 3203 716 3235 me
732 3188 824 3235 sslvum
835 3198 872 3236 ut·
904 3186 1014 3247 divitem)
1027 3204 1100 3252 quem
1117 3187 1262 3253 sapientem
1280 3188 1314 3236 sic
1331 3188 1375 3236 int'.
1387 3190 1466 3253 Epist.

316 3268 364 3317 que
379 3252 523 3301 incolumem
538 3251 581 3298 tibi
598 3250 700 3309 sistunt·,
716 3251 740 3299 lr.
751 3266 773 3299 e.
785 3268 800 3299 e
816 3252 874 3300 ville
906 3244 932 3308 ii,
947 3254 969 3309 l,
980 3255 1037 3309 2⁴0,
1049 3256 1111 3300 elius
1122 3254 1231 3316 Lysippo,
1245 3251 1315 3308 elius,
1326 3268 1399 3316 quem
1415 3255 1465 3319 Ly-

315 3332 376 3372 mea,
398 3316 439 3364 ubi
461 3331 524 3364 nunc
543 3315 666 3371 delitesco,
687 3326 736 3363 tem
758 3315 832 3372 dulci,
852 3315 874 3364 si
906 3316 997 3428 cippus.

315 3382 400 3436 credis,
413 3388 485 3444 atque
501 3393 606 3435 amoene,
620 3379 701 3440 solvus
718 3388 789 3443 etque
806 3379 873 3428 inco·
954 3382 978 3427 3.
992 3382 1101 3429 Manibus
1107 3383 1198 3429 coctis:
1214 3379 1466 3445 significsoterswnes

315 3445 388 3493 lumis
400 3459 480 3491 mense
492 3442 624 3509 Septembri
635 3442 666 3491 sd
678 3452 700 3493 te
712 3442 802 3493 redibo.
902 3443 954 3507 jem
965 3444 1076 3493 dicuntur
1085 3455 1174 3501 eoctc;
1192 3460 1257 3502 nam,
1266 3444 1308 3509 qui
1319 3445 1381 3494 inter
1391 3446 1466 3495 eden·

350 3510 389 3557 17.
406 3510 431 3556 δέ
448 3524 515 3555 ceres
532 3523 575 3555 esse
592 3510 651 3570 quod
668 3511 744 3564 audis,
757 3508 777 3557 ei
792 3508 873 3557 studes
905 3508 961 3556 dum
974 3518 1086 3566 tremunt,
1098 3508 1158 3557 cibis
1173 3517 1273 3557 tremore
1283 3510 1401 3565 excussis,
1414 3526 1465 3559 ma·

315 3580 338 3621 te
355 3574 427 3621 telem
444 3572 546 3637 prebere
562 3572 641 3635 qualis
659 3580 686 3620 tu
702 3588 754 3621 esse
771 3574 873 3637 (cudis)
906 3587 952 3620 uus
972 3574 1146 3622 commaculare
1170 3573 1267 3621 solent:
1295 3584 1377 3622 unctas
1408 3575 1465 3632 'em,

315 3636 410 3686 diceris.
905 3636 1019 3702 pollutas,
1041 3636 1289 3694 contaminassent
1308 3651 1362 3703 sup.
1431 3640 1465 3687 E·

351 3703 389 3751 te.
408 3702 486 3749 Omnis
498 3701 579 3757 Rosia,
589 3716 633 3749 nos
644 3714 726 3748 omnes
736 3701 850 3749 Romani.
906 3702 959 3767 ped.
971 3705 996 3757 5,
1012 3702 1049 3750 19.

350 3767 453 3816 19-23.
470 3766 514 3813 Sed
532 3782 617 3821 vereor,
633 3782 670 3821 ne,
690 3773 746 3813 cett.
768 3764 810 3813 sed
832 3782 871 3814 ve·
936 3768 977 3814 24.
996 3767 1077 3814 Pudor
1093 3766 1175 3822 meles,
1191 3764 1350 3832 importunus,
1363 3773 1390 3814 ut
1407 3784 1464 3833 sup.

315 3846 375 3889 reor,
388 3846 417 3879 ue
436 3828 535 3879 eliorum
546 3828 576 3879 de
590 3839 614 3878 te
624 3829 678 3893 plus
688 3844 761 3891 quem
778 3840 820 3876 tuo
835 3829 872 3894 ip·
904 3830 956 3877 Set.
968 3830 994 3886 ii,
1008 3831 1032 3884 3,
1044 3831 1086 3879 39.

314 3896 366 3945 sius
382 3894 475 3961 judicio
492 3894 574 3943 credes
592 3894 664 3958 (quis
682 3894 753 3957 probe
773 3892 830 3948 scis,
848 3903 873 3943 te
937 3895 1043 3943 26-2e.
1061 3894 1141 3951 Dicet,
1153 3904 1236 3943 cenet:
1254 3902 1465 3959 mammantes

316 3976 364 4007 non
383 3976 435 4009 esse
452 3974 508 4007 eum
525 3958 568 4023 qui
589 3972 641 4007 esse
658 3956 774 4019 diceris);
791 3973 873 4006 vereor
905 3959 1013 4017 ceneuti;
1030 3957 1163 4021 elegantius
1174 3958 1323 4023 provulgari,
1334 3966 1397 4007 tues.
1424 3958 1467 4006 Ad
1555 3953 1556 3976 ¹

315 4040 393 4089 porro,
411 4023 630 4088 nullumquam
649 4021 874 4085 eumquisepiens
905 4022 1049 4086 verbaque
1067 4030 1209 4086 sequuntur,
1228 4023 1287 4071 Tene
1307 4040 1343 4070 isso
1364 4026 1389 4077 ¹,
1405 4031 1466 4070 cett.

315 4098 339 4137 et
348 4090 424 4137 bonus
435 4088 474 4145 sit,
486 4089 583 4136 beatum
596 4087 697 4145 habeam
715 4101 796 4135 vereor
805 4086 873 4134 deui-
906 4086 1186 4142 trecentesimae,
1199 4088 1254 4136 Hes
1267 4091 1328 4134 enim
1360 4089 1467 4134 (τίιεόε

315 4169 372 4216 que,
392 4169 431 4209 ne,
449 4152 506 4201 licet
527 4166 609 4201 omnes
631 4162 655 4200 te
675 4166 759 4199 senum
779 4165 832 4199 esse
850 4159 876 4199 et
905 4152 1011 4215 Augusto
1024 4152 1161 4212 scripserat,
1178 4161 1233 4200 sent
1246 4161 1358 4199 cemes
1370 4152 1467 4198 sistitis·

315 4217 463 4266 beneselere
475 4215 593 4270 rlictitem,
605 4230 687 4279 reapse
704 4222 784 4263 temen
801 4230 874 4278 egro·
905 4218 960 4263 simo
969 4216 1114 4279 Panegyrico
1121 4216 1232 4279 Augusti.
1258 4214 1465 4287 Hemtiusigitur‚

315 4290 360 4337 tes,
371 4281 412 4329 sed
429 4280 514 4329 similis
530 4280 564 4327 sis
581 4280 604 4327 ei
621 4287 708 4341 egroto
726 4278 768 4353 qui
785 4278 873 4328 febrem
922 4279 948 4326 ui
960 4279 1044 4344 quevis
1055 4286 1147 4343 arrepta
1160 4280 1285 4327 occasione
1295 4278 1400 4342 Augustr
1410 4278 1466 4325 len·

315 4346 361 4395 sub
372 4344 458 4394 edendi
474 4352 522 4393 tem
540 4359 577 4399 us,
590 4342 681 4391 necibi
697 4344 742 4391 sibr
753 4343 873 4406 denegen·
905 4296 948 4391 des
964 4342 1110 4391 carminibus
1126 4344 1177 4392 suis
1192 4343 1281 4399 inserit,
1293 4358 1357 4391 nnnc
1369 4340 1399 4390 de
1414 4356 1467 4389 uns

314 4418 363 4465 tur,
383 4410 498 4465 occultet,
517 4360 593 4456 donec
614 4406 694 4464 febris,
711 4424 766 4456 curn
788 4422 874 4457 manus
905 4407 994 4465 fidelia,
1003 4406 1068 4473 quod
1077 4406 1103 4454 in
1111 4408 1235 4473 proverbio
1245 4406 1341 4464 dicitur,
1349 4405 1411 4454 dnos
1421 4405 1465 4453 de·

315 4482 414 4524 tremere
425 4472 551 4537 incipiunt,
559 4470 679 4537 prodetur.
705 4473 743 4520 Es
755 4472 800 4520 boc
812 4472 873 4530 loco,
906 4473 972 4521 elbet
981 4472 1095 4537 parietes3
1112 4486 1168 4523 nem
1176 4471 1242 4521 Verii
1253 4471 1334 4529 emet,
1346 4481 1374 4520 ut
1384 4469 1467 4535 magni
