3150 5200
530 355 717 418 HORATII
738 357 904 418 METRA.
1210 363 1292 420 urii

141 498 188 556 19.
222 497 335 558 Versus
349 497 550 560 Archilochius
563 504 662 580 major.

254 611 307 631 -νυ
360 611 413 632 -νυ
465 618 480 629 «ι
543 612 581 634 Ην
633 613 685 636 -w
709 620 723 700 Η
748 616 784 636 *U
805 616 843 636 -ν
867 613 872 693 Ι
895 617 934 637 -ν

262 702 302 713 U·
369 703 408 714 -Π
466 702 480 713 D
505 610 519 769 ΙΙ
555 705 569 715 -

254 779 384 840 Solvitur
397 782 476 840 acria
490 783 588 860 lycius
598 795 688 862 grata
704 788 765 844 uice
777 789 854 844 oeric
866 795 893 846 et
908 787 1030 845 Favoni.
1069 788 1090 857 i,
1104 787 1133 858 4,
1150 788 1176 846 l.

219 875 266 935 Ex
280 875 391 936 duobus
404 878 578 954 compositus
592 890 635 938 est
649 879 786 939 membris
799 872 860 940 sive
873 887 970 951 κόλοις,
983 883 1120 951 nimirum
1143 915 1156 939 J

259 991 285 1040 u,
299 991 336 1030 ex
350 970 600 1032 verau‘Atcmanio
614 976 707 1051 (num.
726 973 786 1046 16),

258 1067 288 1134 b,
302 1086 339 1124 ex
352 1087 439 1126 versu
453 1067 648 1146 Ithyphnllico
662 1067 756 1142 (num.
770 1069 815 1148 4).
865 1115 874 1133 .

220 1148 316 1220 Graeci
327 1162 445 1240 quidem
458 1163 509 1222 hos
531 1164 573 1222 ita
590 1165 730 1241 jungunt,
746 1175 779 1224 ut
793 1164 898 1224 ultime
917 1165 1026 1243 syllaba
1043 1168 1165 1227 membri
1178 1168 1290 1246 prioris,

219 1256 341 1336 perinde
353 1257 436 1334 quasi
448 1259 595 1336 integrum
609 1256 725 1318 claudat
738 1279 864 1328 versum,
878 1270 909 1318 et
928 1260 1022 1319 brevis
1042 1271 1073 1320 et
1087 1261 1172 1340 longe
1184 1282 1246 1320 esse
1259 1272 1291 1321 et
1352 1261 1356 1271 '

217 1350 330 1410 hiatum
345 1373 458 1431 qnoque
478 1354 588 1412 efficere
607 1365 703 1432 queat.
744 1353 854 1413 Contra
868 1354 1008 1413 Horatius
1021 1376 1075 1414 nec
1086 1356 1190 1434 pedem
1203 1357 1290 1415 creti-

218 1465 283 1503 cum
296 1445 351 1466 ‘⁹'
364 1466 459 1524 neque
480 1447 637 1527 spondeum
659 1449 689 1506 in
709 1460 812 1528 quarto
830 1448 891 1508 loco
907 1450 1004 1526 posuit
1016 1469 1110 1527 neque
1123 1451 1206 1508 hiatu
1219 1471 1291 1510 usus

218 1550 281 1609 e8t3
307 1541 428 1620 ideoque
450 1543 503 1601 hoc
529 1554 654 1602 metrum
681 1542 874 1602 Horatianum
901 1565 918 1603 a
943 1544 1131 1621 subsequenti
1154 1564 1289 1603 versuum

217 1655 323 1712 genere
346 1648 584 1715 asynartetorum,
608 1639 686 1703 inter
709 1659 779 1716 quos
802 1639 947 1697 numerari
970 1637 1054 1707 solet,
1074 1637 1289 1698 excludendum

218 1728 343 1788 videtur.

219 1823 274 1884 Est
287 1826 318 1886 in
333 1837 424 1886 metro
436 1829 486 1886 xii.

547 1986 568 2041 f.
594 1985 700 2042 Versus
713 1989 884 2062 oryuorteti.

219 2110 330 2170 Versus
344 2113 500 2189 csynerteti
511 2111 714 2193 (ὰσυνάρτητοι)
725 2135 747 2172 s.
760 2113 914 2173 inconnexi
924 2115 1110 2171 nominantur
1119 2111 1170 2189 qui
1180 2110 1291 2170 duobus

137 2217 190 2266 aut
203 2207 335 2284 pluribus
353 2209 487 2268 membris
505 2220 648 2276 coustant,
662 2230 727 2287 quae
740 2223 837 2268 tamen
852 2209 929 2266 inter
942 2227 973 2266 se
987 2227 1044 2266 non
1057 2207 1149 2283 magis
1162 2225 1290 2271 connexa

137 2312 208 2361 sunt
226 2323 312 2380 quam
327 2323 427 2363 versus
447 2325 510 2363 cum
526 2325 619 2364 versu.
660 2304 811 2382 cujusque
824 2303 915 2381 igitur
927 2300 1050 2359 membri
1064 2299 1167 2358 ultima
1179 2299 1290 2377 syllaba

137 2395 239 2456 eodem
254 2398 331 2475 jure,
345 2418 378 2458 ao
391 2399 416 2458 si
429 2410 505 2459 esset
519 2399 623 2458 ultime
636 2417 745 2466 versus,
760 2407 791 2457 et
803 2397 889 2474 longa
901 2407 932 2455 et
946 2394 1041 2452 brevis
1054 2413 1116 2452 esse
1128 2405 1223 2472 potest
1237 2414 1289 2454 ne-

137 2511 196 2569 que
217 2491 345 2552 eliditur.
387 2493 453 2553 Hac
466 2513 601 2553 versuum
622 2513 713 2570 genus
735 2491 880 2551 inuenisse
893 2487 1084 2548 Archilochus
1102 2487 1218 2547 dicitur.
1258 2491 1289 2548 A

45 2632 49 2639 .
137 2585 241 2647 multis
264 2586 379 2649 Horatii
401 2587 558 2649 editoribus
577 2587 684 2667 singuli
698 2608 799 2648 versus
819 2588 851 2646 in
871 2586 953 2646 binos
974 2583 1146 2643 dividuntur
1163 2583 1237 2654 illos,
1251 2605 1288 2644 ex

137 2682 244 2760 quibus
266 2683 415 2761 compositi
430 2694 509 2742 sunt.
550 2683 593 2742 Et
606 2702 684 2752 sane,
699 2693 733 2741 ut
747 2682 895 2741 Gesnerus
906 2682 1048 2748 observat,
1062 2678 1289 2739 commodissima

119 2798 125 2809 ¹·
137 2790 215 2835 esset
238 2776 350 2836 divisio.
392 2778 450 2838 Sed
477 2779 581 2837 acriter
602 2797 653 2856 pro
674 2797 773 2836 versus
799 2775 968 2853 integritate
990 2783 1101 2851 pugnat
1125 2773 1288 2844 Bentleius,

138 2870 356 2949 Hephaestionis
368 2872 546 2951 aliorumque
555 2872 814 2930 Grammaticorum
827 2870 1000 2929 auctoritate
1008 2869 1110 2927 fretus.
1151 2868 1198 2926 Cf.
1208 2888 1288 2927 num.

136 2966 323 3026 antecedens.
363 2967 413 3025 Ex
428 2968 550 3026 Horatio
563 2968 621 3025 buc
633 2966 798 3045 pertinent:

62 3126 64 3129 .
137 3060 188 3119 20.
219 3060 331 3121 Versus
344 3061 532 3140 elegiambus,
549 3060 722 3139 compositus
743 3048 848 3137 nempe
869 3078 907 3117 ex
928 3056 1046 3134 elegiaci
1060 3077 1159 3115 versus
1172 3057 1290 3115 dimidio

217 3176 241 3215 a.
263 3156 486 3233 penthemimeri
509 3156 650 3232 dactylica
673 3153 767 3228 (num.
793 3152 844 3230 14)
866 3164 896 3212 et
917 3172 1002 3211 versu
1025 3152 1146 3210 iambico
1167 3151 1290 3211 dimetro

218 3249 376 3310 acatalecto
390 3249 483 3324 (num.
498 3250 542 3327 2).

220 3533 341 3591 Desinet
354 3533 513 3610 imparibus
525 3369 794 3591 certoreirultmotus
805 3531 909 3607 pudor.
951 3529 1044 3607 Epod.
1061 3519 1107 3598 ll',
1126 3531 1169 3590 18.

146 3662 149 3671 -
221 3628 326 3686 Libero
341 3628 461 3685 consilia
476 3648 526 3686 uec
540 3628 715 3685 contramoliri
726 3647 842 3705 moues.
884 3625 979 3703 Epod.
996 3626 1104 3694 11,26.

219 3723 241 3780 I
241 3723 345 3781 uaclio
353 3724 461 3800 furere
474 3723 558 3781 silvia
570 3722 701 3779 bonorem
716 3722 831 3779 decutit.
872 3720 964 3798 Epod.
980 3719 1026 3787 11,
1041 3718 1069 3777 6.

221 3817 390 3876 Fervidiore
403 3836 479 3874 tuero
492 3836 602 3875 orcouo
612 3825 761 3892 prorueret
776 3817 837 3874 loco
853 3814 933 3889 (curn
947 3816 1055 3891 hiatu).

1030 3908 1123 3987 Epod.
1139 3909 1186 3979 11,
1203 3907 1248 3966 14.

220 4007 278 4066 Est
291 4007 322 4064 in
336 4017 428 4065 metro
442 4006 481 4063 xi.

137 4102 188 4159 21.
220 4100 331 4160 Versus
353 4101 531 4177 iambelegus
552 4100 725 4178 praecedenti
748 4098 860 4168 similis,
882 4099 937 4157 nisi
959 4098 1036 4176 quod
1058 4097 1171 4157 inverso
1190 4096 1290 4157 ordine

147 4259 151 4267 ,
219 4198 381 4256 membrum
394 4196 547 4255 iambicum
560 4195 697 4273 precedit
711 4210 741 4254 et
754 4194 914 4271 elegiacum
926 4192 1119 4271 subsequitur.

184 4308 221 4329 ν-
264 4307 301 4328 ν-
353 4306 390 4327 υ-
439 4305 476 4327 υ-
539 4306 778 4391 -uvq-w'-

353 4390 466 4411 ..ν
569 4374 570 4377 ¹

185 4480 230 4538 Tu
247 4480 314 4536 nino
334 4476 479 4555 Torquato
493 4496 570 4535 mooe
585 4478 699 4535 consulo
707 4496 812 4553 presso
826 4496 893 4536 meo.
936 4476 1030 4555 Epod.
1046 4476 1092 4546 13,
1107 4475 1152 4533 16.
