3150 5200
575 360 794 440 LIBERI,
819 363 849 427 7.

150 512 195 574 25
217 509 347 584 Quodsi
362 532 413 575 me
429 511 518 575 noles
534 535 671 596 usquam
685 515 866 592 discedere,
883 516 1002 582 reddes

215 612 315 677 Forte
331 612 427 690 latus,
445 614 555 697 nigros
571 625 710 698 angusta
724 615 832 680 fronte
846 616 998 701 capillos3

216 714 353 779 Reddes
369 715 464 780 dulce
480 715 586 799 loqui;
609 716 728 780 reddes
744 719 852 782 ridere
868 719 1033 795 decorum,
1049 730 1083 784 et

216 815 306 879 lnter
322 818 396 880 vina
411 815 521 900 fugam
537 817 665 880 Cinarae
681 841 819 883 moerere
834 831 1005 904 protervae.

214 915 315 982 Forte'
330 940 390 1001 per
404 929 574 1001 angustam
589 920 695 982 tenuis
711 920 858 984 nitedula
872 922 984 985 rimam

149 1019 193 1082 30
215 1019 382 1103 Repserat
397 1021 429 1082 in
445 1041 606 1084 cumeram
622 1019 793 1099 frumenti3
816 1033 976 1107 pastaque
990 1045 1104 1088 rursus

216 1121 268 1184 lre
284 1119 371 1184 foras
387 1119 484 1204 pleno
504 1122 660 1185 tendebat
675 1143 813 1207 corpore
828 1123 967 1188 frustra:

217 1222 280 1286 Cui
294 1220 432 1286 mustela
446 1222 573 1306 procul,
591 1223 627 1285 Si
642 1224 701 1300 vis,
718 1224 774 1300 ait,
790 1225 938 1310 effugere
953 1227 1059 1300 istinc,

216 1324 332 1388 Macra
347 1345 461 1387 cavum
475 1333 604 1407 repetes
620 1335 755 1402 arctum,
772 1349 870 1408 quem
883 1350 992 1392 macra
1006 1328 1134 1393 subisti.

216 1425 290 1489 Hac
305 1448 367 1508 ego
383 1426 410 1488 si
426 1425 601 1509 compellor
615 1428 765 1510 imagine,
782 1439 900 1493 cuncta
914 1431 1061 1514 resigno:

150 1527 194 1590 35
216 1526 290 1591 Nec
307 1547 452 1590 somnum
467 1526 573 1610 plebis
589 1526 699 1604 laudo,
716 1539 808 1592 satur
821 1528 969 1605 altilium,
985 1552 1045 1594 nec

217 1626 298 1691 Otia
312 1628 433 1691 divitiis
448 1625 597 1693 Arabum
612 1628 777 1694 liberrima
794 1641 896 1695 muto.

217 1729 313 1813 Saepe
328 1729 547 1794 verecundum
561 1730 720 1808 laudasti;
744 1753 869 1814 rexque
884 1744 1043 1817 paterque

217 1828 352 1895 Audisti
366 1853 492 1910 coram;
516 1855 576 1897 nec
592 1834 690 1897 verbo
706 1833 837 1917 parcius
854 1836 990 1898 absens:

131 2017 156 2064 lr.
172 2033 195 2066 e.
216 2017 348 2066 secundum
369 2019 406 2068 rel
427 2019 499 2084 juxta
521 2019 617 2069 laudern
640 2037 689 2069 me-
723 2021 915 2076 acerem,omnia
931 2036 946 2069 a
962 2028 1097 2086 maceepta
1108 2019 1205 2070 reddere
1215 2035 1283 2085 para·

131 2080 227 2144 tentis),
239 2090 265 2130 ut
282 2082 334 2130 laus
382 2085 444 2132 troni
461 2084 491 2132 de
508 2101 546 2133 me
562 2085 623 2132 bene
640 2100 690 2132 me·
722 2091 761 2132 tus
783 2101 847 2133 sum.
893 2086 1007 2134 ll'itedutn
1029 2093 1055 2135 et
1075 2087 1157 2142 nitela,
1180 2085 1285 2132 murium

129 2145 204 2194 rantis
220 2147 333 2210 postulat,
362 2148 366 2157 '
402 2161 443 2194 um
461 2163 498 2196 me
516 2149 633 2214 praestabo
650 2163 690 2196 ao·
723 2149 852 2210 agrestium
864 2165 952 2214 genus:
969 2147 1286 2198 formatabaacroxvidetur

130 2209 207 2274 ceptis
229 2210 370 2272 beneficiis3
391 2211 450 2268 sive,
471 2227 516 2274 ego
537 2228 631 2276 quoque
655 2229 691 2261 re-
724 2215 852 2270 enitendo,
863 2216 977 2271 mittendo,
990 2213 1048 2277 quia
1062 2227 1142 2262 mures
1158 2212 1221 2260 saltu
1232 2212 1285 2260 ani·

130 2273 253 2338 spondebo
280 2273 349 2323 donis
379 2291 434 2340 qua
464 2277 495 2324 ab
523 2276 612 2340 insigni
639 2292 692 2326 meo
725 2284 808 2324 tuntur
816 2275 841 2324 in
851 2277 1046 2344 loeasuperiora:
1065 2287 1130 2332 sunt,
1139 2276 1181 2340 qui
1191 2284 1286 2341 putent,

132 2347 230 2402 patrono
245 2339 336 2402 accepi.
724 2342 822 2388 nitebant
850 2358 892 2390 seu
922 2343 1050 2389 nitedulnm
1078 2356 1130 2389 esse
1161 2339 1286 2388 bestiolam

163 2403 205 2450 25.
223 2403 309 2456 Quodsi
325 2420 358 2452 ma
377 2405 437 2452 nolet
454 2421 549 2467 umatum
565 2406 691 2454 discedere:
741 2419 798 2452 naut
821 2405 903 2454 Graeci
924 2404 1010 2453 dicunt
1028 2403 1216 2469 testandam,
1244 2403 1287 2452 sed

131 2465 217 2529 quodsi
236 2467 327 2530 cupies,
341 2484 378 2516 me
396 2483 515 2532 nusquam
535 2483 550 2514 a
568 2476 591 2515 te
609 2467 691 2530 abire,
724 2419 892 2531 drvdpofidmc
905 2469 964 2517 mihi
975 2469 1067 2517 videtur
1078 2468 1157 2532 potius
1171 2483 1224 2515 esse
1239 2467 1286 2515 aei·

131 2529 173 2577 sed
185 2544 277 2595 semper
286 2531 330 2580 tibi
343 2533 429 2580 Roma
442 2531 526 2580 adesse
536 2540 560 2580 et
571 2531 639 2581 lateri
651 2541 692 2582 tuo
724 2547 781 2580 urus
795 2535 852 2598 (dar
863 2533 1007 2594 Eicthorn),
1018 2531 1060 2598 qui
1070 2547 1118 2580 non
1135 2546 1215 2598 repere
1226 2531 1287 2580 solet

131 2592 260 2651 adherere,
274 2594 397 2660 pristinam
409 2596 512 2661 corporis
523 2595 656 2645 firmitatem
668 2606 693 2647 et
724 2595 749 2645 in
759 2598 1012 2663 eameramfrumenti:
1027 2595 1165 2651 decontra,
1175 2594 1287 2661 vid.sup.

131 2657 256 2721 pristinum
267 2659 457 2724 animivigorem
473 2659 532 2708 mibi
547 2660 631 2709 reddas
649 2677 691 2710 ne·
724 2660 818 2709 adSat.
829 2661 846 2719 i,
860 2664 936 2719 l,53.
969 2662 1018 2709 Pro
1028 2662 1134 2709 nitedula
1145 2675 1227 2708 omnes
1237 2660 1286 2709 lere

131 2736 197 2771 cesse
208 2730 252 2770 est.
724 2725 795 2774 codd.
809 2726 924 2775 exhibent
936 2727 1068 2788 vulpecula.
1100 2722 1287 2789 Sedquishanc

163 2787 204 2835 26.
216 2787 284 2834 Forte
296 2790 367 2836 latres.
390 2788 464 2837 Latro
471 2789 508 2837 rel
519 2790 592 2837 latera
604 2790 694 2853 passim
725 2789 852 2839 lectionem
863 2806 912 2838 non
922 2790 953 2838 ad
963 2789 1112 2838 librariorum
1123 2787 1216 2835 somnia
1226 2788 1286 2836 rele-

131 2848 161 2898 de
173 2848 383 2915 corporisviribus,
393 2851 450 2916 quia
461 2852 600 2901 tamvirium
611 2854 692 2910 robur,
725 2856 779 2901 rati
813 2854 861 2904 Vel
871 2854 926 2918 quia
937 2854 1065 2902 Horatium
1076 2868 1151 2917 usque
1166 2868 1195 2900 eo
1208 2867 1287 2900 rerum

131 2929 205 2977 quam
216 2930 298 2965 aarum
313 2915 430 2973 delectus,
444 2916 469 2965 in
485 2916 598 2965 lateribus
610 2919 693 2981 praeci·
727 2918 872 2967 naturalium
890 2918 922 2967 im
954 2918 1026 2966 ritum
1045 2916 1119 2965 fuisse
1137 2915 1184 2963 sibi
1203 2916 1286 2980 fingat,

131 2993 179 3041 pue
189 2978 290 3027 sentitur
297 2996 305 3038 ς
322 2979 438 3027 Horatius
448 2980 530 3044 igitur,
543 2980 599 3044 quia
610 2996 693 3045 corpo·
727 2984 890 3043 utvutpeeulae
929 2981 1122 3045 rquidtribueret
1138 2979 1202 3043 quod
1232 2980 1287 3030 lane

130 3041 164 3088 ris
175 3042 236 3091 vires
246 3058 300 3090 eum
317 3042 416 3091 deficere
428 3052 559 3109 coeperant,
571 3045 635 3093 reddi
648 3045 694 3093 sibi
726 3045 777 3109 ejus
796 3055 887 3094 naturas
902 3049 1036 3110 repugnatt
1070 3044 1136 3092 Hine
1152 3044 1205 3091 Ben
1225 3044 1288 3100 eiar,

131 3114 199 3170 optat
209 3106 277 3171 sorte
293 3108 363 3154 lotus.
398 3108 484 3181 Nigroe
501 3119 601 3181 angusta
629 3121 694 3159 ronta
726 3110 767 3172 qui
779 3108 867 3159 dextris
884 3109 966 3157 Musis
977 3110 1107 3171 dextroque
1119 3107 1235 3173 Apolline
1251 3123 1289 3155 re·

131 3171 239 3231 capillos:
254 3186 310 3234 ergo
327 3170 394 3235 niger
410 3172 467 3219 olun
485 3172 597 3237 capillus,
620 3175 694 3222 mutis
726 3173 806 3221 stituit
814 3176 930 3229 nitedula,
941 3173 987 3221 sibi
999 3182 1128 3237 temperare
1139 3186 1187 3219 non
1187 3171 1287 3281 1potuit,

132 3242 239 3295 angusta
251 3233 330 3289 decor,
340 3235 441 3300 jamjam
453 3236 530 3301 eoepit
540 3237 670 3286 albescere.
725 3236 784 3300 quin
800 3238 825 3285 in
837 3238 890 3286 bec
902 3238 974 3286 rerba
984 3244 1134 3302 emmperet:
1153 3244 1170 3264 “
1205 3245 1288 3285 cetram

164 3298 206 3344 28.
223 3298 288 3345 Inter
305 3302 360 3347 uina
375 3304 465 3363 jugam
488 3302 579 3349 Cirmrae
601 3318 693 3349 merere
717 3303 802 3363 fidem,
824 3301 955 3359 Venatorea,
975 3302 1076 3357 Rustici,
1098 3300 1208 3363 Physici!
1225 3301 1288 3347 frn-

129 3370 261 3421 proteraoe:
284 3362 386 3427 respexit
412 3363 526 3412 Horatius
549 3380 597 3413 rem
621 3380 693 3427 quam
725 3360 1073 3429 menroamrarvatpeaitaw
1103 3365 1136 3411 Et
1144 3370 1224 3412 tamen
1235 3363 1288 3412 lue·

131 3422 278 3485 ignoramus.
297 3426 406 3475 Fortasse
413 3426 503 3477 Cinara
509 3439 616 3489 proteron
626 3434 693 3493 (nos,
726 3437 782 3476 runt
792 3438 872 3477 nostra
882 3438 961 3504 etate,
970 3429 1012 3494 qui
1024 3427 1170 3476 stultissime
1179 3426 1289 3477 lectionis

25 3533 28 3539 .
131 3489 269 3545 rebellabat,
295 3490 452 3556 sohnlhlruft),
481 3508 536 3541 cum
563 3492 694 3557 aliquando
727 3493 886 3557 patrocinium
898 3493 1059 3559 susciperent!

164 3560 186 3601 st
202 3554 502 3611 amatoriam,utvidetur,
516 3556 694 3605 altercationem
760 3558 801 3604 31.
827 3558 908 3613 Pleno,
936 3557 968 3604 im
986 3557 1033 3605 leto
1061 3554 1173 3604 immenti
1201 3555 1292 3619 granis.

140 3616 231 3677 ugisset
244 3618 379 3673 Horatium,
392 3618 437 3667 hac
456 3619 512 3683 suga
523 3620 576 3668 e'us
586 3620 692 3669 animum
727 3575 1007 3675 Tmaetar,contendel›a

1006 3628 1024 3676 t,
1032 3618 1206 3684 significantius
1217 3635 1290 3685 quarn

130 3680 267 3744 oppleverat
287 3698 396 3739 moerore,
419 3699 492 3746 quem
515 3682 555 3732 ile
579 3699 610 3732 ne
633 3685 695 3732 inter
727 3685 843 3732 tentabat.

29 3742 36 3761 '
130 3744 220 3807 pocula
230 3744 327 3809 quidem
339 3745 490 3795 dissimulare
501 3748 589 3812 potuit.
623 3749 693 3798 Cete·
759 3750 801 3795 at.
818 3746 869 3795 Hoc
884 3765 924 3811 ego
940 3752 960 3796 si
974 3750 1094 3809 compellor
1104 3750 1215 3820 imagine,
1226 3746 1247 3793 si
1259 3745 1290 3794 ad

132 3823 185 3855 rum
205 3808 301 3883 Cinorp,
319 3818 346 3857 ut
363 3825 394 3858 ex
413 3810 457 3859 boc
478 3812 531 3895 loco
549 3820 655 3877 apparet,
671 3820 696 3889 et
727 3810 1079 3885 metranslertur'lrreolabula
1109 3824 1290 3881 uasregoquo·

129 3886 193 3983 tt.
205 3871 697 4010 liminianlttntrttt
728 3875 838 4004 llil?
842 3876 1291 3994 s3331⁰÷.⁰itt5tssz.tt,ttt

131 3996 149 4053 i,
162 4000 201 4055 14,
212 4000 253 4054 3³,
263 4016 311 4065 pra
324 4000 378 4048 alias
390 4002 501 4050 omnibus
513 4002 600 4067 puellis
612 4004 696 4068 plaeu-
728 4002 811 4051 citiam
825 4003 977 4068 adrepserim,
988 4010 1078 4050 cuncta
1088 4003 1188 4064 resigno,
1201 3997 1288 4047 reddo:

131 4059 179 4110 isse
191 4063 283 4111 videtur
295 4064 404 4114 Horatio.
730 4083 783 4132 sup.
797 4066 845 4114 Od.
857 4065 892 4120 iii,
903 4066 944 4122 29,
955 4068 996 4121 54,
1007 4069 1026 4113 si
1036 4067 1118 4113 celerer
1127 4066 1204 4125 quatit
1217 4063 1290 4127 (For-

164 4128 271 4175 29-39.
304 4128 373 4177 Forte
407 4146 448 4192 per
479 4139 610 4193 angustum,
638 4140 695 4181 cett.
728 4131 804 4190 tuna)
817 4131 916 4184 Pennas,
927 4132 1019 4193 resigno
1029 4146 1077 4191 qam
1087 4130 1163 4177 dedit.

131 4204 210 4237 nexus
221 4192 409 4241 sententiarum:
428 4194 486 4242 Non
500 4210 554 4241 sum
572 4193 643 4243 homo
654 4196 696 4259 qui
761 4196 850 4251 35,36.
864 4194 1167 4254 Necaomaamplatia,eett.
1190 4191 1292 4250 Sensum

131 4252 197 4364 appd
214 4262 247 4311 te,
266 4256 400 4367 Macepas,
419 4258 485 4322 pasci
502 4265 526 4305 et
543 4257 697 4371 pingueppepe
729 4259 755 4307 hi
765 4259 814 4306 duo
822 4273 904 4370 {emotas
914 4257 974 4305 mibi
983 4257 1081 4305 fundere
1088 4254 1281 4365 videnpupshppp¹
1284 4272 1289 4299 :

131 4332 161 4427 ivd
171 4333 445 4443 blumbidmmlruinnddli,
458 4330 573 4451 ὶξιτῗῗρζίυξ
591 4331 698 4435 ¹litamusai
730 4325 948 4452 {zdie'pldstndoedldin
958 4330 1041 4451 blitilde
1051 4336 1115 4433 diis
1122 4334 1209 4457 ιἔξιιιιιο
1219 4389 1244 4455 et
1254 4354 1292 4429 in1

132 4459 254 4517 compamr
277 4460 331 4495 cum
354 4448 463 4497 nitedula
486 4448 511 4496 iu
534 4449 632 4507 fabulis,
655 4451 698 4514 qui
730 4452 796 4499 ertias
814 4448 938 4515 indulgere
953 4452 1058 4516 cupiam,
1076 4448 1110 4497 ita
1128 4445 1189 4521 illud
1205 4453 1291 4518 otium,

131 4523 203 4558 unice
215 4510 371 4574 spectaverim
382 4511 436 4570 lroc,
449 4521 478 4561 ut
487 4512 552 4577 apud
562 4520 585 4562 ta
596 4513 696 4577 pingue·
731 4514 773 4562 ubi
792 4513 866 4563 libere
881 4514 940 4562 mihi
956 4514 1032 4565 virere
1043 4522 1067 4564 et
1078 4511 1164 4562 studus
1180 4525 1240 4559 mers
1251 4524 1291 4557 va·
