3150 5200
273 350 346 406 xxiv'
664 346 851 406 HORATll
873 345 1036 406 METRA.

351 489 492 572 Irascimie
507 491 637 572 Helelaoe
653 493 758 552 Castor
768 492 897 573 efferrem
908 494 1005 552 uicem.
1048 491 1141 570 Epod.
1157 491 1204 560 17,
1219 490 1267 550 42.

354 588 441 666 Optat
456 585 586 669 quiritem
601 585 730 666 Pelolpr'c
743 587 828 664 irfidr'
836 596 934 664 pater.
974 585 1069 665 Epod
1085 584 1133 654 17,
1148 585 1197 644 65.

351 681 489 763 Attalea
503 681 599 763 atique
611 679 742 762 ccailbur
755 680 934 763 bomilcidam
949 681 1111 740 Hectorem.
1152 680 1247 760 Epod.
1262 680 1310 751 17,
1326 683 1372 740 12.

352 778 501 859 Vectalbor
515 774 650 857 hamelris·
663 774 746 856 taacl
760 797 811 854 ego
825 774 959 856 iailmicic
972 795 1063 854 eques.
1105 775 1200 854 Epod.
1217 776 1263 846 17,
1278 776 1326 846 74.

270 872 307 929 In
322 873 444 951 Epodon
458 895 543 933 carm.
560 873 606 941 16,
622 873 762 932 Horatius
776 874 856 950 puris
868 873 971 931 iambis
985 891 1055 930 ueras
1068 882 1122 930 est.

352 967 409 1026 Est
422 969 453 1026 ia
467 981 559 1027 metro
573 969 614 1036 111,
628 968 687 1035 xiv,
702 986 749 1036 xv,
764 968 833 1024 xvii.

684 1141 712 1198 b.
738 1140 844 1197 Versus
861 1139 1010 1196 trochaici.

272 1251 300 1310 4.
324 1251 545 1330 Ithyphallicus.

350 1446 385 1504 In
399 1447 564 1525 logaoedicis
578 1459 638 1517 aut,
653 1447 677 1506 si
687 1351 793 1516 1111111,
807 1448 981 1526 asynartetis
994 1468 1073 1506 uum.
1091 1448 1136 1506 19.

274 1542 301 1599 5.
323 1541 435 1600 Versus
448 1543 609 1602 trochaicus
623 1541 745 1600 dimeter
759 1542 925 1602 catalectus.
1054 1536 1057 1541 ’

514 1740 658 1799 Traditur
671 1739 733 1796 dieo
745 1739 801 1796 die.
841 1739 872 1808 ii,
888 1738 934 1808 18,
952 1738 996 1811 15.

276 1833 416 1892 Horatius
428 1834 587 1912 spondeum
597 1835 628 1892 in
642 1831 766 1893 secunda
780 1833 849 1893 aede
862 1853 920 1891 nou
933 1833 1075 1892 admittit.

353 1929 407 1987 Est
421 1929 452 1986 in
466 1941 558 1988 metro
571 1929 651 1987 xviii.

668 2108 691 2144 c.
717 2086 825 2144 Versae
841 2084 1036 2144 choriambici.

274 2213 303 2270 6.
331 2213 444 2273 Versus
470 2213 679 2272 Pherecrateus
705 2235 728 2272 s.
750 2214 956 2272 choriambicua
982 2221 1160 2271 monometer
1179 2211 1428 2290 hypercatalectus

353 2329 417 2366 cum
431 2309 502 2377 basi,
516 2308 546 2365 iu
560 2329 617 2386 qua
630 2305 707 2386 apud
723 2309 879 2367 Horatium
893 2328 1007 2386 semper
1019 2307 1163 2385 spondeus
1175 2317 1230 2366 est.

515 2487 543 2545 V
541 2487 566 2543 io
572 2407 705 2563 fbrmosa
717 2398 820 2544 videbi.
860 2488 899 2556 iv,
916 2486 962 2554 13,
976 2488 1005 2544 3.

354 2581 411 2641 Est
424 2581 456 2639 iu
469 2591 561 2640 metro
573 2581 611 2638 iv.

275 2674 302 2744 7.
323 2676 435 2736 Versus
449 2676 614 2755 Glyconeus
628 2697 650 2735 s.
659 2677 865 2735 choriambicus
878 2676 1002 2735 dimeter
1015 2676 1172 2735 catalectus
1185 2678 1216 2734 in
1229 2677 1427 2755 pyrrhichium

353 2781 404 2829 aut
424 2770 563 2839 iambum,
582 2792 648 2829 cum
670 2771 741 2841 basi,
760 2792 847 2849 quam
868 2771 947 2850 apud
969 2771 1126 2830 Horatium
1148 2792 1262 2850 semper
1282 2771 1428 2849 spondeus

352 2874 444 2924 tenet.

511 3060 567 3120 Nil
579 3062 746 3121 mortalibus
759 3063 884 3120 arduom
897 3071 947 3120 ert.
988 3062 1008 3130 i,
1022 3061 1052 3130 3,
1065 3062 1114 3129 37.

352 3156 405 3215 Bis
418 3156 450 3215 in
462 3156 523 3215 basi
535 3159 710 3235 reperiretur
723 3158 873 3226 trochaeus,
888 3159 913 3217 si
925 3157 1013 3216 lectio
1030 3154 1171 3215 servanda
1187 3167 1272 3215 esset.
1318 3156 1429 3215 Teucer

353 3257 379 3307 et
399 3250 419 3319 i,
436 3249 482 3320 15,
497 3249 546 3321 24,
560 3262 590 3311 11
604 3252 691 3329 Ignis
705 3252 818 3311 Iliacas
839 3252 909 3311 ibid.
922 3254 972 3311 36.
1012 3251 1137 3330 Syllaba
1156 3251 1278 3321 ultima,
1291 3272 1349 3329 qua
1362 3273 1427 3311 rer-

352 3364 401 3402 sus
415 3346 554 3414 abundat,
569 3346 696 3405 vocalem
710 3346 811 3405 eliaam
824 3348 933 3424 reperis
946 3348 984 3417 iv,
1001 3349 1028 3418 l,
1039 3347 1087 3407 35.

350 3432 411 3498 ¹Est
423 3439 455 3496 ia
470 3450 562 3499 metro
575 3441 606 3509 ii,
620 3440 663 3509 iii,
678 3441 717 3500 iv.

272 3533 301 3591 8.
322 3532 434 3593 Versus
449 3532 655 3611 Asclepiadeus
673 3536 767 3593 minor
778 3555 802 3594 s.
815 3556 916 3596 versus
933 3537 1140 3596 choriambicus
1159 3538 1291 3596 trimeter
1311 3546 1428 3593 autece-

352 3628 433 3687 deati
447 3628 558 3697 similis,
574 3630 631 3688 nisi
644 3630 720 3707 quod
733 3650 792 3689 uno
804 3632 967 3690 choriambo
980 3632 1153 3710 locupletior
1165 3640 1218 3690 est.

435 3728 485 3739 n·-
524 3720 712 3823 p-UU-l'
748 3724 907 3809 *MV-¹
948 3724 1006 3747 VM

432 3805 608 3866 Crescentem
623 3817 752 3887 sopastar
765 3829 838 3868 cura
851 3810 1010 3888 pecaniam.
1051 3812 1095 3880 iii,
1112 3810 1158 3879 16,
1175 3808 1221 3878 17.

352 3900 469 3960 (lasura
482 3901 526 3961 his
537 3904 640 3963 omissa
653 3914 714 3963 est:

429 3994 509 4053 Dum
515 3997 685 4077 flagrantia
699 4000 846 4079 detorquet
859 4001 899 4058 od
910 4001 1020 4059 oscula
1060 4002 1091 4069 ii,
1107 4000 1155 4070 12,
1169 3998 1217 4057 25.

431 4089 499 4149 Noa
512 4092 655 4169 stipendia
672 4094 864 4173 Carthaginis
876 4096 978 4171 impia.
1018 4096 1058 4165 ir,
1069 4096 1099 4165 8,
1115 4095 1161 4165 17.

351 4182 456 4243 Mirari
477 4185 556 4256 licet,
576 4189 755 4259 Bentleium,
774 4190 856 4260 dum,
874 4190 906 4247 ia
926 4202 994 4249 ncta
1020 4190 1057 4248 ad
1081 4210 1195 4250 versum
1214 4200 1371 4269 posterum
1390 4209 1427 4248 ex

350 4300 440 4357 pausa
452 4280 484 4339 in
496 4282 592 4341 media
602 4304 670 4344 voce
683 4285 842 4344 constituta
854 4295 1058 4361 argumentum
1072 4305 1171 4345 versus
1184 4273 1301 4344 delendi
1313 4296 1426 4363 petens,

349 4374 556 4446 vehementior,
567 4378 613 4436 uti
627 4379 709 4448 solet,
718 4380 749 4438 in
763 4380 961 4439 tenebricaem
973 4380 1067 4450 illum,
1077 4380 1128 4459 qui
1141 4381 1220 4439 hunc
1229 4400 1345 4441 vasum
1358 4399 1427 4438 cca·

350 4472 487 4541 texuerit,
498 4473 655 4544 inuehitur,
665 4474 819 4551 adjecisse:
842 4481 863 4508 “
871 4466 1019 4554 uuirquam
1033 4474 1173 4537 sesemel
1186 4477 1304 4555 quidem
1319 4474 1427 4547 (sciens
