3150 5200
571 342 735 410 LIBER
758 344 785 421 l,
806 345 860 411 30.

533 690 746 779 'onumen
772 714 889 780 xxx.

565 941 624 989 AD
645 942 866 991 VENEREM.

353 1101 386 1165 0
401 1101 534 1177 Veron,
551 1101 664 1184 regine
681 1099 785 1165 Gnidi
800 1099 984 1183 Pephique,

355 1202 479 1286 Sperne
495 1201 647 1265 dilectam
661 1201 806 1285 Cypron,
821 1211 856 1265 et
869 1203 1014 1267 vocantis

354 1303 444 1367 Ture
459 1314 493 1367 te
508 1302 609 1367 multo
626 1301 777 1387 Glycerae
793 1302 945 1368 decoram

651 1402 811 1467 Transfer
825 1403 859 1467 in
873 1404 987 1468 aedem.

301 1508 322 1571 5
354 1506 513 1571 Fervidus
529 1516 636 1570 tecum
651 1504 751 1581 Puer,
767 1516 801 1569 et
816 1505 932 1571 solutis

352 1606 478 1671 Gratiae
493 1608 594 1685 zonis,
610 1618 852 1691 properentque
867 1607 1044 1691 Nymphae,

354 1710 399 1773 Et
414 1731 529 1794 parum
544 1709 644 1774 comis
660 1710 729 1771 sine
744 1718 777 1773 te
791 1707 963 1784 Juventas,

652 1808 916 1893 Mercuriusque.

167 1959 273 2007 10—16.
290 1960 376 2007 Aeduis
385 1960 471 2009 Pronus
482 1963 554 2008 retabi
563 1976 624 2023 pom
635 1962 694 2007 river
726 1960 782 2008 415.
804 1960 898 2023 Spem,
907 1976 950 2025 pro
958 1960 1059 2023 vulgari,
1069 1957 1186 2025 relinque,
1195 1960 1291 2020 deaere;

132 2022 261 2079 Montibtu,
273 2022 299 2071 lt.
311 2038 333 2072 e.
344 2024 392 2072 lieri
409 2040 485 2088 posse,
498 2034 525 2073 ut
541 2024 585 2073 rivi
602 2038 694 2072 numum
726 2023 760 2071 sie
781 2040 836 2088 cup.
855 2025 872 2083 i,
892 2026 931 2081 19,
948 2027 973 2073 9.
1008 2026 1101 2081 Venus,
1119 2040 1175 2073 cum
1195 2025 1291 2072 totuin

180 2088 224 2135 'ter
240 2102 269 2135 ac
286 2087 396 2135 deorsum
414 2104 487 2153 pruno
510 2104 581 2136 curru
605 2087 635 2135 ad
657 2102 693 2133 er·
727 2087 834 2136 animum
853 2097 929 2153 poete
947 2095 1034 2146 rueret,
1051 2088 1154 2151 Cyprum
1170 2090 1292 2135 deteruim

130 2101 194 2198 diii
208 2152 462 2200 montesrelabantur:
480 2154 593 2199 montibus
606 2158 694 2199 estca-
727 2149 837 2211 dicitur;
864 2168 970 2214 eperum
992 2166 1076 2215 nempe
1098 2150 1214 2199 hactenns
1237 2150 1290 2214 jam

131 2230 176 2262 nuc
186 2214 277 2263 tertius.
312 2216 425 2264 Ceterum
437 2215 562 2263 fluviorum
575 2214 694 2264 adlonter
726 2214 828 2263 debebat
843 2217 929 2264 Venus
946 2216 1063 2287 Cyprum,
1078 2223 1114 2270 nt,
1130 2214 1246 2279 quamdiu
1264 2216 1290 2262 in

131 2294 243 2327 recursus
257 2294 321 2343 saepe
336 2279 367 2328 de
382 2280 452 2328 rebus
463 2276 602 2337 ἀδυνάτοις,
614 2278 652 2327 vel
664 2278 694 2327 de
726 2277 798 2327 domo
817 2279 929 2343 Glycerae
951 2294 973 2326 er
997 2292 1065 2325 sacra
1086 2279 1177 2335 fiuent,
1197 2278 1289 2326 tamdiu

131 2357 201 2390 verso
209 2358 286 2390 rerum
296 2342 388 2391 ordine:
406 2342 455 2391 vid.
467 2345 573 2407 interpp.
583 2340 694 2392 adOvid.
727 2341 794 2391 illam
848 2343 906 2409 price
918 2358 969 2391 run
979 2342 1030 2391 aedi
1042 2349 1203 2406 anteponeret.
1227 2342 1290 2390 Plu-

132 2406 278 2462 Her.v,30.
305 2406 405 2457 Pnnaetl.
430 2406 561 2463 Panaetius,
574 2406 694 2463 Rhodius,
727 2422 764 2455 ree
784 2423 813 2454 ur
873 2406 961 2456 Veneri
980 2420 1061 2455 sacrae
1076 2414 1184 2455 recenset
1198 2405 1290 2455 Camil.

132 2464 265 2519 Stoicorum
281 2470 400 2537 princeps,
413 2471 533 2537 Antipatri
551 2470 693 2536 discipulus,
726 2470 807 2524 xxxvi.
821 2473 849 2519 ll
862 2486 917 2545 sqq.
954 2470 1155 2520 Vocontiatetura
1170 2471 1251 2526 mutto,
1264 2469 1289 2518 lr.

132 2534 257 2583 Posidonii
267 2534 427 2650 doewiriffic'
440 2536 524 2585 Divin.
536 2534 553 2591 i,
563 2536 603 2599 ³),
615 2534 693 2601 Scipi·
726 2551 748 2584 e.
766 2536 906 2584 advocanur
921 2543 945 2584 et
961 2533 1085 2583 invitantia
1099 2542 1124 2583 te
1140 2534 1170 2583 ad
1187 2532 1291 2583 lautiora

132 2599 196 2654 onis,
214 2599 322 2650 Africani
372 2599 453 2664 ajoria,
469 2599 592 2649 familiaria
610 2599 692 2665 (Vell.
725 2600 768 2648 tibi
788 2599 907 2649 adolenda
927 2599 1054 2648 sacrificia.
1089 2600 1208 2656 Decorum,
1229 2599 1289 2648 refer

132 2663 216 2712 Pater.
234 2663 260 2720 ii,
280 2667 319 2720 13,
340 2666 379 2730 3),
400 2665 490 2720 multis,
511 2679 571 2728 quoe
589 2664 692 2731 scripsit,
726 2664 757 2713 ad
769 2664 911 2713 munditiem
924 2671 950 2712 et
961 2663 1070 2720 nitorem,
1082 2680 1140 2728 quo,
1152 2673 1181 2712 ut
1190 2662 1291 2712 decebat

132 2727 210 2784 libris,
236 2729 355 2794 precipue
382 2727 438 2792 περὶ
463 2731 506 2778 τοῦ
531 2727 691 2787 καθήκοντος,
724 2728 763 2776 die
774 2728 845 2784 lecto,
857 2728 943 2778 domna
955 2727 1086 2793 splenduit.

132 2791 281 2840 nobilitatem
291 2801 390 2842 nactus:
408 2792 441 2840 cl.
450 2793 504 2842 Cic.
516 2793 547 2841 de
559 2793 630 2844 Offic.
639 2793 657 2851 i,
666 2793 691 2849 2,
757 2795 831 2842 5-8.
849 2793 962 2840 Fer-vidua
978 2803 1053 2841 tecum
1070 2791 1143 2847 Puer,
1161 2797 1219 2839 cett.
1234 2805 1289 2840 aen-

131 2863 157 2904 et
177 2854 212 2913 iii,
234 2856 260 2904 2.
300 2857 438 2904 Socraticam
462 2859 561 2914 domum,
584 2857 693 2919 intellige
724 2872 786 2905 ans:
815 2866 840 2906 ot
864 2856 962 2930 quidem
989 2872 1046 2904 cum
1067 2853 1222 2911 dulcmtmie,
1246 2854 1289 2918 qui

130 2917 204 2968 libros
230 2919 693 2985 hilosophorumetamtlia‚h.e.secta
726 2921 820 2970 assidue
842 2921 886 2969 tim
906 2919 1026 2970 adherere
1044 2920 1131 2974 colent,
1151 2919 1289 2974 comitibus,

128 2983 169 3031 vel
191 2935 275 3057 anicla
295 2985 406 3058 Socredr,
426 3000 450 3033 v.
473 3000 496 3033 c.
518 2985 691 3050 Xenophontis,
725 2984 942 3058 Amore,·Gratiic,
961 2983 1090 3048 Nymphis,
1109 2983 1247 3056 iuventute,
1264 2990 1290 3055 et

130 3047 251 3104 Platonis,
264 3048 400 3104 AEschmn,
412 3056 469 3097 cett.
499 3048 692 3105 locriaerlerro
724 3049 857 3097 Mercurio.
892 3048 1017 3095 Fervidus:
1034 3054 1072 3096 eet
1081 3061 1144 3094 enirn
1156 3048 1226 3094 Amor
1235 3059 1288 3094 nm·

129 3110 227 3175 optimo,
240 3113 351 3178 Hispano
362 3127 455 3178 nempe,
466 3112 591 3164 contectis.
725 3127 807 3162 moena
816 3121 841 3161 et
850 3111 982 3160 fervidioris
992 3109 1082 3184 ingenii
1093 3123 1160 3173 puer.
1189 3109 1288 3164 Gratiae,

725 3185 846 3242 perpetum
852 3175 954 3225 Veneria
966 3183 1066 3223 comites
1075 3181 1101 3222 et
1110 3173 1238 3222 ministre:
1255 3173 1290 3221 ei.

285 3241 438 3290 CARMEN
456 3241 539 3289 XXX.
726 3256 781 3306 sup.
797 3241 815 3297 i,
829 3243 853 3297 4,
865 3243 897 3300 53
914 3247 939 3288 et
955 3240 1054 3288 Homer.
1072 3238 1096 3286 H
1157 3271 1164 3286 .
1181 3236 1207 3284 in
1224 3237 1288 3285 l'en.

164 3303 360 3369 Danlycera,
373 3304 439 3354 haud
457 3305 530 3354 dubie
548 3305 630 3370 puelle
647 3306 694 3354 lor·
726 3322 749 3354 v.
767 3307 817 3364 61;
840 3302 929 3353 Claud.
942 3303 972 3352 de
986 3304 1064 3368 Nupt.
1106 3316 1173 3350 onor.
1190 3317 1214 3350 v.
1233 3302 1289 3350 100.

128 3367 227 3424 mocior,
239 3383 309 3416 sacre
323 3368 349 3416 in
365 3367 436 3418 ἀοιῃο
454 3376 577 3443 turparet
589 3370 695 3428 Venen'3
727 3369 813 3418 Soletis
829 3371 899 3425 roais,
911 3367 1043 3424 discinde,
1055 3367 1108 3416 aine
1124 3365 1190 3414 nonin
1199 3382 1207 3425 3
1222 3365 1289 3429 quod

129 3431 205 3487 hanc,
220 3439 248 3479 nt
265 3431 348 3481 dextra
363 3441 436 3496 atque
452 3432 554 3498 propitia
570 3449 626 3482 cum
645 3441 695 3483 toto
728 3433 759 3481 ad
776 3441 868 3496 gratam
886 3431 1023 3482 Gratiarum
1041 3429 1212 3495 negligentiam
1228 3428 1288 3484 refe·

128 3495 248 3544 comitatu
258 3511 304 3544 suo
314 3497 349 3544 illi
360 3497 515 3554 adurerent,
524 3497 570 3561 piis
579 3497 689 3563 precibus
722 3497 831 3546 rendum.
864 3495 1073 3558 Juocataa‚”flflq‚
1088 3511 1144 3559 qua
1203 3495 1247 3542 'ter
1262 3492 1289 3542 in

128 3567 201 3623 poeta
215 3557 335 3624 implorat.
367 3560 554 3611 similitudinem
567 3562 690 3625 quandam
723 3561 826 3610 Veneria
847 3561 961 3610 comitatu
984 3570 1083 3625 apparet
1102 3573 1151 3624 apo
1189 3559 1289 3607 Homer.

128 3639 187 3696 cnm
202 3622 248 3672 hoc
265 3624 370 3674 carmine
386 3626 495 3700 clmtqqi
509 3625 582 3675 habet
593 3627 689 3689 Frugm.
723 3626 815 3690 Hymn.
832 3624 858 3672 in
870 3625 953 3699 Apoll.
966 3626 1022 3698 195.
1057 3625 1145 3672 Parum
1159 3625 1227 3696 coorta
1239 3626 1289 3671 aine

130 3687 691 3816 “intinniitinlinit...
723 3687 1288 3828 tstlt&‚⁰”t'ttt'jtttttttttttt

129 3812 243 3888 quia‚·ut
259 3816 304 3864 dea
320 3816 429 3892 tutelaria
444 3817 526 3866 Gnido
542 3826 650 3882 praerat,
667 3826 691 3866 et
724 3817 820 3892 redditq
843 3818 1027 3891 Memmiosque,
1047 3817 1091 3880 qui
1112 3814 1181 3864 odeat
1198 3813 1287 3863 Veneri

129 3882 691 4000 tttnittttttstttbdtittt
723 3877 1289 4010 titillet),(3²..itttdtttiit‘2tssi

126 4021 144 4054 a
153 4005 274 4057 Praxitele
285 4009 380 4074 sculpto
392 4008 551 4058 nobilissima:
566 4009 614 4058 vid.
624 4011 690 4059 Pau·
723 4011 773 4060 liet.
808 4011 874 4058 Hine
892 4010 944 4072 ipsa
956 4009 1042 4056 Venus
1058 4005 1123 4070 apud
1134 4003 1212 4069 Apul.
1224 4005 1287 4051 Met.

126 4085 180 4119 ean.
194 4071 270 4121 Attic.
283 4072 300 4130 i,
312 4075 360 4132 20,
376 4073 441 4124 Plin.
452 4073 534 4130 xxxvi,
545 4076 570 4122 5.
604 4075 689 4136 Paphi.
723 4075 756 4131 vi,
768 4089 793 4138 p.
804 4075 836 4121 93
848 4070 969 4136 (Fiant),
981 4071 1039 4125 Seis,
1054 4085 1149 4117 torvum
1166 4077 1230 4114 tuam
1243 4067 1286 4114 Ve-

126 4133 236 4208 Paphus,
260 4137 335 4202 Cypri
356 4137 478 4251 oppidum,
500 4137 601 4186 Veneris
622 4137 689 4186 cultu
722 4154 798 4189 neruo
812 4139 860 4186 aine
874 4136 989 4184 Mercurii
1001 4135 1123 4195 presentia
1139 4133 1175 4180 att
1190 4147 1286 4194 utqttcar

125 4207 184 4248 satu
201 4208 299 4250 nomm:
319 4201 351 4252 cl.
394 4201 439 4266 irg.
457 4203 518 4251 AEn.
534 4219 557 4260 x,
572 4205 612 4259 51,
630 4210 654 4250 et
671 4201 688 4262 i,
715 4203 810 4267 fecisse.
