3150 5200
564 366 729 433 LIBER
752 369 814 446 IV,
836 370 868 434 7.

295 523 339 586 35
361 521 519 588 Lesbium
534 531 660 584 servate
675 521 804 605 pedem,
819 522 947 604 meique

618 620 750 686 Pollicis
765 623 877 699 ictum,

361 726 440 792 Rite
456 725 594 790 Latonae
606 747 744 808 puerum
758 735 924 801 canentes,

361 829 439 894 Rite
454 836 654 892 crescentem
669 825 739 890 l'ace
754 825 973 902 Noctilucam,

361 928 558 1012 Prosperam
572 927 714 1010 frugum,
731 927 934 1011 celeremque
948 948 1070 1010 pronos

295 1029 340 1092 40
618 1027 760 1092 Volvere
774 1051 914 1093 menses.

360 1131 476 1216 Nupta
486 1133 554 1215 jam
569 1130 677 1194 dices:
702 1129 778 1214 Ego
794 1129 858 1194 Dis
874 1131 1021 1207 amicum,

363 1231 491 1296 Saeculo
506 1231 606 1296 festas
622 1230 782 1296 referente
798 1232 899 1308 luces,

362 1333 509 1398 Reddidi
525 1355 664 1410 cannen,
681 1334 796 1399 docilis
811 1335 980 1400 modorum

621 1434 716 1499 Vatis
734 1435 864 1502 Horati.

564 1687 771 1754 CARMEN
794 1689 874 1754 VII.

475 1899 546 1947 AD
592 1899 967 1954 TORQUATUM.

231 2059 437 2124 Drrruuartn
452 2059 560 2124 nives:
577 2060 715 2124 redeunt
726 2060 795 2144 jam
810 2060 955 2142 gramina
969 2060 1107 2144 campis,

274 2160 527 2245 Arboribusque
542 2183 661 2224 comae:

144 2294 175 2344 td
195 2294 295 2344 chorum
319 2297 454 2360 puellarum
482 2310 657 2362 puerorumque
680 2310 705 2344 se
738 2293 830 2352 Diana,
847 2295 944 2342 fluxu«
958 2295 1066 2356 agricola
1080 2296 1144 2342 bonit
1156 2294 1224 2343 Tecto
1235 2295 1296 2360 sru-

144 2359 269 2415 convenit,
290 2375 358 2423 quos,
379 2369 406 2408 ut
427 2361 510 2410 modos
532 2359 653 2415 carminis,
674 2359 705 2408 sd
734 2361 805 2424 gibus
826 2360 909 2420 coplas.
942 2359 1009 2406 Celer
1104 2375 1188 2420 pronos
1207 2359 1299 2407 Volvere

144 2423 209 2488 quod
220 2423 316 2488 publice
332 2424 358 2472 iu
374 2423 438 2472 ludis
452 2425 606 2474 secularibus
615 2424 704 2472 decun-
737 2439 830 2478 memet,
849 2423 943 2478 Graeoc,
954 2437 1005 2487 pro,
1020 2437 1049 2469 ce
1058 2437 1123 2470 erem
1140 2422 1165 2470 iu
1177 2423 1300 2473 volvendis

143 2487 245 2536 tendum
256 2503 270 2536 e
282 2487 433 2536 nobilissimis
443 2490 556 2551 gentibus
566 2489 637 2537 electi
652 2488 704 2536 fue·
737 2488 875 2545 mensibus,
892 2495 920 2534 ut
929 2501 984 2552 sup.
994 2485 1012 2543 i,
1028 2487 1066 2541 16,
1076 2488 1116 2542 to,
1128 2497 1150 2533 et
1161 2489 1254 2536 otlmm
1264 2503 1298 2535 te·

143 2558 206 2607 rent,
218 2567 244 2601 se
253 2552 422 2663 precinentem
440 2552 547 2610 sudiaut,
558 2552 609 2617 jam
620 2561 705 2619 presto
737 2555 777 2615 qui
804 2554 906 2614 Ajacem,
928 2549 963 2607 iii,
988 2551 1027 2606 lt,
1051 2551 1090 2606 12,
1113 2553 1173 2600 celer
1198 2555 1301 2615 aripert

144 2616 229 2665 adesso
270 2618 337 2681 ugit:
352 2620 436 2691 Ιχοροῦ
461 2616 610 2667 διδασκάλου
634 2618 707 2692 igitur
737 2633 830 2678 aprum.
864 2616 959 2672 Pronus,
970 2629 1045 2680 prono
1059 2614 1168 2681 adeoque
1178 2616 1299 2682 praecipite

144 2682 706 2813 lalvillltisslil?{llellqlitcmllililcmtctllllci
738 2680 977 2817 culssll-lllllinll'lipto
986 2747 1040 2805 jum
1057 2746 1127 2801 «licet,
1145 2752 1201 2793 cett.
1225 2743 1299 2801 Quod

145 2810 209 2866 Dee,
222 2824 274 2865 vos,
286 2810 329 2873 qui
344 2810 401 2859 estis
417 2810 482 2875 pueri
508 2810 634 2873 uelleque,
646 2824 706 2874 quos
738 2807 806 2857 addit
823 2810 944 2863 nonnus,
964 2808 1066 2871 puellas,
1085 2809 1106 2856 si
1125 2808 1222 2873 quando
1239 2823 1298 2857 con-

145 2873 229 2923 Dieoa
240 2875 336 2938 Sospita
350 2874 425 2923 tutela
436 2890 480 2923 sut
491 2826 554 2923 lltvet
565 2883 637 2937 atque
648 2889 704 2921 cus·
734 2872 808 2937 juger
816 2880 840 2921 et
849 2880 937 2921 matres
947 2871 1034 2920 tuturo
1044 2873 1101 2929 siut,
1109 2871 1139 2921 de
1149 2873 1237 2921 honore
1246 2872 1298 2930 illo,

144 2938 214 2986 totlit.
258 2939 397 2993 Cohibentis,
416 2938 523 2987 incientis
549 2954 580 2987 ne
602 2938 706 3002 emplius
737 2952 785 3000 quo
797 2937 854 2985 olim
866 2936 891 2984 in
901 2935 966 2983 ludis
976 2936 1128 2983 secularibus
1137 2952 1233 2984 cutmen
1246 2938 1298 2985 Ho-

144 3001 249 3067 lugiant‚
269 3001 294 3049 h.
317 3018 339 3051 e.
362 3002 455 3066 figentis
482 3011 506 3051 et
544 3002 705 3051 rosterueutis.
737 3002 855 3049 ratianum
867 3000 963 3065 publice
973 2999 1160 3056 decantaverint,
1170 3000 1298 3063 jucundis·

145 3066 238 3115 Eodem
255 3067 326 3131 plane
346 3066 417 3115 modo
440 3066 504 3131 apud
524 3019 620 3115 livium
642 3066 659 3123 i,
681 3069 705 3124 t,
739 3065 800 3113 sima
813 3064 888 3113 animi
908 3063 1069 3111 recordatione
1085 3073 1220 3111 narraturus
1237 3080 1298 3121 este,

137 3130 207 3194 feroc
217 3132 345 3185 subsistere,
358 3131 382 3179 h.
393 3147 415 3179 e.
431 3131 509 3179 lacere
527 3138 554 3178 ut
565 3130 703 3188 subsistant,
735 3128 761 3177 id
774 3129 868 3183 iisdem,
884 3136 912 3177 ut
927 3135 1006 3193 partes
1024 3142 1081 3175 suas
1097 3142 1163 3175 nunc
1181 3128 1241 3176 bene
1256 3143 1298 3177 ex·

143 3196 231 3259 pro,fi
261 3210 286 3242 re
307 3194 403 3243 dicitur.
436 3195 542 3243 lesbium
560 3205 648 3243 seruate
665 3212 704 3257 pe-
736 3193 839 3305 plorent,
851 3192 916 3241 houd
926 3192 1041 3255 exiguum
1054 3192 1299 3241 incitamentumesse

145 3261 232 3314 deum
266 3259 379 3307 carminis
396 3258 508 3323 Sapphici
522 3259 705 3307 numemsbeue
754 3258 830 3306 ebuit.
873 3258 975 3304 Reddidi
995 3274 1096 3311 carmen,
1118 3254 1226 3321 apposite
1247 3272 1298 3321 pro,

144 3322 312 3435 tttlttll
329 3322 590 3436 ltllttttt‘lt
603 3324 705 3435 litt
737 3319 1301 3435 ltllll'lttttllltttltttmllti

147 3452 238 3512 meique
254 3403 343 3511 pontiti
357 3405 437 3509 ictrlm,
451 3461 475 3499 ot
491 3450 521 3498 ad
537 3466 560 3497 m
593 3466 629 3506 os,
645 3422 706 3516 quoi
739 3460 818 3499 auteur
828 3422 933 3505 cumen,
945 3449 1004 3497 duro
1015 3447 1077 3497 illud
1087 3420 1161 3507 lauit,
1173 3420 1260 3498 ridelit.

146 3528 192 3577 ego
204 3514 273 3561 vobis
286 3514 314 3563 ad
329 3514 404 3579 lyram
420 3515 507 3581 pollice
519 3530 572 3563 meo
588 3516 707 3580 pulsatam

146 3593 235 3643 praeeo.
279 3578 334 3627 Rite
356 3580 450 3629 Lotouae
476 3596 572 3641 puerum
593 3590 706 3638 canentes,
902 3593 1056 3643 CARMEN
1074 3594 1138 3643 vn,

146 3642 202 3690 tcto
213 3644 407 3708 ornantemfuce
419 3645 580 3701 Noctilucam,-
592 3643 618 3690 in
631 3644 706 3709 Apol·
1158 3700 1161 3705 ,

145 3706 203 3753 linis
226 3706 292 3754 enim
314 3715 338 3755 et
359 3708 446 3757 Dianae
468 3706 579 3757 laudibus
600 3718 707 3757 versatur
771 3712 815 3759 Est
833 3711 878 3760 hoc
901 3725 997 3759 carmen
1019 3710 1117 3758 carmini
1139 3718 1224 3775 quarto
1246 3710 1300 3759 libri

145 3772 249 3819 maxim
260 3771 381 3820 Carminis
391 3772 519 3821 secularis
529 3782 704 3833 argumentum.
737 3774 807 3839 primi
818 3774 976 3823 simillimum.
1010 3774 1041 3822 Iu
1055 3782 1157 3839 utroque
1171 3775 1235 3823 enim
1246 3791 1299 3824 car·

147 3834 288 3884 crescemus
292 3836 360 3901 juce,
371 3837 395 3885 h.
403 3854 425 3885 e.
435 3837 539 3895 lumine3
558 3837 613 3885 hinc
626 3838 704 3885 Diona
737 3840 802 3886 mine
819 3848 890 3903 poeta
908 3839 997 3887 amicos
1012 3854 1077 3894 tuos,
1098 3839 1123 3887 in
1142 3839 1186 3887 lroc
1201 3839 1299 3902 quidem

145 3898 260 3965 Lucaferu
271 3898 349 3948 locem
362 3901 387 3948 in
404 3917 475 3949 manu
487 3910 570 3949 tenens
584 3900 707 3949 exhibetur
739 3903 897 3966 Torquatum,
910 3903 935 3949 in
944 3901 987 3949 illo
998 3904 1115 3959 Sextium,
1124 3903 1182 3951 dum
1190 3901 1252 3951 veris
1260 3918 1298 3952 re·

145 3963 170 4011 in
194 3972 253 4013 vett.
270 3965 433 4014 lllouurnentt.
478 3965 638 4013 Noctilucam:
662 3965 707 4013 hoc
739 3965 816 4014 ditum
829 3967 859 4013 iis
870 3975 926 4014 unte
936 3966 1018 4013 oculos
1029 3966 1103 4030 ponit,
1116 3967 1145 4015 ad
1156 3966 1212 4013 vius
1220 3966 1299 4015 breui·

144 4028 704 4141 tttlltllttrl'tllt1t0tl'ltlt·
737 4037 858 4143 {illul
872 4028 1299 4157 tltltttttlttttttlt

146 4156 176 4203 L.
197 4158 227 4204 L.
246 4156 279 4212 iv,
296 4130 338 4211 lO,
358 4158 429 4205 Luna
449 4160 512 4206 dictu
534 4157 658 4205 Noctiluca
680 4160 706 4205 iu
738 4158 808 4206 bonis
827 4168 851 4207 et
864 4155 1016 4222 jucunditate
1032 4156 1128 4229 perfrui,
1143 4157 1217 4206 ubet.
1252 4160 1299 4208 Par

146 4220 258 4278 Pataita,-
277 4238 330 4269 mrm
351 4223 390 4269 illi
411 4232 480 4270 noctu
505 4223 566 4269 lucet
588 4223 705 4284 templum.
740 4222 889 4285 Torquatum,
906 4220 972 4269 haud
987 4220 1061 4269 dubre
1078 4220 1137 4269 intel
1147 4221 1247 4284 igeudus
1263 4232 1301 4272 est

146 4284 241 4333 Grecis
256 4300 352 4349 quoque
363 4286 431 4334 luam
442 4286 492 4334 sire
504 4287 582 4334 Diona
594 4286 654 4334 Luci
666 4286 706 4333 'eru
737 4286 802 4335 idem
819 4285 850 4334 sd
866 4300 938 4352 quem
956 4284 1018 4333 iulra
1029 4285 1136 4350 Epistola
1149 4285 1234 4349 quinta
1245 4286 1299 4336 libri

144 4347 247 4397 dicitur:
267 4350 624 4414 Nucrtputlovirtlopm'pc.
668 4366 705 4397 ro·
738 4349 808 4415 primi
819 4350 906 4416 scripta
921 4358 966 4407 est,
977 4365 1063 4415 nempe
1079 4351 1108 4398 L.
1119 4350 1230 4398 Manlius
1240 4351 1299 4400 Tor·

143 4429 235 4474 operm
247 4413 362 4478 frugum,
380 4414 445 4477 quod
463 4413 547 4462 attinet
567 4414 598 4463 ad
617 4414 706 4478 fruges,
739 4423 834 4480 quotus,
847 4414 963 4471 consulis,
973 4416 1019 4464 sub
1033 4430 1082 4490 quo
1095 4414 1210 4463 Horatius
1228 4423 1300 4464 uatus

145 4476 170 4525 h.
186 4492 210 4525 o.
224 4492 298 4541 egros
315 4478 411 4541 frugum
430 4478 550 4529 fertilitate
567 4493 706 4543 prosperan·
739 4488 783 4536 est,
796 4496 879 4555 nepos.
915 4480 1027 4528 Ceterum
1038 4495 1063 4527 m
1074 4480 1216 4528 senteutiam
1227 4479 1300 4544 hujus

146 4548 204 4598 tem,
217 4540 378 4607 φιρέκαρπον.
420 4543 514 4591 Catull.
533 4542 614 4599 xxxiv,
634 4545 663 4593 19
677 4543 707 4593 de
739 4543 851 4594 carminis
867 4544 917 4594 rid.
931 4559 986 4610 sup.
1002 4560 1096 4608 argum.
1107 4544 1138 4593 ad
1150 4543 1177 4601 ii,
1188 4546 1241 4593 9et
1252 4546 1298 4593 tt:
