3150 5200
531 357 758 423 CARMEN
787 359 835 421 11.

270 511 372 575 Simul
389 510 522 575 calentis
538 511 775 576 inverecundus
793 509 886 574 Deus

355 612 544 676 Fervidiore
560 635 648 676 mero
664 633 782 676 arcana
798 623 963 695 promorat
978 612 1060 677 loco.

207 715 246 776 15
269 714 370 787 Quod
386 715 412 776 si
428 715 507 778 meis
522 714 674 778 inaestuat
689 713 878 797 praecordiis

354 815 477 880 Libera
491 814 576 892 bilis,
592 825 629 878 at
644 814 715 880 haec
731 815 860 899 ingrata
874 814 978 877 ventis
993 815 1117 878 dividat

269 915 437 994 Fomenta,
454 916 569 981 vulnus
583 916 627 980 nil
642 915 760 980 malum
774 914 932 991 levantia3

355 1018 494 1083 Desinet
509 1019 688 1102 imparibus
703 1027 830 1082 certare
845 1019 1016 1081 submotus
1031 1018 1149 1101 pudor.

271 1117 339 1182 Ubi
350 1117 422 1184 haeo
438 1142 570 1184 severus
585 1129 618 1182 te
632 1117 739 1202 palam
753 1117 971 1194 laudaveram,

203 1219 248 1282 20
354 1220 475 1285 Jussus
490 1222 580 1286 abire
596 1219 738 1297 domum,
755 1219 884 1285 ferebar
897 1221 1022 1284 incerto
1036 1221 1122 1304 pede

269 1319 325 1386 Ad
340 1343 405 1386 non
421 1323 540 1387 amicos
555 1321 637 1386 heu!
662 1320 740 1384 mihi
755 1332 878 1405 postes,
892 1332 926 1385 et
939 1322 1022 1385 heu!

357 1423 486 1486 Limina
500 1423 594 1499 dura,
610 1424 729 1506 quibus
744 1421 873 1486 lumbos
886 1433 920 1486 et
935 1422 1054 1508 infregi
1067 1424 1165 1488 latus.

270 1523 381 1600 Nunc,
395 1523 563 1608 gloriantis
579 1523 756 1607 quamlibet
770 1523 993 1589 mulierculam

354 1624 497 1689 Vincere
511 1625 655 1701 mollitia,
671 1647 760 1688 amor
776 1624 907 1708 Lycisci
921 1647 972 1690 me
987 1637 1095 1703 tenet3

203 1727 249 1790 25
270 1726 369 1792 Unde
382 1728 539 1812 expedire
554 1749 619 1790 non
634 1727 810 1790 amicorum
824 1738 946 1810 queant

356 1829 479 1894 Libera
493 1829 638 1905 consilia,
654 1851 715 1893 nec
729 1828 933 1892 contumeliae
947 1850 1080 1913 gravem

271 1930 339 1996 Sed
354 1932 436 1996 alius
451 1931 560 2008 ardor,
576 1943 633 1995 aut
647 1929 765 2015 puellae
780 1929 939 2006 candidae,

356 2033 427 2098 Aut
442 2034 554 2099 teretis
569 2033 674 2117 pueri,
690 2033 820 2116 longam
834 2033 1023 2096 renodantis
1038 2054 1171 2096 comam.

139 2183 259 2248 quomodo
270 2192 353 2233 eontra
365 2183 492 2234 Inachiam
506 2183 699 2234 meumobdura·
734 2185 816 2233 Grac.
831 2185 862 2232 T.
873 2182 890 2240 i,
908 2200 932 2251 p.
945 2185 1001 2232 146.
1036 2184 1103 2237 Quod
1124 2187 1144 2231 ii
1159 2187 1214 2232 mair
1229 2186 1295 2233 inar-

138 2264 190 2297 rern
207 2249 331 2298 animum:
356 2249 462 2298 “lierine
479 2258 566 2314 potest,
585 2249 701 2312 querebar
734 2258 785 2296 trial
797 2251 929 2310 precordiis
943 2248 1104 2296 Liberubilis:
1122 2248 1209 2314 quodsi
1224 2248 1297 2311 igilur

138 2313 202 2377 apud
213 2320 247 2372 te,
265 2329 321 2361 rum
336 2313 391 2362 vino
402 2313 515 2362 incensus
526 2327 626 2362 arcanos
637 2329 701 2362 meos
734 2327 798 2360 nunc
810 2320 858 2359 tam
870 2311 946 2360 libera
960 2311 986 2358 in
1005 2311 1085 2360 animo
1102 2327 1155 2360 meo
1172 2312 1246 2360 servet
1261 2313 1297 2362 ira

139 2391 233 2425 amores
251 2375 294 2425 tibi
313 2385 449 2440 relegerem,
469 2379 550 2426 fierine
568 2385 653 2442 potest,
674 2387 702 2425 ut
734 2378 831 2436 (libera,
849 2391 904 2440 quaa
921 2375 989 2423 nullo
1004 2376 1108 2440 amplius
1125 2375 1296 2442 lomentoaup·

138 2441 243 2490 Inachia
264 2440 339 2489 animi
364 2441 412 2490 mai
438 2442 565 2492 eandorem
587 2441 699 2489 ditiorum
733 2440 866 2504 primitur),
878 2451 906 2488 ut
919 2443 992 2488 uentu
1000 2442 1100 2494 dividat,
1110 2448 1138 2488 ut
1148 2441 1227 2489 rentii
1238 2440 1296 2489 diri·

194 2515 267 2570 ponat
282 2505 439 2554 muneribusl
474 2504 565 2564 Quodsi
579 2505 699 2569 igiturin·
734 2502 821 2568 pianda
835 2503 935 2560 tradam,
948 2504 1007 2552 b.e.
1022 2503 1094 2552 missa
1114 2503 1210 2552 faciam.
1241 2506 1297 2555 Hac

156 2568 274 2633 ignationi
293 2584 352 2619 mea
369 2569 399 2617 de
414 2571 520 2620 Inachiae
536 2569 627 2635 injuria
640 2568 700 2619 libe·
726 2567 844 2634 jbmema,
856 2567 966 2632 intellige
981 2582 1124 2634 spemque
1137 2567 1296 2633 ejuainlna-

138 2634 189 2682 riua
201 2650 266 2684 nune
277 2633 311 2683 ita
322 2632 446 2696 indulgere
457 2635 545 2709 placet,
556 2643 584 2682 ut
594 2649 631 2691 ea,
647 2650 700 2697 qua
733 2632 813 2681 cbiam
832 2648 935 2682 amorem
952 2632 1031 2681 adhuc
1048 2633 1192 2692 nutriveram
1215 2650 1296 2709 spera-

139 2713 204 2747 rana
218 2699 298 2747 adbuc
316 2699 403 2746 amoris
419 2716 466 2749 mer
478 2700 585 2747 fomenta
596 2698 700 2755 inerunt,
734 2706 799 2745 verat
817 2712 910 2771 nempe,
928 2699 985 2753 iore,
1002 2706 1030 2745 ut
1046 2697 1148 2746 Inachia
1166 2697 1296 2748 candidum

139 2776 171 2811 ex
192 2762 272 2811 animo
291 2762 386 2827 ejiciam
405 2770 429 2813 et
446 2762 633 2821 miseriacum
648 2777 702 2826 ego,
735 2775 782 2825 pau
815 2760 848 2809 ris
874 2762 997 2825 ingenium
1023 2760 1134 2810 diriorum
1159 2762 1297 2813 muneribus

139 2841 212 2889 quam
233 2835 298 2881 ante,
318 2842 344 2875 aa
360 2842 409 2891 praa
427 2826 552 2876 ditioribus
571 2826 701 2881 contemni,
735 2838 855 2890 praerat.
888 2826 996 2888 Ingrata,
1013 2826 1049 2874 nil
1065 2823 1226 2892 proficiantia3
1244 2828 1296 2896 ipae

159 2890 380 2946 udabal,aubnroto
396 2906 461 2939 nunc
478 2890 523 2939 isto
538 2890 636 2956 pudore,
646 2905 703 2939 cura
736 2888 992 2954 explicat,uulmmmil
1009 2891 1095 2937 malum
1107 2892 1217 2939 mantia.
1247 2895 1295 2939 lle-

139 2906 274 3011 ditioribus,
286 2953 374 3019 quibua
385 2954 461 3021 impar
477 2970 540 3012 sum,
556 2962 647 3003 certare
661 2953 702 3002 de·
735 2956 794 3001 sinet
815 2956 930 3001 submotus
948 2957 1034 3015 pudm,
1055 2968 1100 3016 ego
1121 2955 1230 3002 submoto
1252 2954 1297 3004 illo

140 3017 247 3067 sinam.'‘
281 3019 383 3084 Copiose
397 3018 427 3067 de
443 3018 487 3067 boc
501 3019 554 3067 loco
565 3018 703 3083 disputavit,
736 3017 826 3081 pudore
839 3016 903 3080 (vid.
914 3016 981 3082 rap.)
991 3016 1107 3072 desinam,
1119 3024 1176 3065 cett.

140 3082 183 3131 aad
194 3083 248 3131 a'na
262 3098 358 3131 nusum
376 3098 424 3130 noo
440 3083 498 3131 salis
509 3082 630 3148 perspexit
640 3082 701 3129 Mit-
769 3082 873 3130 19-28.
890 3081 994 3136 Sameram
1011 3082 1078 3128 firmo
1096 3088 1121 3129 et
1138 3094 1219 3129 aerem
1236 3098 1295 3132 con·

140 3147 307 3196 aebericbiua.
341 3146 700 3201 Curnamlurmmnilualere,
734 3142 803 3204 ailio;
836 3147 994 3200 laudaveram,
1013 3145 1177 3210 iacturarum
1204 3146 1296 3205 lamus,

141 3219 199 3259 nota
216 3209 330 3275 loquendi
344 3210 435 3259 ratione
464 3226 499 3268 ro,
515 3209 596 3259 fierine
615 3218 701 3275 potest,
733 3222 768 3257 ac.
781 3224 796 3257 a
811 3218 836 3258 te
844 3227 851 3267 ;
868 3211 931 3256 abire
941 3212 1040 3265 clumam
1051 3224 1128 3257 meam
1141 3224 1234 3275 nempe,
1248 3227 1295 3260 nou

140 3275 188 3330 vel,
200 3275 326 3329 camelas,
338 3283 365 3322 ut
376 3274 409 3322 nil
422 3282 502 3322 uaeal
513 3273 700 3323 contralucrum
734 3272 823 3338 puelle
843 3272 949 3321 domum.
995 3274 1094 3321 Paretur
1115 3275 1203 3321 incerto
1224 3278 1294 3337 pedi.-

140 3346 200 3387 catt.
232 3340 362 3401 Apploranr
380 3340 431 3395 titi,
450 3336 554 3387 dolorem
573 3354 652 3385 meum
668 3346 702 3386 ta-
736 3352 789 3400 ago,
803 3335 1296 3405 quimodocertumconailiumceperam,

139 3417 197 3451 carn
208 3401 403 3451 communicans:
422 3404 501 3457 simul,
517 3401 628 3451 simulac.
663 3402 703 3450 lu·
736 3399 858 3450 labascera
872 3399 945 3473 coepi,
961 3411 986 3450 at
1002 3400 1061 3450 redii
1077 3400 1107 3449 ad
1123 3400 1220 3450 domum
1237 3404 1296 3453 lna-

139 3468 282 3515 ueraeundur
304 3467 382 3515 Deru:
407 3466 521 3515 Bacchus
541 3465 592 3540 jam
616 3465 705 3513 dicitur
736 3464 806 3514 chia.
847 3467 956 3514 Suaviter
973 3466 1055 3515 tribuit
1121 3466 1138 3521 i,
1159 3467 1224 3531 quod
1243 3468 1297 3534 ejus

140 3528 202 3579 dena
212 3532 387 3587 immaduit,
396 3529 470 3593 quod,
481 3530 523 3595 qui
531 3546 584 3595 eJus
595 3545 702 3585 munere,
736 3530 816 3578 animo
826 3528 978 3578 tribuendum
989 3539 1050 3579 erat.
1099 3530 1168 3579 ibull.
1179 3530 1205 3587 ii,
1216 3534 1241 3589 6,
1256 3536 1296 3592 13,

139 3594 207 3649 vino,
218 3592 379 3649 incaluerunt,
391 3609 440 3642 uon
454 3609 507 3643 raro
521 3610 558 3651 ea,
571 3610 626 3658 quaa
638 3609 703 3643 vere-
736 3592 823 3641 iuravi
839 3596 933 3657 quotics,
948 3596 1081 3643 rediturum
1096 3598 1126 3642 ud
1141 3597 1222 3644 limina
1234 3616 1296 3646 nun·

139 3658 221 3707 cande
230 3666 346 3715 texerant,
355 3658 452 3706 liberius
460 3658 564 3723 prolerre
571 3666 705 3721 etretegara
736 3674 819 3719 ouam:
838 3658 896 3705 Gum
907 3660 1056 3722 bnujuraui,
1066 3674 1104 3720 per
1114 3669 1190 3707 tamea
1201 3663 1247 3723 ipre
1258 3679 1294 3710 re-

140 3722 229 3771 solenl.
260 3724 353 3771 Arcano
368 3723 465 3771 calcatis
480 3722 613 3770 Fervidr'orc
635 3738 704 3778 mmo,
736 3724 781 3769 dit.
815 3722 1046 3787 Lumboretinsregi
1057 3724 1127 3780 lutus,
1140 3724 1236 3788 quodei
1249 3741 1296 3775 non

140 3785 168 3834 h.
184 3802 206 3835 e.
218 3800 306 3835 arcana
324 3785 380 3842 mei,
395 3786 437 3849 qui
455 3786 562 3835 calebam
580 3784 704 3835 fervidiora
737 3784 871 3833 intromisso
892 3792 947 3833 ante
963 3786 1065 3850 januam
1084 3785 1215 3851 jacendum
1236 3788 1298 3850 luit,

140 3864 217 3908 mero,
234 3849 336 3913 graviter
354 3858 379 3899 et
401 3849 561 3914 significanter
583 3864 624 3914 pro
647 3848 704 3897 airn-
738 3857 766 3897 ut
783 3864 838 3914 sup.
851 3848 886 3903 iii,
900 3850 940 3904 10,
951 3850 993 3897 20.
1026 3850 1157 3898 Gloriantii
1173 3856 1297 3913 quamlibet

141 3915 216 3979 plica,
239 3930 302 3971 maa,
322 3913 374 3962 aire
396 3928 495 3963 arcanos
515 3929 580 3962 meos
596 3928 704 3973 muores3
736 3914 898 3961 mulierculam
918 3912 1012 3960 Vincere
1027 3914 1134 3970 mollitia,
1144 3914 1218 4024 pueri
1235 3918 1296 3963 mol-

140 3980 224 4035 verba,
251 3980 348 4026 calentia
366 3980 498 4043 fervidiora
525 3994 585 4025 maro
615 3987 704 4025 statum
736 3976 830 4024 lisaimi.
853 3976 1023 4038 Erpedirmi.
1033 3992 1087 4041 sup.
1099 3976 1143 4033 i,2
1163 3980 1206 4033 ,4.
1231 3980 1296 4027 Ami·

140 4042 226 4099 animi,
240 4058 271 4091 ax
286 4057 334 4105 quo
352 4041 447 4091 facilius
466 4040 557 4105 aliquid
575 4040 705 4107 promoveri
735 4058 814 4088 corum
826 4040 909 4087 Libera
926 4042 1031 4097 consiliu,
1046 4038 1146 4088 consilia
1162 4040 1259 4090 libarius
1272 4051 1298 4091 el

140 4114 166 4155 et
176 4106 232 4156 elici
243 4114 330 4172 potest,
343 4107 404 4154 bene
415 4105 550 4169 designant.
585 4106 705 4153 Promo-ut
737 4102 842 4169 apertius
864 4102 895 4151 ab
917 4102 1000 4151 amicis
1022 4103 1087 4162 data,
1111 4104 1136 4152 b.
1154 4120 1177 4153 c.
1195 4104 1298 4157 sincera.

141 4172 197 4229 loom
211 4187 242 4219 ex
258 4170 347 4227 animo,
364 4185 412 4235 quo
426 4169 542 4226 latebant,
559 4169 703 4234 protulerat:
737 4170 807 4216 Alius
831 4168 909 4222 ardor,
932 4182 1007 4215 novur
1032 4182 1106 4215 amor.
1144 4168 1296 4227 Raaodamtis,

141 4250 197 4301 sup.
216 4234 252 4289 iii,
269 4236 311 4291 21,
329 4233 489 4290 lodovino,
509 4234 545 4281 Tu
565 4235 704 4296 sapientiam
736 4232 857 4288 solventia,
867 4237 895 4278 ut
903 4245 973 4307 super
981 4231 1090 4281 humeros
1102 4231 1201 4293 flueret5
1219 4236 1296 4283 bume-

142 4298 250 4348 curaret
264 4315 377 4346 areanum
384 4302 462 4361 jocoso
478 4299 605 4346 Consilium
621 4300 705 4360 retegit
735 4313 775 4344 no
785 4296 848 4345 enirn
860 4295 951 4356 tapillu
963 4312 1064 4356 monui,
1074 4304 1102 4344 ut
1116 4296 1231 4347 Horatius
1242 4314 1269 4346 au
1290 4334 1297 4349 .

140 4362 162 4410 1
180 4380 225 4411 aeo:
245 4361 277 4411 cl.
289 4377 342 4426 sup.
355 4360 372 4417 i,
386 4364 425 4417 lli,
439 4362 478 4417 16,
495 4362 539 4413 ἰιι1.
552 4361 630 4428 Epist.
647 4361 665 4417 i,
679 4364 703 4415 5,
736 4359 823 4417 iii‚ao,
833 4358 987 4423 ltloquitur,
995 4360 1107 4425 placebat
1114 4360 1140 4409 in
1147 4361 1225 4428 pueris
1236 4315 1297 4412 moi·

141 4380 183 4483 lbl,
202 4434 228 4477 et
245 4424 388 4491 Asclepiad.
408 4426 454 4491 Ep.
472 4442 497 4485 r,
518 4428 541 4481 l,
559 4427 585 4484 2,
605 4424 705 4475 Antbol.
737 4422 851 4474 iioribua:
869 4423 901 4471 cl.
913 4422 947 4479 iv,
961 4425 1000 4481 10,
1012 4426 1038 4472 ³.
