3150 5200
322 317 385 382 538
571 314 842 384 EPISTOLA
872 317 945 382 AD
976 315 1215 383 PISONES.

401 469 553 554 Denique
570 471 611 534 sit
626 469 775 554 quodvis,
793 470 930 554 simplex
946 471 1106 536 duntaxat
1121 483 1155 536 et
1168 494 1278 537 unum.

443 570 589 634 Maxima
602 593 678 656 pars
693 582 814 648 vatum,
831 584 924 656 pater
938 585 972 638 et
982 575 1120 658 juvenes
1131 586 1225 659 patre
1240 576 1345 660 digni,

335 673 378 737 25
400 672 592 755 Decipimur
607 676 715 758 specie
731 675 822 738 recti.
868 674 985 739 Brevis
1000 698 1072 741 esse
1087 677 1212 753 laboro,

401 774 573 838 Obscurus
588 773 653 852 fio;
678 785 855 839 sectantem
868 775 952 840 levia
966 778 1057 841 nervi

401 875 571 940 Deficiunt
586 877 747 960 animique
760 903 768 953 ;
792 875 960 960 professus
975 879 1113 962 grandia
1127 889 1256 963 turget,

401 977 512 1061 Serpit
525 977 614 1040 humi
629 987 719 1041 tutus
735 977 868 1042 nimium
882 979 1079 1064 timidusque
1094 979 1255 1064 procellae.

402 1078 470 1152 Qui
483 1080 607 1142 variare
622 1080 714 1164 cupit
728 1101 796 1144 rem
811 1079 1035 1164 prodigialiter
1049 1103 1157 1159 unam,

336 1181 381 1244 30
402 1180 604 1265 Delphinum
620 1180 707 1244 silvis
721 1180 883 1265 appingit,
898 1180 1053 1246 fluctibus
1067 1204 1193 1266 aprum.

400 1283 442 1347 In
454 1283 566 1346 vitium
582 1283 672 1346 ducit
685 1281 791 1366 culpae
806 1280 895 1365 iuga,
912 1283 941 1345 si
954 1293 1044 1346 caret
1058 1295 1139 1348 arte.

402 1383 571 1448 AEmilium
586 1385 672 1450 circa
685 1383 799 1448 ludum
814 1382 907 1448 saber
921 1405 1005 1446 unus
1021 1393 1055 1448 et
1069 1407 1196 1469 ungues

403 1487 577 1571 Exprimet
591 1498 624 1552 et
638 1486 750 1551 molles
765 1485 944 1549 imitabitur
958 1507 1023 1549 aere
1037 1485 1183 1570 capillos,

402 1587 522 1652 Infelix
535 1588 644 1673 operis
660 1608 795 1662 summa,
810 1587 888 1670 quia
899 1609 1022 1670 ponere
1037 1597 1141 1650 totum

337 1689 381 1754 35
402 1687 548 1754 Nesciet.
595 1689 694 1752 Hunc
709 1710 771 1773 ego
784 1709 848 1764 me,
864 1688 985 1772 siquid
999 1709 1192 1772 componere
1207 1709 1328 1769 curem,

404 1790 483 1856 Non
498 1792 600 1876 magis
615 1811 687 1854 esse
702 1788 808 1865 velim,
825 1810 922 1871 quam
936 1812 1016 1853 naso
1031 1791 1138 1854 vivere
1153 1811 1265 1873 pravo,

316 1991 422 2055 effingit3
439 2000 523 2058 peceat
537 1992 722 2058 poete,qui,ed
738 1991 876 2040 sublimiore
907 2006 965 2066 onst
980 1993 1023 2057 qui
1037 2007 1110 2041 unem
1128 1991 1277 2056 eandemque
1295 2007 1357 2049 rem,
1367 1991 1465 2041 adnue·
1540 2024 1541 2027 =

316 2071 455 2120 exsurgens,
468 2057 499 2106 ed
516 2057 644 2106 humiliora
659 2073 685 2106 se
697 2055 798 2122 deprimi
814 2055 876 2120 peti·
906 2054 980 2104 tionis
993 2056 1117 2106 movenda
1131 2071 1213 2114 censa,
1225 2056 1371 2120 prodigioms
1384 2057 1464 2120 inrep-

317 2130 364 2169 tur.
388 2123 462 2184 Cepit
474 2123 567 2170 institui
578 2137 628 2185 pro,
637 2127 718 2186 empta
726 2126 762 2168 est
774 2117 875 2176 institui,
908 2118 979 2168 nibus
995 2122 1084 2169 variare
1099 2128 1125 2168 et
1135 2119 1280 2184 distinguere
1297 2120 1376 2184 cupit.
1388 2129 1467 2185 preter

317 2185 355 2233 vel
366 2201 417 2250 pro,
429 2183 537 2234 institute
548 2185 735 2261 (heinceptn)
748 2192 799 2233 est:
817 2184 876 2232 Jus·
908 2193 1016 2232 naturam
1033 2183 1175 2258 delphinum
1197 2200 1211 2232 e
1228 2184 1289 2232 meri
1306 2184 1333 2231 in
1351 2185 1427 2232 silvas
1445 2191 1466 2231 et

317 2247 362 2298 tin.
374 2249 422 2304 xiv,
434 2251 458 2304 5,
471 2265 523 2297 cum
537 2251 653 2312 prohiberi
661 2251 752 2312 ytnttru
767 2250 876 2310 cupisset,
908 2263 992 2311 aprum
1002 2263 1017 2297 e
1027 2247 1094 2296 silvis
1110 2248 1137 2296 in
1146 2263 1212 2296 mere
1222 2248 1374 2312 transponit3
1391 2257 1417 2297 et
1427 2248 1466 2300 sic.

318 2328 369 2376 pro,
386 2313 555 2378 prohiberetur.
591 2314 705 2361 Comme
721 2320 781 2368 roto,
798 2328 833 2359 sc.
848 2313 877 2359 fl·
909 2310 968 2359 dum
988 2311 1074 2360 vitium
1102 2311 1243 2360 humilitatis
1268 2311 1339 2374 tigit,
1367 2311 1466 2360 nbsnrde

318 2376 377 2440 guli.
412 2377 476 2433 Erit,
496 2377 586 2432 evadit,
606 2377 692 2442 prodit,
711 2375 754 2436 sn;
778 2384 806 2423 ut
823 2389 877 2440 sup.
909 2383 991 2440 captet
1001 2391 1044 2442 pro
1054 2375 1208 2424 sublimibus.
1234 2374 1380 2424 Sinednbio
1393 2377 1465 2424 Hore-

319 2440 398 2503 Epist.
409 2440 435 2497 ii,
447 2443 472 2494 2,
484 2443 526 2489 33.
909 2437 958 2487 tius
969 2439 1009 2488 hic
1020 2455 1116 2504 quoque
1125 2447 1229 2504 poetam
1235 2438 1355 2504 ejusmodi
1366 2439 1466 2488 absurde

350 2505 392 2550 2³.
410 2505 518 2559 Quodvis,
530 2504 692 2568 quodcunque
712 2503 754 2552 tibi
773 2511 877 2552 meten·
910 2511 1050 2561 nectentem,
1063 2504 1173 2569 respexit.
1207 2504 1236 2551 ln
1247 2506 1332 2551 sitim
1340 2505 1467 2552 ‹incitent-

319 2565 376 2615 dnm
385 2567 498 2623 rumsini.
511 2568 576 2633 quod
587 2583 638 2617 esse
649 2577 673 2618 et
683 2568 734 2617 lieri
744 2568 821 2633 cupis.
908 2583 944 2629 pe
955 2567 1036 2633 fuga:
1053 2583 1108 2634 sup.
1125 2569 1176 2617 Set.
1186 2566 1205 2625 i,
1220 2569 1246 2625 2,
1259 2568 1303 2624 24,
1314 2568 1381 2616 Dan
1397 2572 1468 2616 sitast

350 2632 456 2679 24-37.
472 2632 579 2680 Tertium
601 2635 766 2697 Preoeptum:
796 2635 876 2688 Poetae,
909 2634 978 2679 stulti
991 2636 1059 2688 vnio,
1070 2636 1097 2680 in
1109 2636 1229 2680 eontrarin
1242 2641 1345 2680 currum
1351 2650 1362 2689 ,·
1381 2635 1433 2680 Set.
1442 2632 1466 2685 ii,

317 2710 355 2749 ne,
367 2696 516 2743 detortitium
531 2698 624 2759 aliquod
635 2700 824 2751 uitarettitdent,
836 2700 877 2744 de·
909 2695 935 2752 2,
953 2697 994 2751 tt,
1015 2700 1056 2753 55,
1077 2712 1130 2744 nont
1142 2697 1241 2761 frustra
1259 2698 1342 2743 vitium
1364 2698 1467 2744 vitantis

317 2762 377 2820 cepti
393 2762 465 2819 speeie
481 2762 539 2807 reoli
552 2762 876 2818 inuliudoitiumineidont,
909 2760 980 2816 illud,
1002 2761 1029 2808 st
1054 2771 1076 2807 te
1096 2762 1144 2808 alio
1161 2776 1259 2821 pravum
1280 2763 1414 2808 detorseris.
1445 2761 1467 2805 st

318 2825 880 2935 ttfflttst'tttttmttttttffttz
909 2834 972 2935 tt?
984 2825 1237 2937 :tttttht’
1248 2821 1468 2936 cmliii

317 2961 349 2998 eet
357 2952 469 3007 studium,
477 2968 523 2999 nort
532 2955 557 2999 in
565 2953 772 3015 singulitulieujus
780 2954 879 3014 reipar-
911 2949 980 3000 dicit.

319 3017 388 3071 tibus,
399 3018 437 3063 ted
446 3018 471 3062 in
483 3018 713 3078 totortponerrdum.
942 3016 1049 3063 32-37,
1073 3016 1196 3063 AEmilt'um
1217 3018 1280 3063 cirea
1302 3016 1397 3071 tudun,
1416 3022 1469 3063 cett.

1114 3080 1140 3127 ui
1158 3078 1223 3128 cirea
1240 3078 1324 3127 ludum
1343 3079 1468 3127 AEmilium

351 3080 392 3128 2⁵.
408 3080 494 3141 Specie,
507 3078 627 3143 opinione.
911 3079 978 3127 Inter
991 3079 1079 3133 sabroe,
1096 3094 1113 3191 p

350 3145 392 3199 26,
403 3144 445 3191 27.
462 3144 588 3191 Sectnntem
605 3146 664 3191 hoio
680 3146 745 3191 nerui
757 3142 878 3205 Deficiunt
910 3142 1026 3200 habitant,
1038 3143 1083 3191 erit
1108 3150 1198 3191 ortasse
1214 3142 1310 3205 aliquis,
1323 3142 1365 3207 qni
1378 3144 1466 3253 dm)

319 3210 443 3270 ruuntque,
455 3215 586 3255 certamem
600 3222 638 3255 me
656 3216 764 3255 ornatum
781 3215 807 3254 et
823 3221 876 3254 ora·
909 3223 958 3271 pre
968 3207 1052 3255 ceteris
1067 3205 1179 3255 omnibns
1189 3222 1284 3269 ungues
1293 3215 1319 3255 et
1335 3208 1468 3255 molesce-
1542 3227 1543 3232 ¹

318 3270 389 3319 tionis
400 3276 546 3319 venustatem
563 3271 625 3319 vires
641 3270 762 3319 dmiciunt.
796 3270 877 3328 Lenia,
910 3270 983 3334 pillos
994 3271 1115 3319 mirearte
1130 3271 1155 3318 in
1169 3270 1342 3335 statnealiqua
1354 3271 1469 3336 exprimet

318 3332 430 3397 levigata,
449 3334 563 3399 expolita,
579 3334 676 3383 limate:
695 3350 749 3400 sup.
762 3334 839 3399 Epist.
850 3334 877 3390 ii,
910 3343 935 3382 et
944 3335 1064 3395 imitetur;
1081 3334 1122 3383 sed
1135 3334 1208 3391 idem,
1219 3334 1278 3398 quie
1292 3350 1341 3382 non
1352 3336 1436 3382 omnin
1444 3350 1469 3382 ee

318 3398 343 3451 2,
360 3399 416 3453 123,
428 3400 496 3446 nimis
515 3414 595 3460 aspera
614 3416 668 3447 sorio
688 3399 782 3447 Levatit
802 3402 878 3447 cuttu.
911 3398 1006 3463 singule
1027 3398 1059 3447 ed
1080 3407 1156 3447 artem
1177 3398 1307 3463 exprimere
1326 3398 1424 3455 didicit,
1443 3398 1470 3445 de

320 3461 393 3509 Nerui
414 3471 437 3509 et
457 3464 538 3518 animi,
558 3478 608 3527 pro,
628 3462 687 3511 vires
711 3463 794 3511 animi.
832 3464 879 3510 Pro
910 3463 988 3527 operis
1010 3478 1103 3511 summa
1122 3462 1187 3509 haud
1208 3462 1394 3526 eppmbebitnr:
1419 3463 1470 3510 hnic

244 3560 249 3569 .
319 3526 378 3573 huia
394 3542 424 3575 ex
441 3525 624 3577 Codd.llchill.
637 3529 699 3575 Stat.
713 3526 837 3575 Bentleius
853 3527 877 3573 in
910 3526 1007 3589 quidem
1025 3526 1205 3581 lnbro,lebrilis
1221 3526 1278 3573 artis
1294 3534 1363 3591 perte
1379 3534 1470 3573 tantum

318 3596 408 3637 textum
423 3590 512 3655 recepit
529 3594 598 3647 lenio,
611 3591 641 3641 de
657 3590 761 3639 oratione
777 3588 879 3637 molliter
910 3591 1049 3655 conspicuo,
1062 3606 1110 3638 non
1120 3589 1196 3653 magis
1207 3589 1278 3638 velim
1290 3606 1328 3637 me
1339 3604 1394 3638 eene
1409 3589 1471 3637 simi·

318 3660 343 3701 et
362 3653 446 3703 leniter
464 3654 570 3716 fluente;
596 3674 650 3703 num
668 3658 777 3703 orationis
796 3655 879 3702 tenitas
911 3654 967 3712 lem,
980 3670 1054 3718 quam
1069 3670 1107 3702 me
1123 3669 1177 3703 esse
1192 3653 1320 3709 hominem,
1334 3653 1411 3716 nigris
1421 3654 1471 3717 qni·

319 3732 415 3781 quoque
432 3734 480 3767 non
500 3718 622 3783 languere,
634 3719 676 3769 sed
693 3718 716 3766 ri
732 3718 837 3781 quedem
855 3726 880 3765 et
912 3718 967 3766 dem
974 3716 1472 3781 oculisnigroquecepilloersplendeseen·
1542 3769 1543 3772 ,

319 3780 403 3847 spiritu
423 3783 513 3847 agitata
530 3784 639 3833 incedere
650 3784 734 3841 debet;
752 3782 807 3829 hine
819 3782 879 3830 bene
911 3792 968 3837 tem,
980 3781 1022 3830 sed
1039 3796 1124 3830 nasum
1138 3781 1293 3847 deprevatum
1308 3790 1334 3830 et
1347 3780 1471 3830 distortum

318 3846 370 3893 voci
384 3849 444 3895 lenio
454 3848 598 3913 respondent
609 3851 673 3895 nervi
688 3856 709 3895 et
720 3848 807 3893 animi:
824 3861 878 3919 sup.
911 3862 959 3912 pne
971 3862 997 3894 se
1006 3846 1127 3895 terentem.

319 3912 370 3959 Sat.
382 3912 408 3969 ii,
422 3915 443 3968 1,
455 3914 480 3969 2,
492 3916 540 3959 tine
557 3916 640 3969 amru,
653 3912 705 3959 sins
720 3909 744 3959 vi
761 3918 785 3958 et
802 3925 879 3973 gravi-
944 3912 987 3967 32,
1000 3912 1041 3959 33.
1058 3911 1180 3957 AEmitium
1197 3910 1287 3964 ledum,
1306 3907 1471 3971 gledietorium

321 3981 379 4023 tete.
913 3974 1014 4028 scilicet,
1025 3982 1054 4022 ut
1067 3976 1178 4022 observet
1187 3974 1245 4021 Vet.
1256 3971 1339 4021 Schol.
1350 3973 1382 4020 ab
1394 3970 1471 4020 AEmi-

349 4041 390 4087 28.
407 4039 484 4101 Serpit
495 4041 559 4087 humi
569 4049 642 4096 tutto,
652 4047 711 4087 cett.
725 4037 766 4102 qui
779 4037 879 4100 (utllo·
913 4038 945 4085 lio
966 4038 1057 4103 Lepido
1079 4038 1113 4086 itn
1134 4038 1234 4086 dictum.
1271 4037 1346 4091 Unus,
1368 4053 1404 4085 sc.
1426 4050 1471 4099 pm

319 4103 393 4151 retius
404 4102 508 4166 loquitur
518 4118 572 4168 sup.
583 4102 632 4151 Od.
645 4102 670 4157 ii,
685 4104 726 4160 10,
738 4103 767 4163 3)
781 4101 880 4149 nimium
911 4102 1023 4151 omnibus
1044 4101 1106 4158 eliis,
1127 4118 1175 4167 pne
1196 4100 1296 4149 ceteris:
1319 4116 1376 4164 sup.
1396 4099 1472 4165 Epod.

319 4166 386 4215 littus
393 4167 521 4231 premendo
528 4174 613 4215 cnutus
622 4167 647 4214 in
657 4166 706 4214 elto
717 4166 776 4213 mari
785 4165 878 4231 procel·
915 4169 954 4221 12,
965 4169 990 4220 4,
1004 4166 1107 4229 Nanmue
1123 4168 1229 4228 sagacius
1245 4180 1307 4211 anus
1323 4166 1404 4211 odom
1413 4182 1421 4220 ;
1438 4164 1471 4209 sic

319 4231 355 4279 las
367 4230 487 4287 horrescit,
498 4232 521 4279 h.
531 4247 553 4279 e.
564 4231 606 4295 qui
618 4246 665 4277 non
678 4228 751 4278 nudet
761 4230 847 4277 altiora
856 4238 882 4278 et
911 4248 974 4279 nnus
981 4234 1059 4291 J'udes
1074 4228 1139 4295 apud
1151 4230 1205 4277 Cic.
1216 4243 1259 4293 pro
1272 4228 1349 4275 Boeo.
1361 4226 1472 4275 Comoed.

319 4294 458 4343 sublimiora
476 4302 581 4358 tangere,
599 4295 673 4342 humo
691 4294 730 4341 vel
752 4294 881 4342 humilitati
912 4298 981 4353 ed,
997 4293 1062 4359 apud
1080 4292 1183 4342 eundem
1200 4308 1243 4357 pro
1260 4290 1344 4339 Flaee.
1357 4292 1399 4347 37,
1415 4292 1472 4338 Nan

320 4360 404 4406 affixus
418 4368 513 4407 manet:
532 4374 586 4423 sup.
598 4357 675 4422 Epist.
688 4357 719 4414 ii,
731 4360 752 4413 l,
763 4360 822 4417 250,
833 4376 879 4406 er·
913 4362 955 4407 iste
967 4374 1027 4405 unttt
1038 4367 1110 4405 totam
1120 4358 1200 4404 Asines
1210 4358 1373 4421 magnitudine
1382 4356 1472 4416 persta

320 4436 392 4469 mones
403 4423 465 4468 lurni
476 4434 596 4484 imperitos.
913 4440 966 4471 rum
982 4424 1119 4484 bibendoque
1129 4423 1256 4483 supernoit.
1289 4418 1340 4476 Qui
1351 4419 1378 4467 in
1389 4435 1416 4468 re
1429 4418 1473 4466 eli·

351 4486 456 4534 29-31.
474 4486 521 4541 Qus
532 4489 623 4535 variare
638 4488 711 4547 eupit,
727 4493 785 4535 cett.
822 4488 881 4535 Sen-
913 4501 961 4551 qun
979 4500 1062 4534 omnes
1078 4484 1139 4533 elios
1153 4492 1257 4549 superet,
1269 4483 1295 4531 in
1305 4491 1384 4532 esest
1398 4498 1473 4538 unes,
