3150 5200
564 349 727 417 LIBER
750 353 778 431 Ι,
800 353 849 418 18.

219 504 395 570 Mordaces
411 502 505 567 aliter
520 501 696 588 diffugiunt
711 505 955 571 sollicitudines.
1006 591 1009 596 .

175 607 197 669 5
220 607 305 680 Quis
321 615 396 690 post
411 606 485 668 rina
499 627 630 690 gravem
644 605 787 670 militiam
802 619 859 671 aut
873 607 1063 691 pauperiem
1077 611 1211 692 crepat?

221 708 306 781 Quis
322 729 387 772 non
401 717 434 770 tc
449 709 570 790 potius,
587 705 719 772 Bacche
733 720 839 792 pater,
854 719 963 793 teque,
980 710 1099 774 decens
1115 710 1251 775 Venus?

219 807 268 873 At
283 832 323 874 ne
338 810 546 893 quismodici
561 809 720 873 transiliat
734 833 869 875 munera
884 810 1008 888 Liberi,

220 911 405 976 Centaurea
418 921 528 976 monet
542 933 616 976 cum
631 910 783 996 Lapithis
798 913 870 976 rixa
885 934 984 996 super
998 935 1087 977 mero

221 1012 412 1090 Debellata;
435 1023 545 1076 monet
561 1012 718 1075 Sithoniis
734 1034 799 1077 non
811 1012 893 1077 levis
908 1013 1023 1091 Evius,

154 1113 198 1177 10
221 1114 334 1187 Quum
348 1113 397 1176 fas
412 1122 510 1197 atque
526 1111 616 1177 nefas
631 1114 751 1197 exiguo
766 1113 832 1178 fine
845 1114 1016 1178 libidinum
1105 1196 1109 1200 4

222 1214 425 1280 Discernunt
437 1215 534 1278 avidi.
580 1213 658 1278 Nori
673 1237 735 1298 ego
750 1225 794 1292 te,
811 1215 949 1280 candide
964 1214 1140 1294 Bassareu,

221 1315 362 1382 Invitum
377 1317 537 1400 quatiam3
560 1336 621 1379 nec
635 1317 732 1379 variis
748 1317 855 1381 obsita
869 1315 1040 1381 frondibus

222 1415 293 1481 Sub
309 1418 418 1482 divum
432 1419 565 1503 rapiam.
612 1415 707 1480 saeva
722 1427 796 1482 tene
811 1440 885 1482 cuin
900 1416 1095 1501 Berecyntio

222 1518 335 1583 Cornu
349 1529 513 1604 tympana,
529 1540 603 1603 quie
618 1518 828 1602 subsequitur
842 1541 949 1583 caecus
963 1517 1067 1584 Amor
1081 1521 1143 1598 sui,

128 1682 130 1690 ,
156 1621 200 1682 15
222 1619 270 1682 Ε1
285 1619 401 1684 tollens
416 1641 553 1683 vacuum
567 1618 641 1702 plus
657 1619 754 1684 nimio
770 1619 888 1684 Gloria
901 1621 1064 1698 verticem,

221 1718 410 1805 Arcanique
425 1721 524 1786 Fides
539 1721 689 1806 prodiga,
706 1720 904 1804 perlucidior
917 1723 1012 1785 vitro.

167 1903 242 1951 7-9.
258 1903 434 1954 Sententiarum
446 1921 523 1954 nexus
536 1913 573 1955 est
583 1905 630 1953 iera
641 1903 694 1952 hic:
728 1904 821 1952 amarit
840 1912 920 1970 poeta.
961 1905 999 1952 Ex
1020 1903 1129 1952 nefandis
1150 1904 1288 1964 sceleribus,

132 1967 389 2040 sedquemarlmodum
397 1969 478 2018 riuum
488 1968 581 2018 modice
592 1977 696 2018 sumtum
730 1984 784 2032 quie
806 1971 837 2017 ab
859 1966 996 2017 hominibus
1016 1968 1153 2017 temulentis
1173 1970 1290 2018 committi

132 2029 304 2079 dulcissimum
325 2048 437 2082 curarum
459 2034 617 2092 humanarum
637 2031 697 2080 leni·
730 2032 816 2090 solent,
828 2049 913 2089 urium,
925 2031 1030 2096 quodid
1041 2032 1167 2080 Bacchum
1184 2033 1290 2098 proxima

133 2105 242 2142 meritum
258 2104 303 2152 ast,
314 2096 350 2145 ita
362 2097 434 2156 idem,
446 2098 571 2147 immodica
584 2103 697 2154 sumtum,
731 2104 832 2162 spectat,
844 2104 1021 2152 commemorat,
1032 2095 1130 2169 impiam
1140 2111 1226 2206 nempe
1236 2097 1291 2161 ejus

133 2158 294 2207 maximorum
317 2162 433 2210 malorum
455 2177 530 2211 caiisa
550 2161 600 2210 lieri
620 2161 697 2220 solet3
729 2160 843 2225 mysteria
852 2160 981 2223 evulgandi
990 2167 1154 2208 temenmtem.
1210 2176 1291 2222 onega

134 2222 229 2271 1111111111
244 2225 307 2272 suini
326 2226 483 2290 Lapitharum
500 2243 555 2274 cum
572 2223 699 2274 Centauris
731 2235 753 2272 ts
772 2233 829 2273 cett.
846 2225 935 2272 cavebo
954 2223 1014 2271 milii
1030 2224 1061 2271 ab
1079 2224 1126 2270 ista
1142 2222 1290 2282 temulentia,

134 2302 210 2352 super
220 2287 276 2335 vino
292 2297 410 2348 asomum,
423 2300 448 2340 et
463 2299 567 2339 cruenta
579 2289 699 2337 Thracum
730 2304 812 2353 quarn,
824 2287 979 2337 uaimdomm
989 2286 1104 2335 scelerum
1115 2301 1222 2342 causam,
1234 2287 1291 2336 abo·

134 2349 390 2415 interrumpendam
400 2355 699 2418 credequnumqueiiique,
731 2351 838 2400 minaris.
872 2353 985 2408 Candida,
1007 2351 1116 2406 formosa,
1136 2351 1243 2415 pulcher,
1260 2352 1292 2398 oli

136 2429 170 2462 iie
188 2413 285 2462 modum
300 2417 324 2464 in
340 2418 445 2467 bibendo
461 2418 517 2466 virio
532 2418 641 2474 excedat,
657 2416 699 2465 ad·
762 2424 869 2481 rpetuam
888 2415 980 2464 Bacchi
993 2415 1132 2480 iuventam:
1150 2414 1182 2462 ci.
1199 2414 1292 2463 Brouk·

136 2477 228 2527 hortari
243 2479 336 2528 debent.
371 2483 459 2531 Modici
472 2484 590 2530 transiliat
604 2499 700 2530 munero
732 2431 786 2528 liis.
798 2480 830 2528 ad
840 2479 932 2528 Tibull.
943 2479 979 2535 iii,
991 2481 1015 2536 6,
1028 2481 1051 2527 l.
1082 2479 1215 2536 Bonam,
1228 2479 1291 2527 Bac·

138 2543 231 2601 Liberi,
247 2545 317 2609 paulo
332 2547 463 2596 sublimius
478 2562 529 2612 pro,
542 2545 640 2593 modum
659 2545 701 2610 qui
732 2544 827 2603 chus,a
842 2559 900 2592 voce
916 2543 1019 2592 Thracia
1033 2543 1072 2592 iel
1088 2543 1149 2591 Atra
1166 2543 1252 2592 Bricca

136 2608 258 2657 tenendus
273 2618 309 2658 est
323 2610 349 2660 in
365 2611 524 2678 percipiendis
538 2610 631 2659 Bacchi
647 2626 700 2659 mu·
733 2609 769 2657 iel
786 2610 1006 2691 Barraplc,quam
1020 2608 1107 2658 suidas
1122 2617 1147 2656 at
1161 2610 1242 2674 Etym.
1285 2641 1293 2655 .

136 2672 244 2729 neribus,
262 2672 287 2720 li.
303 2690 326 2723 e.
342 2676 369 2723 iii
384 2676 439 2725 viiio
461 2674 573 2731 bibendo,
590 2673 699 2724 excedat.
730 2674 852 2738 explicarit
866 2674 981 2733 αλύπηξ,
998 2674 1056 2738 quia
1074 2688 1123 2721 non
1139 2672 1293 2720 binnulomm

136 2736 235 2793 Moliri,
255 2738 349 2787 modice
367 2740 482 2799 bibendi;
504 2739 618 2787 Bacchus
636 2738 700 2786 enim
731 2744 834 2795 tantum,
855 2738 898 2787 sed
918 2737 991 2786 etism
1006 2736 1113 2802 vulpium
1139 2735 1242 2801 pellibus
1267 2751 1293 2785 111

136 2815 187 2849 nori
201 2801 308 2850 ebrietati
323 2810 348 2852 st
361 2803 426 2861 rixis,
439 2806 500 2868 quae'
511 2802 567 2851 iride
583 2803 700 2859 oriuntur,
731 2802 817 2851 texisse
832 2801 944 2850 dicuutur
958 2802 1071 2857 Bacchae,
1082 2817 1136 2865 quas
1151 2799 1208 2848 iiids
1223 2800 1294 2847 dictas

136 2864 404 2927 scdmodestiaeiaiet3
421 2868 477 2916 hinc
492 2867 700 2925 1111111111-
732 2875 789 2914 sunt
818 2865 977 2932 Boroopibrc.
1018 2865 1125 2929 Hesych.
1158 2864 1294 2930 Βάσσαραι·

137 2931 229 2977 candus
245 2929 351 2978 dicitur:
371 2934 497 2989 11111ιεὶ1111,
510 2932 630 2979 notionem
647 2946 701 2996 pro-
753 2935 848 2988 ιτῶνες,
862 2931 904 2989 οὓς
917 2930 1021 2995 ἐφόρουν
1034 2930 1061 2979 ul
1074 2928 1177 2993 Opp'irior
1188 2927 1294 2991 Βάκχαι.

136 2992 217 3041 terrie
230 3002 255 3042 ct
266 2994 405 3044 temeritatis
416 2997 499 3044 habet:
517 2996 549 3043 ci.
562 3010 616 3059 sup.
628 2995 652 3051 3,
661 2996 702 3043 24.
735 2950 840 3042 lubitum
855 2997 966 3057 quatiam,
984 2994 1010 3041 li.
1028 3009 1051 3041 e.
1068 3008 1133 3040 mora
1149 2990 1192 3039 tibi
1211 2991 1249 3039 dis
1265 2992 1294 3039 li·

136 3056 179 3104 Cl.
202 3057 304 3107 lilitsch.
324 3074 378 3107 com
411 3068 446 3108 rat
469 3060 577 3123 l'heogn.
601 3076 624 3107 v.
647 3059 703 3114 171,
736 3066 806 3106 cente
824 3073 894 3106 sacra
911 3068 953 3105 tua
972 3058 1080 3105 movebo.
1114 3058 1215 3111 Quaters
1271 3073 1294 3103 c·

134 3118 183 3179 Ὃς
197 3120 218 3168 δ’
229 3122 263 3170 dii
280 3076 429 3188 bripflbllp
446 3124 532 3181 πόσιος
546 3122 647 3188 μέτρον,
662 3123 704 3171 abir
737 3123 805 3169 cbaos
830 3121 893 3169 idem
918 3136 971 3170 essa
989 3121 1090 3177 videtur,
1113 3119 1178 3183 quod
1204 3118 1296 3167 Bacchi

136 3183 172 3233 ἔτ’
187 3184 281 3244 ἐκεῖνος
297 3191 350 3247 Τῆς
363 3187 440 3237 αὑτοῦ
458 3188 573 3253 γλώσσης
588 3188 704 3252 καρτερὸς
735 3202 803 3233 sacro
816 3202 950 3234 mmmmm
964 3185 1028 3252 apud
1041 3184 1110 3247 virg.
1123 3186 1184 3231 AEn.
1194 3182 1226 3240 11,
1238 3184 1295 3240 301,

137 3248 193 3298 ot'rrt
204 3250 273 3299 νόου.
309 3252 552 3317 Cantaursaiptignia
563 3250 704 3306 liliuminter
738 3250 821 3303 Qualis
836 3252 948 3298 commotis
963 3252 1037 3299 escitis
1052 3252 1122 3296 sacris
1140 3247 1240 3310 Thyias,-
1258 3245 1295 3295 iri·

138 3314 276 3362 Centauros
287 3322 312 3362 et
323 3315 439 3381 Lapithas
450 3330 522 3389 super
529 3330 594 3363 mero
605 3315 630 3361 iii
642 3330 704 3378 mip-
736 3313 818 3378 primis
832 3322 910 3362 autem
924 3316 953 3363 rb
964 3313 1103 3377 quatereicl
1115 3311 1243 3360 1111111111
1257 3327 1296 3359 sa·

137 3377 181 3424 tiis
192 3378 295 3425 Pirithoi
311 3388 407 3435 exortia,
420 3379 583 3428 suavissimam
598 3378 704 3443 deacrip·
737 3392 829 3426 crorum
846 3392 964 3435 vasorum,
980 3378 1025 3426 sub
1042 3376 1110 3425 initio
1127 3375 1265 3425 ceremonia
1283 3391 1298 3424 a

138 3441 232 3489 bouem
256 3440 320 3489 dedit
340 3442 413 3491 Oiid.
434 3444 496 3492 Met.
518 3443 558 3499 xii,
578 3444 626 3491 219
649 3457 705 3506 sqq.
737 3442 832 3505 templis
851 3443 1006 3497 sublatorum,
1020 3441 1175 3505 jactationem
1195 3440 1297 3489 releren-

138 3506 264 3563 Sithoniis,
276 3505 384 3555 Thracias
396 3507 494 3573 populo,
506 3522 548 3571 pro
560 3506 618 3570 ipsis
627 3507 704 3554 ‘lbra-
738 3504 907 3555 dumvidetur.
940 3507 989 3555 Nec
1004 3509 1075 3554 iuriis
1089 3508 1161 3553 obsita
1170 3505 1298 3570 jimdi'bus

138 3568 220 3625 cibus,
233 3568 322 3633 quibus
335 3571 366 3618 ob
376 3570 522 3628 ebrietatem,
534 3570 575 3618 cui
585 3570 621 3618 illi
632 3568 706 3617 dediti
738 3570 785 3617 Sub
804 3572 882 3618 dicum
899 3574 997 3633 rapiam,
1009 3586 1053 3619 uec
1070 3585 1138 3617 sacra
1154 3569 1250 3617 occulta
1260 3568 1297 3617 vel

139 3642 206 3689 suut,
226 3634 266 3682 vel
288 3632 319 3681 ob
341 3635 451 3691 barbam,
473 3652 527 3699 quas
545 3634 602 3683 viiio
623 3650 706 3699 graves
738 3634 858 3697 mysteria,
869 3634 940 3683 variis
957 3634 1079 3682 frondibus
1095 3635 1198 3688 obtecta,
1208 3641 1297 3696 protra-

140 3696 303 3754 committunt,
316 3698 429 3755 facinora,
442 3700 556 3747 Bacchus
572 3716 618 3747 11111
635 3699 704 3755 levin
737 3698 794 3746 ham
805 3698 831 3745 iii
842 3698 963 3763 publicam
977 3699 1072 3756 lucem,
1089 3696 1185 3762 publice
1198 3696 1262 3745 anim
1273 3697 1298 3745 iii

139 3760 186 3811 sed
200 3762 277 3823 graiis
292 3770 316 3810 et
330 3761 430 3811 infestus
443 3762 503 3811 deus
518 3772 570 3811 est:
588 3762 619 3811 da
629 3762 705 3810 Thra·
738 3762 809 3825 orgiis
825 3778 862 3809 res
877 3762 986 3826 quaedam
1002 3762 1108 3826 mysticas
1124 3760 1151 3810 iii
1166 3761 1227 3809 cista
1239 3775 1298 3824 qua·

142 3840 201 3873 cuin
212 3825 342 3874 vinolentia
355 3827 519 3881 ct.iit.27,i
536 3842 590 3892 sqq.
624 3826 705 3885 Euius,
738 3824 794 3875 dam
805 3826 844 3874 vel
856 3828 945 3883 arcula,
957 3825 1046 3875 hedera
1060 3835 1085 3874 et
1094 3824 1214 3897 pampinis
1228 3826 1299 3873 obve-

143 3889 268 3946 Bacchus,
285 3890 316 3938 ab
337 3890 381 3937 illa
399 3891 568 3939 bacchantium
587 3892 705 3938 acclama·
738 3890 796 3944 lata,
813 3890 957 3939 circumferri
976 3891 1084 3938 solebant
1105 3903 1121 3935 a
1143 3887 1299 3952 cistophoris:

142 3953 210 4001 tione
223 3952 282 4001 ans
292 3954 331 4017 (rb
342 3952 378 4018 oi)
390 3955 424 4003 sic
437 3955 526 4004 dictus.
740 3954 832 4003 Catuli.
843 3954 900 4011 lxiv,
911 3956 969 4011 260,
987 3955 1046 4001 Pars
1060 3957 1154 4000 obscuro
1167 3954 1230 3999 cauis
1242 3953 1299 3999 celc-

177 4018 217 4064 10.
236 4017 282 4065 Fas
297 4030 367 4081 atqua
382 4019 455 4083 nestit,
469 4020 594 4067 honestum
606 4026 630 4066 et
639 4018 707 4065 inho·
740 4020 837 4066 brabaiit
860 4022 926 4081 orgia
946 4020 1017 4073 cistis,
1039 4017 1122 4080 Orgia,
1141 4032 1189 4077 quc
1201 4014 1301 4077 frustra

140 4089 247 4137 nestum,
259 4082 387 4146 pulchrum
403 4092 428 4131 et
438 4092 516 4148 turpe.
550 4084 640 4145 Eaiguc
648 4084 708 4145 fisis,
740 4084 840 4143 cupiant
856 4084 983 4141 (1111111111-
1007 4083 1058 4127 ciii.
1090 4079 1123 4126 Tb
1140 4081 1212 4125 variis
1229 4078 1301 4141 paulo

140 4144 212 4193 nullo
230 4144 279 4193 iere
297 4144 374 4194 limite
392 4148 530 4203 constituto,
548 4146 708 4221 provulgari,
742 4144 848 4207 argutius
862 4145 901 4193 vel
919 4145 950 4193 ad
966 4143 990 4191 io
1000 4143 1074 4191 iorum
1091 4141 1201 4197 colorem,
1216 4142 1254 4189 iel
1271 4141 1302 4189 ad

138 4224 236 4274 pamm.
269 4208 340 4257 Aridi
352 4212 484 4267 libidinum,
493 4209 642 4267 libidinibus,
654 4210 709 4259 viiio
741 4216 905 4258 eorumreuto
919 4207 1061 4271 agitatorum
1077 4214 1167 4255 motum
1183 4205 1303 4265 resenint;

138 4271 263 4329 excitatis,
275 4273 437 4337 indulgentes.
740 4272 852 4337 equidem
862 4270 1000 4346 simpliciter
1001 4270 1100 4336 frondes
1109 4272 1187 4317 varios
1192 4269 1223 4318 de
1230 4269 1302 4319 liede-

175 4339 217 4393 11,
241 4339 281 4385 ta.
306 4338 360 4385 Noii
381 4354 421 4412 ego
442 4348 464 4386 11
485 4347 542 4387 cett.
577 4338 709 4402 Vulgareai
742 4337 826 4394 raceis,
836 4336 978 4402 pampineis,
990 4334 1190 4399 etaliisaecipio.

138 4400 301 4450 seutentiam:
320 4402 457 4467 “equidem
466 4419 481 4450 a
492 4404 569 4452 lurore
580 4402 623 4451 illo
634 4403 709 4451 ebrie·
777 4403 882 4450 13-16.
897 4403 960 4449 Saos
972 4412 1023 4449 tenc
1035 4418 1088 4448 cam
1098 4398 1235 4464 Bnosynti'o
1247 4401 1303 4448 Cor·

138 4465 207 4522 tatis,
237 4481 276 4513 usi
292 4465 346 4522 tibi,
358 4466 464 4523 Bacche,
476 4467 596 4532 displicet,
608 4466 710 4530 diligen·
743 4485 777 4515 iiii
800 4477 985 4531 tympanaque
1004 4466 1164 4528 subsequitur:
1183 4464 1258 4513 retine
1279 4472 1304 4513 et

139 4538 177 4579 ter
188 4483 249 4579 miii
264 4528 383 4587 cavebo,”
394 4531 487 4595 egregie
501 4531 658 4597 sequentibus
669 4546 710 4580 ex·
744 4530 872 4596 comprime
892 4546 983 4580 aarum
1005 4537 1170 4595 tympanorum
1188 4536 1212 4580 et
1230 4544 1304 4578 cornu
