3150 5200
609 334 773 399 LIBER
797 336 825 412 l,
850 337 879 400 l‘.

604 588 782 655 SATlRA
805 590 884 653 Vll.

251 792 457 857 Puoscnu’rr
474 792 577 878 Regis
594 794 709 879 Rupili
723 819 785 879 pus
801 808 899 881 atque
915 820 1082 875 venenum,

252 892 405 976 Hybrida
420 918 486 978 quo
501 907 597 979 pacto
613 898 655 960 sit
672 898 806 961 Persius
821 900 921 976 ultus,
937 901 1053 983 opinor

252 993 415 1059 Omnibus
430 1008 464 1061 et
479 997 575 1081 lippis
592 1008 703 1064 notum
718 1009 752 1063 et
767 1002 954 1064 tonsoribus
968 1024 1051 1066 esse.

250 1096 384 1161 Persius
398 1099 452 1163 hie
465 1122 641 1184 permagna
654 1102 786 1184 negotia
801 1103 892 1167 dives
907 1102 1052 1168 habebat

197 1199 219 1259 5
252 1198 465 1277 Clazomenis,
481 1203 578 1265 etiam
593 1201 665 1266 lites
681 1225 754 1267 cum
770 1204 865 1288 Rege
880 1204 1049 1282 molestas,

250 1300 365 1365 Durus
381 1302 487 1379 homo,
505 1314 603 1387 atque
619 1304 695 1368 odio
710 1306 766 1389 qui
781 1316 894 1389 posset
908 1308 1036 1371 vincere
1051 1306 1190 1389 Regem,

251 1402 428 1468 Confidens
444 1406 664 1489 tumidusque,
681 1408 764 1471 adeo
780 1410 936 1471 sermonis
951 1410 1062 1484 amari,

250 1502 415 1583 Sisennas,
433 1505 555 1571 Barros
572 1518 607 1570 ut
622 1510 714 1591 equis
731 1521 946 1592 praecurreret
961 1509 1053 1573 albis.

250 1605 306 1669 Ad
322 1606 447 1692 Regem
464 1610 579 1674 redeo:
605 1622 777 1694 postquam
793 1610 838 1674 nil
853 1613 937 1676 inter
951 1624 1125 1696 utrumque

189 1708 229 1770 10
251 1708 410 1773 Convenit
424 1710 500 1792 <hoc
516 1714 635 1776 etenim
651 1724 727 1775 sunt
740 1734 851 1776 omnes
862 1715 937 1797 jure
952 1716 1091 1791 molesti,

250 1811 326 1883 Quo
342 1810 454 1889 forteS,
471 1816 591 1897 quibus
607 1815 779 1877 adversum
795 1813 914 1877 bellum
929 1816 1060 1895 incidit3
1084 1820 1169 1882 inter

337 1946 469 1996 SATIRA
487 1947 550 1997 VII.
756 1948 819 1995 hane
833 1964 881 1997 rem
897 1950 979 1999 attulit
994 1951 1142 2015 Beothius),
1161 1953 1243 2001 Omnes
1258 1957 1311 2016 pla·

194 2008 309 2059 Horatius
320 2012 415 2073 Regem
428 2012 556 2077 Rupilium
573 2020 597 2059 et
614 2010 722 2060 Persium
755 2022 803 2060 teas
826 2019 965 2076 perreptaai,
985 2020 1107 2079 gymnasia
1128 2027 1150 2065 et
1171 2020 1313 2081 myropolia:

160 2073 290 2137 quendam,
322 2074 419 2124 divitem
451 2076 629 2139 negotiatorem,
661 2075 718 2124 dum
751 2078 815 2138 apud
825 2081 951 2139 emporium
965 2094 1034 2143 arque
1049 2083 1076 2127 in
1091 2083 1309 2142 macelluinpalae·

160 2152 241 2185 eorum
254 2138 308 2188 lites
323 2150 347 2188 et
360 2140 477 2197 convicia,
489 2140 520 2188 ab
536 2140 610 2189 altero
623 2140 647 2187 in
659 2141 718 2189 alte·
751 2150 801 2189 stre
811 2151 879 2203 atque
888 2143 988 2207 insero:
1004 2147 1030 2193 in
1041 2146 1168 2202 medicinis,
1179 2148 1205 2193 in
1216 2150 1311 2195 tonstri-

159 2217 213 2249 rum
229 2203 347 2267 conjecta,
360 2214 463 2261 enarrat,
474 2213 503 2252 ut
520 2203 627 2253 homiues
642 2203 718 2253 insul·
752 2206 796 2260 nis,
813 2208 877 2267 apud
886 2223 960 2255 ornnes
970 2209 1027 2255 ades
1040 2224 1133 2257 sacras:
1148 2226 1198 2257 rum
1211 2208 1311 2275 defessus

159 2281 199 2314 sos
209 2265 309 2316 deridet.
751 2271 908 2332 quasitond05
926 2288 1035 2334 rrusqrsam
1051 2275 1141 2322 invenio
1159 2273 1310 2333 Naucratem,

194 2332 265 2379 1-3.
282 2333 410 2395 Proscripti
420 2334 490 2397 Regis
499 2335 589 2396 Rupili,
597 2342 654 2382 cett.
663 2348 717 2380 sen·
751 2340 809 2381 cett.
830 2334 900 2382 nulla
921 2335 1040 2408 lipponrm
1062 2337 1127 2385 lacta
1151 2345 1187 2385 ast
1212 2338 1311 2387 mentio.

160 2408 217 2443 sus:
234 2396 261 2443 in
271 2397 358 2459 vulgus
369 2406 451 2447 notum
462 2407 507 2455 est,
519 2416 561 2461 piso
575 2408 642 2459 paeto
657 2398 719 2460 (quo
752 2398 895 2461 Cogitabam
909 2415 1013 2463 prunum
1022 2401 1053 2449 de
1064 2400 1167 2449 aniculis
1182 2417 1252 2465 quas,
1263 2418 1312 2452 non

156 2457 258 2507 dicterio
274 2460 368 2510 inficeto
387 2461 431 2510 inl.
443 2480 466 2510 v.
481 2463 593 2525 33-35)
610 2476 719 2511 remune—
753 2476 805 2510 raro
826 2461 961 2527 lippientes,
981 2464 1095 2513 Horatius
1112 2480 1185 2530 supra
1220 2482 1310 2531 noque,

159 2533 225 2571 ratas
241 2523 272 2573 sit
284 2525 381 2574 Persius
394 2526 517 2591 proscripti
536 2527 611 2590 Regis
626 2523 721 2589 Rupilii
754 2526 805 2573 Sat.
817 2526 835 2582 i,
847 2529 872 2581 4,
889 2529 930 2584 33,
943 2527 975 2575 ad
991 2543 1032 2577 eos
1048 2529 1154 2586 referta
1187 2529 1212 2577 ui
1229 2546 1257 2579 us
1273 2548 1311 2580 res

159 2587 275 2644 convicia.
287 2590 371 2639 veneni
382 2601 406 2640 et
416 2591 479 2641 fellis
489 2592 567 2657 plena.
591 2592 719 2651 Proscripti
751 2590 983 2643 norevelmaxime
997 2593 1087 2659 captari
1102 2604 1126 2643 et
1139 2592 1165 2642 di
1198 2594 1258 2643 mari
1271 2612 1310 2645 so-

160 2651 231 2716 Regis
242 2654 338 2716 Rupili:
356 2654 430 2703 Sebol
448 2657 534 2720 eruq„
550 2657 650 2704 Publius
666 2654 718 2701 llu-
752 2654 811 2704 lent.
845 2657 967 2706 Sednurm
985 2658 1054 2706 aliter
1069 2658 1154 2708 unua.
1187 2660 1310 2717 Horatius,

156 2718 238 2778 pilius,
254 2719 304 2766 Res
316 2720 479 2777 Proenestinus,
490 2731 608 2783 postquam
624 2737 638 2766 a
655 2719 719 2766 Pre-
753 2720 796 2831 pui
814 2720 886 2769 bomo
904 2720 950 2769 tuis
967 2723 1053 2784 lippus,
1073 2732 1102 2771 at
1121 2722 1173 2787 ipse
1192 2725 1311 2788 profitetur

158 2785 254 2830 nestinis
270 2785 294 2831 in
312 2786 405 2832 esitium
423 2788 502 2832 missus
519 2795 584 2839 esset,
597 2786 624 2830 in
641 2785 720 2832 Attica
771 2793 805 2832 at.
817 2783 833 2838 i,
845 2788 869 2842 5,
881 2786 922 2842 30,
934 2786 965 2836 ab
975 2786 1124 2844 adversariis,
1134 2795 1162 2835 ut
1175 2789 1309 2838 observavi-

158 2848 270 2894 militavit
279 2850 321 2896 sub
333 2848 396 2896 Attio
407 2850 480 2896 Varo:
497 2851 579 2897 deinde
590 2865 642 2896 cam
654 2847 718 2895 Pru·
751 2863 805 2896 mus
824 2863 879 2914 sup.
896 2849 927 2898 ad
946 2852 998 2898 Sat.
1017 2851 1035 2907 i,
1056 2854 1078 2907 1,
1097 2853 1154 2909 120,
1170 2852 1308 2902 contemtim

159 2919 236 2958 turam
252 2923 352 2976 gereret,
369 2915 394 2960 in
412 2915 563 2961 triumviratu
581 2913 720 2973 proscriptus
752 2913 828 2974 lippus
846 2916 984 2962 nominatus
998 2930 1051 2964 esse
1066 2915 1168 2965 videtur.
1201 2918 1310 2966 Fortasse

159 2975 187 3020 ab
199 2977 304 3039 Augrrsto
320 2975 426 3041 confugit
441 2980 472 3025 ad
488 2977 600 3031 Brutum,
612 2979 637 3024 in
652 2979 718 3037 eujus
750 2976 824 3039 igitur
843 2993 858 3026 a
876 2979 945 3042 Rege
965 2979 1067 3044 Rupilio
1087 2995 1190 3044 quoqne,
1211 2981 1262 3045 qni,
1282 2990 1309 3028 ut

158 3042 239 3086 sostris
256 3057 308 3088 cun
327 3041 424 3088 Horatio
438 3044 560 3091 commilito
575 3057 635 3104 agre
652 3042 717 3095 tulit,
751 3043 836 3090 scribit
859 3044 915 3092 Ver.
936 3043 1029 3098 Sobel„
1053 3059 1114 3106 segre
1132 3044 1223 3093 serebat
1244 3045 1310 3119 quod

160 3105 279 3152 tribunum
297 3122 349 3152 euru
364 3119 408 3154 sese
424 3107 534 3160 militum,
544 3107 636 3169 generis
652 3106 718 3167 igno·
753 3105 875 3163 Horatius,
882 3107 953 3156 homo
959 3107 1079 3170 ignobilis,
1087 3107 1199 3155 tribunus
1207 3108 1310 3158 militurn

157 3168 270 3216 bilitatem
280 3172 302 3216 ei
312 3171 393 3230 sapius
402 3171 547 3231 eaprobranr.
582 3169 717 3223 QuareHo·
750 3169 775 3218 in
793 3172 879 3219 castris
897 3171 967 3220 Bruti
985 3180 1057 3225 esset.
1074 3173 1213 3220 contemtirn
1232 3175 1309 3235 lippus

159 3234 244 3286 ratius,
261 3243 289 3281 ut
302 3249 325 3280 se
338 3235 497 3289 ulcisceretur,
509 3235 616 3282 aaaron
627 3234 716 3297 inface-
750 3235 885 3299 appellatus
906 3244 963 3295 eat;
991 3236 1056 3300 quod
1080 3236 1177 3299 quidem
1203 3237 1310 3301 ineptum

159 3304 211 3342 tan
232 3306 254 3343 et
276 3313 387 3361 arrogans
408 3301 457 3360 p'ur
478 3300 503 3344 in
520 3300 645 3361 jurgando
665 3315 717 3345 curn
748 3299 851 3347 convicii
871 3314 957 3363 genua
980 3316 995 3348 a
1016 3300 1119 3365 corporis
1141 3299 1198 3349 vitio
1220 3301 1310 3366 quippe

160 3358 240 3406 Persia
262 3363 388 3424 ingenium.
433 3363 480 3410 Pus
498 3373 567 3424 aspre
589 3377 716 3410 venenum:
749 3363 859 3425 petitum,
869 3363 969 3413 ridendo
988 3365 1102 3414 Horatius
1115 3364 1172 3413 data
1187 3380 1259 3430 opera
1273 3383 1310 3416 re·

157 3421 266 3488 intellige
281 3425 397 3482 convicia,
411 3425 483 3500 plena
499 3427 568 3500 quasi
586 3425 652 3490 puris
670 3425 717 3486 (rei
749 3436 828 3500 petere
842 3428 948 3502 videtur..
978 3429 1126 3478 Tomaribus:
1146 3445 1193 3478 non
1214 3430 1308 3487 mirum,

157 3491 419 3608 :tltltsttll
433 3489 717 3618 llttnttltlllt
749 3493 976 3618 multe
995 3509 1309 3624 titltbtttt:

157 3625 227 3664 vocat
243 3619 335 3679 plenam
350 3621 429 3666 ueneni
449 3629 470 3666 et
488 3621 630 3681 pestilentia.
665 3619 716 3680 Hy·
750 3634 838 3684 easque
848 3636 890 3685 pro
907 3623 1019 3685 agebant.

156 3681 239 3729 brida:
263 3681 354 3737 Sobel..
378 3683 450 3730 Missi
468 3686 561 3746 generis
580 3699 606 3730 es
625 3686 720 3730 diversis
784 3687 858 3733 4-3.
876 3639 914 3732 bie
929 3685 1195 3750 otia,deqosestu‚qui
1210 3688 1308 3736 reditex

156 3749 260 3793 naturis.
294 3747 406 3808 Hybrida
419 3749 513 3809 proprie
530 3749 643 3796 dicuntur
653 3764 720 3794 eones
751 3747 852 3797 loeuore.
885 3703 1126 3813 Sobel-Cmq.,ernt
1139 3754 1200 3798 enim
1212 3752 1310 3800 Persius

156 3813 197 3870 qui
209 3825 234 3857 ea
245 3813 372 3872 imparibus
388 3813 439 3859 nuti
455 3823 519 3866 sunt.
531 3821 559 3860 ut
574 3827 600 3858 es
618 3813 719 3858 aestatim
751 3815 879 3874 negotiator
889 3817 953 3874 apud
970 3815 1120 3862 Closomenas.
1154 3816 1193 3863 De
1208 3819 1309 3879 negotia·

156 3881 179 3920 et
194 3877 314 3937 gregario.
347 3875 386 3922 Sic
403 3875 496 3923 Persius
512 3877 610 3939 hybrida
627 3879 717 3922 semiro-
750 3879 839 3924 ruitur
861 3878 969 3924 Romanis
988 3877 1083 3941 copiose
1102 3886 1128 3927 el
1147 3877 1240 3926 erudite
1261 3878 1311 3940 egit

157 3953 248 3994 manus,
265 3955 292 4050 a}
308 3950 378 4050 pptre
398 3939 477 4050 Grlaeo
496 3949 518 4013 et
531 3957 562 4050 ἑτι
580 3949 652 4052 mage
669 3939 716 4011 Ro·
751 3939 911 4051 anestiusipr
924 3940 1224 4068 pecrrrgpaepiplissecrpationce,
1236 3956 1309 4006 qnam

156 4018 235 4050 mana.
292 4013 301 4050 t
323 4021 332 4050 ι
390 4021 397 4049 .·
437 4019 490 4052 ures
504 4019 530 4051 ιιι
582 4019 605 4051 re
653 4017 716 4051 accr-
749 4019 841 4052 rneom
872 4020 887 4051 n
904 4021 955 4052 mm
1069 4021 1095 4052 ιιι
1138 4020 1176 4052 av.
1211 4021 1310 4053 rc.s.v.

156 4063 228 4128 piunt
243 4066 273 4115 de
289 4019 427 4116 horillrbui
436 4066 487 4132 qui,
499 4067 556 4114 dum
577 4065 718 4132 ippitudiuis
753 4019 898 4132 Negotinptbr.
934 4069 1015 4115 Durio
1026 4071 1096 4123 borno,
1107 4068 1209 4116 durioris
1220 4069 1310 4132 ingenii

156 4129 271 4179 curanda
281 4146 356 4180 causa
367 4131 391 4179 in
404 4133 509 4180 tabernis
523 4131 668 4179 medicorum
680 4145 716 4178 se·
750 4131 829 4185 bomo,
842 4145 919 4196 asper,
929 4132 1050 4196 pervicax,
1060 4131 1174 4189 difficilis,
1182 4134 1310 4198 opponimr

156 4192 223 4247 dent.
236 4195 278 4242 otii
290 4195 381 4244 terendi
392 4195 467 4260 gratia
481 4195 511 4244 de
525 4197 597 4244 rebus
611 4194 678 4243 novis
693 4202 718 4242 et
750 4194 994 4251 hominimiti,corui‚
1007 4195 1082 4244 sacili.
1115 4198 1189 4259 iisqne
1203 4201 1254 4245 odic
1268 4201 1309 4261 qui

157 4257 231 4305 urbis¹
247 4258 335 4308 sabulis
356 4274 475 4308 sermones
497 4259 628 4308 conferant.
669 4257 718 4306 Sed
749 4271 819 4320 posset
830 4263 920 4308 uincere
931 4260 1024 4323 Regma,
1036 4270 1061 4309 et
1074 4259 1212 4311 insolentior
1223 4263 1307 4325 Rege:

156 4321 195 4369 rix
207 4330 265 4388 puto
276 4322 444 4388 lippitudinem
456 4339 507 4372 esse
517 4324 633 4378 morbum,
646 4323 716 4388 cujus
748 4327 824 4371 adium
840 4323 870 4372 de
886 4322 1012 4373 insolentia
1028 4335 1052 4373 et
1066 4325 1243 4388 importunitate
1253 4326 1308 4376 Cic.

155 4386 257 4434 curandi
268 4402 343 4436 causa
353 4387 461 4437 homines
476 4389 500 4435 in
518 4387 664 4436 medicorum
682 4396 716 4436 ta·
749 4403 792 4452 pro
809 4388 907 4438 Cluent.
923 4390 949 4444 3,
966 4391 1026 4451 quod
1041 4397 1091 4437 erat
1109 4391 1195 4444 odium
1209 4391 1251 4436 Dii
1263 4393 1307 4438 inr-

155 4449 235 4498 bernis
257 4466 346 4516 magna
365 4451 435 4516 copia
453 4451 619 4500 confluxerint.
653 4452 718 4499 Nam
749 4454 1045 4514 aautmqaeraperota.
1067 4453 1192 4501 Ernestius
1203 4453 1308 4504 iuClav.

156 4513 182 4562 in
197 4515 251 4564 loco
268 4515 351 4564 Plauti
371 4515 488 4581 Amphitr.
500 4516 532 4572 iv,
546 4517 575 4564 1³
592 4518 676 4580 (quem
693 4515 717 4563 in
738 4515 805 4628 2Cic.
824 4535 844 4565 s.
861 4533 885 4564 v.
902 4518 988 4565 Odium
1006 4517 1090 4566 laudat
1107 4519 1203 4566 Terent.
1221 4519 1308 4583 Hecpr.

717 4597 730 4628 z
