3150 5200
395 325 672 394 EPISTOLA
702 325 774 390 AD
802 326 1042 394 PISONES.
1233 332 1292 394 541

230 483 298 547 Seu
312 502 443 546 cursum
457 479 592 544 mutavit
606 479 750 561 iniquum
766 476 917 562 frugibus
932 480 1046 557 amnis,

152 633 159 640 .
230 584 359 648 Doctus
374 584 437 646 iter
451 582 582 647 melius:
606 579 754 644 mortalia
767 579 854 646 facta
868 581 1033 664 peribunt,

229 683 364 750 Nedum
379 705 562 748 sermonum
578 693 642 746 stet
655 682 760 746 honos
775 693 810 747 et
824 684 930 766 gratis
943 683 1048 747 vivax.

165 789 209 852 70
231 786 340 852 Multa
354 795 575 862 renascentur,
591 806 665 867 quse
675 785 744 868 jam
759 783 918 862 cecidere,
931 785 1114 868 cadentque

231 889 318 962 Quae
332 910 419 952 nunc
435 898 510 951 sunt
525 888 558 950 in
573 884 696 950 honore
711 884 880 963 vocabula,
896 887 924 949 si
938 885 1025 951 volet
1039 907 1130 963 usus,

232 991 341 1063 Quem
353 1011 453 1074 penes
469 988 638 1052 arbitrium
653 997 704 1051 est
718 997 752 1051 et
762 987 819 1071 jus
833 998 866 1051 et
881 1009 993 1052 norma
1006 987 1172 1071 loquendi.

275 1090 345 1156 Res
360 1101 462 1176 gestae
477 1111 655 1174 regumque
670 1088 855 1172 ducumque
869 1099 904 1154 et
919 1090 1024 1154 tristia
1034 1089 1132 1166 bella,

234 1193 310 1265 Quo
324 1193 421 1258 scribi
436 1201 571 1276 possent
586 1213 731 1267 numero,
746 1193 936 1254 monstravit
950 1191 1127 1256 Homerus.

169 1295 213 1358 75
234 1294 395 1358 Versibus
410 1294 576 1378 impariter
586 1293 709 1378 junctis
724 1293 924 1376 querimonia
939 1295 1087 1376 primum,

233 1395 315 1459 Post
330 1397 426 1460 etiam
441 1395 564 1459 inclusa
579 1405 630 1458 est
640 1395 708 1458 voti
723 1396 884 1459 sententia
897 1416 1041 1478 compos.

234 1498 319 1570 Quis
332 1508 440 1561 tamen
454 1497 591 1581 exiguos
606 1495 716 1579 elegos
732 1497 875 1560 emiserit
888 1507 1013 1572 auctor,

235 1599 447 1663 Grammatici
461 1608 597 1675 certant,
614 1609 648 1662 et
662 1595 770 1660 adhuc
785 1597 847 1661 sub
858 1596 971 1680 judice
985 1596 1025 1661 lis
1039 1608 1099 1663 est.

234 1698 468 1766 Archilochum
481 1699 616 1784 proprio
631 1699 739 1762 rabies
754 1699 889 1761 armavit
902 1698 1027 1763 iambo:

170 1805 213 1869 80
235 1803 335 1867 Hunc
350 1802 437 1866 socci
451 1822 568 1885 cepere
583 1800 711 1884 pedem,
727 1799 935 1884 grandesque
949 1799 1112 1878 cothurni,

234 1903 380 1969 Alternis
395 1913 507 1988 aptum
522 1903 736 1979 sermonibus,
752 1912 785 1966 et
800 1901 975 1985 populares

235 2007 429 2071 Vincentem
443 2005 610 2088 strepitus,
626 2014 659 2069 et
674 2012 784 2067 natum
799 2005 898 2067 rebus
913 2004 1060 2087 agendis.

151 2211 229 2273 (mare
248 2209 273 2259 in
290 2210 368 2260 sinum
388 2217 455 2260 terra
474 2210 609 2275 receptum)
629 2212 708 2259 classes
741 2207 786 2256 lies
801 2220 902 2274 gestem
914 2210 982 2265 bella,
993 2219 1108 2270 preeunte
1125 2209 1229 2270 Homero,
1241 2214 1298 2262 cele·

151 2278 302 2340 Aquilonibus
316 2273 499 2348 arcetllinversa
516 2275 668 2350 constructio,
682 2282 709 2323 ut
740 2274 841 2322 beantur
850 2275 984 2321 hexametris
990 2291 1005 2350 ,·¹
1016 2278 1117 2322 carmine
1137 2275 1243 2340 Elegiaco
1253 2296 1299 2326 non

150 2338 533 2466 1111111111ιέἕὼ
542 2340 710 2469 111111ἷῖἒί
741 2339 1298 2463 iiidi¹hlriii⁶d⁰.5ii“.hi.⁰iih‘l

151 2467 324 2528 didisrdmum),
335 2468 463 2529 sterilisque
474 2470 515 2515 diu
525 2469 602 2530 palus,
612 2478 710 2530 aptaque
741 2469 769 2515 ds
786 2469 816 2516 iis
837 2482 887 2529 que
902 2483 929 2514 er
944 2476 994 2514 voto
1010 2476 1132 2524 remanat,
1146 2472 1300 2529 affinitur,-

151 2536 219 2580 remis
231 2530 413 2596 (navigabilis),
429 2531 521 2579 Vicinus
539 2531 631 2595 (nunc)
644 2535 710 2580 urbes
741 2547 817 2578 emtus
838 2532 874 2578 uel
893 2546 931 2591 pes
950 2533 1068 2587 iambicam,
1089 2548 1132 2594 quo
1150 2535 1300 2582 Archilochus

153 2600 206 2655 alit,
219 2608 240 2645 et
257 2612 328 2661 graue
345 2606 451 2644 aratrum
469 2599 538 2644 sentit
553 2594 643 2659 (aratro
655 2612 709 2661 pro·
740 2599 830 2658 primus
849 2598 970 2657 composuit
987 2599 1090 2644 carmina
1110 2598 1300 2652 nauticarum

151 2660 298 2720 scinditur)·,
321 2660 367 2708 Seu
386 2662 459 2707 amnis
477 2660 597 2723 (Tiberis)
618 2677 710 2709 cursum
741 2671 811 2721 aptus
831 2669 886 2707 esset
905 2662 1044 2708 mmarribus
1062 2663 1181 2709 miscendis
1197 2673 1219 2710 et
1235 2666 1301 2711 rebus

151 2728 257 2788 iniquum
261 2726 377 2791 frugibus
389 2726 512 2786 (agrorum
531 2725 620 2786 cultui)
633 2734 710 2773 muta·
742 2726 847 2788 agendis,
860 2726 941 2781 heum,
954 2726 994 2771 ubi
1003 2740 1026 2772 se
1035 2733 1140 2782 moueret,
1153 2729 1178 2773 in
1189 2730 1303 2776 comediis

151 2792 194 2845 ait,
208 2790 294 2837 Doctus
305 2790 351 2835 iter
362 2790 442 2835 melius
461 2787 554 2851 (dolabi
567 2789 660 2841 scilicet
669 2788 707 2836 iti·
741 2798 762 2835 et
780 2790 898 2851 tragoediis
913 2790 1020 2844 inuenit;
1037 2792 1141 2836 carmina
1159 2791 1233 2852 lyrica
1251 2801 1299 2840 tum

152 2868 208 2902 nere
229 2852 295 2901 haud
314 2850 419 2917 amplius
442 2868 550 2916 agrorum
573 2852 650 2901 cultui
672 2852 708 2899 in·
741 2854 767 2899 in
784 2854 799 2899 t
816 2854 874 2899 mnis
889 2853 981 2899 deorum
999 2854 1202 2915 heranmqueetin
1215 2854 1299 2915 Epioi-

152 2916 238 2979 iesto):
257 2933 309 2981 sup.
330 2915 409 2981 Epist.
430 2914 447 2972 i,
468 2917 507 2973 tl,
527 2918 567 2972 30,
588 2921 608 2965 si
624 2919 709 2965 decidit
742 2918 783 2964 ciis
819 2918 979 2971 ieronicnrnm,
988 2934 1056 2979 quam
1067 2920 1093 2964 in
1101 2919 1168 2965 rebus
1177 2920 1301 2966 adamares

151 2984 231 3039 imber,
245 2981 390 3029 Multamols
401 2980 513 3029 doemdus
531 2984 608 3044 aprico
617 2998 711 3043 parcere
742 2992 763 3029 at
789 2981 851 3028 latas
871 2982 1043 3041 compotationes
1064 2983 1226 3043 spectantibus,
1249 2998 1300 3030 uer·

149 3055 230 3107 praten
251 3045 302 3119 haec
323 3044 402 3091 omnia
423 3052 479 3092 sunt
498 3060 570 3119 ppers
590 3044 707 3100 mortalia,
740 3053 832 3093 santur.
1129 3107 1134 3117 Ι

152 3107 709 3238 thl'itittstwt⁰22.3t²¹¹{.'t.'3”,.tt43
774 3109 816 3221 li:
833 3108 1299 3235 ittt‘ts‚tt‚m2lt,titt⁰n..

152 3238 219 3283 oleas
229 3240 289 3285 stet?
306 3240 368 3300 (non
380 3244 459 3300 pareat
467 3238 491 3297 l)
743 3236 838 3285 ametris
849 3237 1054 3301 Pentumetrisque
1065 3235 1248 3286 alternantibus.

185 3301 225 3349 65.
252 3302 323 3365 Regis
344 3317 415 3363 opus:
434 3304 500 3364 regia
520 3307 543 3349 et
564 3303 654 3363 regalia
672 3300 708 3349 di·
774 3301 815 3348 76.
836 3300 1299 3368 Vatisententiacompos,saususvolup-

153 3372 248 3422 cuntur,
276 3381 331 3429 quar
357 3380 451 3413 summa
473 3362 648 3435 magnificentia
668 3380 709 3414 ex·
742 3364 797 3413 tatis
818 3372 843 3412 et
865 3363 973 3424 laudm
995 3366 1090 3414 laetatur
1108 3364 1172 3413 enim
1192 3366 1234 3430 qui
1253 3369 1301 3415 voti

153 3427 343 3492 splendescunt;
376 3427 411 3476 sic
444 3426 545 3477 editiora
577 3428 713 3493 ingentibus
745 3428 872 3493 cujusdam
884 3444 980 3493 compos
990 3429 1025 3477 fit.

152 3493 271 3541 sumtibus
288 3500 409 3542 exstructa
426 3508 480 3557 sap.
493 3492 542 3541 Od.
555 3492 581 3547 ii,
597 3496 634 3551 15,
652 3494 714 3542 1(11-
777 3494 819 3540 77.
837 3493 939 3555 Erigrrm
952 3494 1033 3557 elegos,
1045 3501 1095 3541 tam
1111 3493 1142 3541 ob
1156 3509 1239 3543 versus
1255 3494 1300 3542 im-

153 3563 240 3604 cuntur
250 3559 319 3621 regie
334 3557 409 3603 nutes.
441 3557 637 3620 Praeteritique
653 3558 715 3607 bens
746 3571 907 3621 Pares,quam
924 3556 988 3619 quod
1005 3558 1111 3606 carmina
1125 3557 1231 3623 elegiaca
1247 3558 1300 3608 bre-

155 3619 281 3669 Rsntleius
292 3620 397 3669 malebat
407 3622 534 3679 sterilisve,
550 3622 577 3668 in
587 3620 710 3695 particulis
744 3622 809 3671 viora
819 3636 872 3668 esse
882 3620 968 3668 solent.

153 3684 272 3748 euinque
288 3693 351 3733 etue
366 3699 414 3732 non
431 3684 495 3749 apud
513 3686 640 3734 Horatium
657 3695 710 3734 tsn-
776 3685 817 3732 ts.
850 3684 1003 3732 Grammatiei
1030 3694 1129 3744 certant,
1158 3702 1192 3734 sc.
1221 3695 1301 3734 utrum

153 3754 215 3804 tum,
227 3757 254 3798 ut
270 3748 378 3814 pluribus
395 3748 455 3796 locis
473 3748 657 3805 observavimus,
669 3750 710 3798 sed
744 3749 913 3813 Polymnestus
930 3748 1104 3813 Colophonius,
1123 3751 1161 3800 vel
1182 3750 1301 3808 Callinns,

153 3812 224 3861 etiam
234 3812 297 3877 apud
309 3812 369 3861 alios
380 3812 503 3877 scriptores
513 3812 644 3877 sepissime
654 3830 710 3878 pec·
742 3814 780 3861 vel
799 3811 942 3877 Terpander,
961 3828 991 3859 an
1007 3814 1125 3862 Theoclss
1141 3814 1236 3862 Narius
1252 3815 1300 3863 sle·

154 3884 234 3925 catum
246 3887 308 3925 esta
323 3876 434 3925 librariis.
468 3878 711 3939 Invocopalusulti·
743 3892 827 3941 garum
855 3885 937 3924 auctor
957 3876 1043 3924 inerit:
1073 3878 1122 3926 vid.
1145 3877 1175 3925 da
1204 3877 1249 3925 hac
1277 3894 1302 3927 re

154 3956 195 3988 ma
216 3949 299 3989 contra
321 3941 386 4004 leges
408 3940 518 3989 metricas
536 3950 641 4005 correpta
659 3950 711 4002 est;
744 3940 889 3990 Franckium
906 3939 931 3987 in
951 3940 1048 3988 Calliuo
1064 3940 1114 3990 aive
1133 3940 1303 4006 questionibus

154 4004 279 4061 sedidem,
292 4004 426 4053 utSsrvius
442 4012 466 4053 et
484 4004 622 4054 Priscianus
632 4007 712 4055 obser·
745 4005 774 4055 de
796 4004 887 4067 origine
907 4004 1019 4053 carminis
1036 4004 1144 4069 elegiaci.
1178 4004 1262 4054 Alton.
1279 4016 1305 4055 et

154 4077 220 4127 vant,
243 4084 417 4133 nonnunquam
439 4068 465 4117 in
482 4072 550 4118 tellas
569 4078 593 4117 et
613 4081 715 4119 emeatus
746 4072 813 4181 Lipq.
826 4069 897 4117 1816.

154 4132 244 4181 lactum
261 4141 306 4181 est.
338 4133 417 4182 Satius
432 4132 504 4197 igitur
514 4133 617 4189 videtur,
629 4133 654 4181 in
669 4135 714 4182 hac

155 4196 373 4245 Grammaticorum
384 4197 547 4247 observatione
555 4198 713 4261 acquiescere,
745 4201 842 4261 propria
864 4196 952 4245 dicitur
976 4195 1029 4261 ejus
1054 4213 1096 4261 qur
1120 4212 1176 4246 eum
1204 4197 1304 4248 invenit.

154 4276 228 4324 quam
255 4259 318 4319 loco,
341 4262 446 4309 omnium
475 4261 553 4311 Codd.
574 4262 713 4312 auctoritate
746 4263 838 4317 Rabies,
850 4260 880 4311 de
890 4260 991 4308 canibus
1007 4260 1144 4316 acrioribus,
1161 4260 1302 4335 quibuscum

154 4325 302 4381 continuato,
320 4325 358 4373 vel
374 4326 550 4391 transponendo
569 4326 606 4374 vel
626 4325 712 4375 immu·
745 4326 877 4391 comparari
887 4324 947 4373 solet
963 4324 1156 4374 maledicentium
1168 4335 1271 4391 impetus
1281 4334 1306 4376 et

155 4388 229 4436 tando
241 4390 289 4437 vim
300 4388 393 4438 inferre.
746 4390 873 4440 acerbitas.

188 4453 295 4502 tat-85.
317 4454 414 4502 Sextum
424 4455 589 4521 Praeceptum:
616 4455 660 4504 Res
676 4458 714 4504 di·
779 4457 819 4503 110,
836 4455 907 4502 Hunc
923 4457 980 4502 sacci
998 4470 1074 4516 cepere
1089 4455 1174 4516 pedem.
1193 4463 1249 4504 cett.
1260 4455 1305 4505 hoc

153 4532 222 4566 serm
244 4519 333 4567 diuersa
358 4520 475 4580 postulant
496 4536 603 4569 amanum
621 4536 715 4585 genera.
748 4517 1306 4585 pedeiabulasiaeedarejussenrntpoetetam

850 4134 1067 4194 Propria—iambo:
1088 4131 1143 4205 jure
1162 4135 1249 4182 iambus
1266 4150 1303 4184 res
