3150 5200
294 324 359 391 368
697 324 1019 391 SATIRARUM

379 477 538 542 Procerus
555 479 663 542 odisse
677 479 795 563 luposl
840 480 930 552 Quia
945 479 1068 545 scilicet
1082 479 1144 544 illis

378 578 539 662 Majorem
554 590 669 643 natura
684 580 816 645 modum
831 580 935 656 dedit,
950 580 1002 643 his
1017 582 1116 645 breve
1132 581 1274 664 pondus.

376 680 516 764 Jejunus
532 702 605 744 raro
621 680 805 744 stomachus
820 680 966 765 vulgaria
981 684 1104 745 temnit.

378 780 569 845 Porrectum
584 803 701 865 magno
716 804 867 865 magnum
882 793 1031 866 spectare
1046 785 1154 849 catino

312 881 354 944 40
376 881 513 959 Vellem,
530 884 575 946 ait
590 882 747 966 Harpyiis
762 882 839 966 gula
855 882 954 966 digna
969 887 1153 967 rapacibus.
1200 883 1247 948 At
1261 905 1320 947 vos

376 982 571 1059 Praesentes,
587 981 713 1059 Austri,
729 985 859 1068 coquite
873 984 989 1048 horum
1005 988 1159 1051 obsonia!
1206 986 1415 1067 Quamquam

376 1083 475 1147 Putet
490 1106 568 1168 aper
584 1084 804 1167 rhombusque
819 1106 943 1162 recens,
959 1086 1043 1150 mala
1056 1090 1151 1172 copia
1164 1086 1297 1171 quando

376 1184 518 1267 AEgrum
534 1185 683 1249 sollicitat
699 1185 910 1263 stomachum,
926 1210 1027 1269 quum
1041 1189 1156 1273 rapula
1170 1188 1286 1273 plenus

377 1286 489 1368 Atque
504 1286 613 1349 acidas
631 1286 750 1349 mavult
764 1286 880 1350 inulas.
927 1288 1079 1352 Necdum
1093 1292 1197 1353 omnis
1212 1290 1329 1353 abacta

310 1386 353 1448 45
375 1386 553 1470 Pauperies
569 1388 673 1472 epulis
689 1411 819 1471 regum:
843 1411 918 1451 nam
932 1388 1049 1453 vilibus
1065 1391 1133 1453 ovis

375 1488 554 1572 Nigrisque
569 1501 619 1553 est
634 1489 713 1553 oleis
729 1488 828 1553 hodie
842 1488 943 1554 locus.
991 1490 1093 1553 Haud
1108 1492 1155 1553 ita
1167 1490 1295 1574 pridem

375 1589 508 1653 Galloni
522 1591 679 1674 praeconis
695 1601 764 1653 erat
777 1590 966 1673 acipensere
979 1613 1090 1654 mensa

374 1691 517 1755 Infamis.
564 1690 676 1764 Quid?
700 1702 768 1753 tum
783 1690 937 1755 rhombos
952 1693 1057 1755 minus
1070 1713 1202 1775 aequora
1216 1691 1369 1755 alebant?

374 1791 483 1857 Tutus
498 1803 569 1858 erat
582 1792 749 1869 rhombus,
764 1803 899 1875 tutoque
915 1794 1039 1858 ciconia
1055 1794 1150 1871 nid03

288 1936 416 1985 causaest,
429 1926 494 1993 quod
506 1927 566 1975 nihil
577 1942 647 1976 curas
661 1926 750 1992 proceri
761 1942 844 1993 corpo·
877 1943 920 1999 que
938 1928 1027 1985 malim,
1049 1930 1195 1986 rhotum
1222 1926 1355 2001 sepissime
1371 1926 1437 1977 eninr

288 1990 319 2039 ris
340 1992 425 2059 lupos!
450 1992 540 2057 Ofellus
559 1992 609 2057 ipse
634 1990 766 2055 respondet,
790 1994 845 2053 quia
876 2002 1025 2053 rnqueetue
1073 2001 1159 2040 ¹catum
1176 1990 1368 2041 estalrbrariis:
1385 1990 1435 2040 vid.

286 2057 373 2105 scilieet
384 2066 471 2103 nutura
484 2057 532 2103 illis
544 2052 635 2119 (lupis)
648 2070 734 2119 corpus
751 2053 845 2117 longius
876 2054 999 2104 Drakenb.
1022 2070 1036 2103 a
1074 2056 1129 2103 Liv.
1152 2056 1217 2111 xxiv,
1239 2056 1278 2111 10,
1299 2055 1360 2116 02,
1378 2054 1436 2103 hinc

287 2126 312 2166 et
322 2120 444 2182 grandius,
457 2122 491 2166 his
503 2120 612 2231 Smullis)
624 2118 719 2167 brevius
732 2128 757 2167 et
767 2118 844 2166 mino·
876 2132 949 2183 supra
968 2134 1063 2183 quoque
1082 2120 1132 2167 Sat.
1149 2118 1167 2174 i,
1185 2123 1210 2174 4,
1226 2118 1267 2175 75,
1285 2122 1437 2183 pro,'qaique

287 2181 319 2229 ris
368 2183 455 2239 nderis,
474 2183 503 2231 de
522 2183 548 2231 it.
582 2182 705 2231 Laudatur
723 2190 844 2230 autemst
876 2182 977 2231 lavantes
995 2184 1126 2237 tentabam,
1148 2186 1214 2245 quior
1239 2184 1351 2230 lunantur.
1395 2184 1435 2231 Da

287 2262 336 2311 prce
346 2248 563 2296 erturalautarurn
574 2246 697 2312 epularum
715 2246 842 2294 aestimato·
874 2247 967 2293 rhombo
988 2246 1085 2308 (Butte,
1108 2246 1294 2309 scrutamur),
1319 2246 1354 2293 cs.
1380 2262 1434 2311 sup.

286 2309 354 2359 ribus
376 2312 467 2359 mullus
486 2314 593 2367 trilibris,
615 2310 671 2376 quia
692 2308 797 2357 excrevit
818 2309 843 2357 in
875 2310 926 2357 Sat.
938 2309 956 2366 i,
967 2311 992 2359 2.
1007 2312 1063 2365 116,
1075 2319 1099 2358 et
1110 2308 1187 2374 Epod.
1199 2311 1224 2366 2,
1236 2310 1277 2357 50.

286 2375 473 2437 magnitudinem
489 2375 618 2423 insolitam.
654 2374 715 2438 (ltte
732 2388 843 2421 nonnun-
908 2375 948 2430 42,
960 2375 1001 2425 43.
1018 2374 1085 2421 Molo
1098 2378 1162 2436 cupio
1176 2376 1267 2436 quando
1278 2373 1379 2434 AEgruar
1389 2376 1434 2421 sol-

304 2454 358 2486 uam
376 2438 405 2486 ad
440 2438 615 2494 rosimundae
631 2438 661 2485 ad
678 2437 789 2485 remotius
806 2452 842 2484 re·
874 2436 950 2485 licitur
967 2439 1114 2485 stomachum.
1149 2438 1247 2491 Quando
1264 2435 1433 2499 (quandoqui-

286 2453 374 2549 dertur:
391 2456 441 2548 vid.
458 2502 548 2550 Duker.
566 2514 591 2549 et
610 2502 732 2549 Drakenb.
744 2500 773 2549 ad
789 2500 842 2548 Liv.
874 2498 937 2558 dem,
950 2500 1090 2563 quia)mulo
1103 2500 1200 2563 (nimia,
1212 2499 1371 2562 noris)oopia
1383 2502 1433 2563 (sc.

286 2564 351 2622 xxiv,
370 2567 411 2621 28,
428 2564 492 2676 qli).
534 2566 594 2614 lloec
617 2564 688 2630 igitur
706 2573 743 2614 est
760 2580 841 2620 causa.
873 2564 994 2627 ciborum)
1021 2566 1131 2614 sollicitat
1160 2566 1315 2623 (commovet,
1342 2564 1432 2620 turbat,

284 2641 327 2674 cur
340 2638 430 2678 stouras
448 2645 476 2676 us
491 2629 611 2684 ditiorum,
628 2629 670 2694 qui
681 2646 735 2676 roro
743 2633 843 2692 Jejunus
874 2637 975 2693 torquet,
992 2629 1080 2691 tentat)
1094 2647 1181 2693 ugrum
1195 2629 1356 2692 languentem,
1368 2644 1432 2676 snar-

285 2690 312 2738 lil
328 2693 393 2756 (raro
409 2693 506 2755 esurit),
519 2693 627 2756 vulgaria
641 2700 665 2740 el
680 2693 778 2756 proinde
789 2693 841 2739 vul·
874 2693 1020 2751 cessantem)
1030 2695 1178 2741 stomachum:
1197 2708 1228 2739 an
1239 2707 1287 2757 pro,
1300 2693 1362 2738 mulo
1374 2692 1429 2740 Ho-

316 2755 347 2804 ris
386 2755 556 2820 magnitudinis
593 2757 663 2820 lupos
701 2756 840 2805 contemnit.
874 2756 947 2804 ratius
963 2756 1061 2805 fortasse
1077 2756 1172 2822 scripsit
1182 2759 1258 2804 mule?
1273 2756 1331 2802 mle
1340 2756 1431 2804 sollici-

310 2819 435 2868 eindorfius
442 2836 492 2885 pro,
500 2837 554 2868 roro
559 2819 595 2868 val
604 2836 666 2874 rurs,
675 2819 780 2868 malebat
786 2836 841 2868 cum
873 2828 917 2877 tut,
931 2821 991 2869 male
1002 2821 1083 2874 afficit,
1093 2821 1154 2868 male
1165 2827 1303 2872 commovet,
1314 2818 1433 2868 concitat.

284 2881 365 2932 Schol.
384 2885 442 2932 Aer.
459 2887 518 2940 ruri,
532 2883 632 2936 scilicet,
645 2886 775 2945 utjqjumu
789 2886 841 2931 ruri
873 2883 1161 2996 RupuloJRodiatcheu),
1169 2899 1224 2948 quta
1235 2883 1265 2930 ad
1276 2881 1433 2932 excitandum

280 2945 332 3010 jam
351 2947 390 3005 sit,
408 2947 509 3013 cupidus
526 2947 580 3002 rari,
600 2947 673 2994 allato
691 2948 839 3012 exemploex
870 2945 957 2995 edendi
988 2947 1114 2996 esiderium
1128 2955 1264 2995 sumuntur.
1298 2946 1385 2993 Plenus
1394 2961 1432 2996 sc.

283 3011 376 3060 Justin.
389 3011 484 3069 xxxviii,
502 3014 526 3066 6,
543 3015 628 3059 animos
641 3012 837 3059 diuitiomruoui-
871 3009 987 3068 ciborum,
999 3019 1081 3070 satur;
1096 3013 1178 3073 plenus
1194 3009 1281 3075 passim
1297 3009 1386 3058 omissa
1406 3027 1432 3058 re

283 3077 322 3124 dos
341 3095 368 3126 uo
379 3081 473 3140 jejunos
493 3077 589 3134 hobere;
608 3074 676 3123 modo
695 3074 738 3123 hoc
756 3091 837 3123 exem·
870 3074 940 3139 cujus
958 3075 1012 3139 quis
1043 3075 1113 3122 lenus
1129 3082 1173 3122 est.
1206 3073 1300 3122 Sicini.
1313 3074 1393 3138 Epist.
1402 3074 1431 3130 ii,

282 3139 348 3204 plum
362 3157 408 3189 non
420 3157 449 3189 ex
461 3139 573 3204 scriptore
584 3138 675 3186 serioris
691 3139 767 3186 aetatis
777 3141 837 3204 peti·
873 3139 895 3193 l,
909 3139 964 3194 100,
977 3091 1057 3248 pueiia
1067 3141 1144 3200 pierio,
1157 3154 1192 3186 sc.
1209 3137 1269 3192 ludi,
1288 3136 1345 3184 ludo
1359 3153 1429 3186 ersa·

281 3211 331 3252 tum
343 3215 414 3253 esset.
871 3201 945 3249 tiata:
964 3217 996 3249 c.
1010 3201 1087 3266 Epist.
1104 3201 1120 3258 i,
1137 3203 1178 3257 20,
1196 3204 1220 3258 8,
1237 3208 1261 3250 et
1277 3199 1355 3266 Epist.
1366 3200 1392 3258 ii,
1402 3203 1428 3260 2,

314 3269 355 3324 39,
368 3269 409 3316 40.
419 3269 549 3315 Pomorum
561 3282 651 3328 mugno,
668 3275 724 3315 cett.
737 3265 836 3328 “Equi-
872 3267 928 3313 154.

280 3329 491 3386 demrellem,me
507 3330 584 3378 oculis
601 3331 659 3378 meis
675 3329 752 3377 metiri
770 3344 837 3392 posse
903 3332 943 3384 44,
956 3331 996 3378 45.
1013 3331 1097 3378 Aridus
1107 3331 1183 3377 iuuluu
1195 3329 1318 3392 (Alunt).·
1345 3327 1430 3376 Schol.

281 3393 382 3442 mullum
395 3409 506 3457 magnum
518 3393 542 3441 in
554 3409 640 3456 magno
652 3393 731 3440 catino
742 3408 833 3457 porrec·
870 3393 937 3450 Aca,
957 3393 1007 3440 Nou
1025 3396 1084 3456 quod
1100 3396 1167 3442 uuida
1181 3402 1213 3440 est
1230 3393 1276 3440 lucc
1294 3393 1373 3448 herbo,
1389 3397 1428 3442 sod

280 3457 358 3512 tum,'’
367 3457 513 3505 dicerssolet
523 3457 594 3504 horno
605 3456 711 3518 gulosus,
720 3465 836 3503 monstro·
868 3459 936 3518 quod,
949 3474 1000 3504 cum
1011 3459 1126 3520 coquitur,
1142 3465 1203 3503 aceto
1214 3457 1331 3503 conditur.
1366 3456 1427 3504 Nec-

281 3519 313 3566 sis
334 3521 384 3593 istis
404 3530 429 3568 et
449 3520 574 3584 rapacibus
597 3519 690 3573 avibus,
712 3519 834 3593 Harpyiis,
868 3522 1009 3593 dunomuis
1023 3523 1105 3568 oborto
1117 3521 1240 3592 l'uuprries
1250 3519 1326 3580 epulis
1336 3535 1427 3594 regpsg,

279 3583 558 3702 ss¹rulh...¹t
571 3581 836 3718 rattruut
868 3582 1428 3718 tristissimamquesti

279 3709 396 3759 classicus
412 3726 424 3758 a
444 3710 476 3759 ud
495 3711 564 3774 l'irg.
585 3713 644 3758 AEn.
662 3709 697 3767 iu,
714 3713 762 3758 219
781 3727 835 3776 sqq.
868 3711 899 3758 ab
912 3710 991 3775 epulis
1007 3727 1096 3774 regum,
1112 3708 1427 3766 beatromm,d1tionrm,ul

279 3774 322 3821 ubi
333 3775 414 3824 conlar
426 3728 526 3824 dxcurs.
538 3773 627 3839 llcynii
637 3773 679 3822 vii.
869 3790 922 3839 sup.
936 3772 1012 3829 Odi,
1025 3777 1049 3830 4,
1064 3776 1101 3829 14,
1114 3783 1139 3822 et
1150 3775 1200 3821 Sat.
1209 3773 1226 3828 i,
1237 3775 1263 3828 2,
1275 3773 1316 3820 06.
1406 3835 1411 3844 Ι

312 3839 353 3886 41.
375 3841 405 3886 Ar
423 3857 459 3887 uos
475 3850 603 3900 presentes,
625 3839 715 3895 Austri,
736 3845 792 3884 cett.
813 3846 838 3886 al
901 3839 1006 3886 46-50.
1026 3838 1152 3901 h't'grisque
1171 3838 1239 3884 oleis:
1256 3837 1281 3884 ni
1298 3835 1318 3883 ri
1338 3835 1426 3882 colons

278 3918 329 3960 vos,
344 3903 434 3960 Austri,
447 3901 536 3957 adeste,
549 3911 572 3950 et
587 3901 609 3950 vi
624 3909 702 3948 restra
718 3901 833 3949 efficacis·
866 3901 941 3956 oleas,
957 3910 985 3949 ut
1001 3901 1109 3950 observat
1125 3902 1255 3956 Gesnerus,
1310 3898 1426 3947 condien-

278 3966 336 4014 sima
356 3968 437 4016 horum
455 3967 577 4014 hominum
590 3965 723 4028 gulosorum
735 3964 834 4012 obsonia
866 3965 923 4012 dum
940 3963 1091 4013 commendat
1107 3965 1202 4013 Colum.
1219 3963 1261 4018 xii,
1274 3965 1315 4018 40,
1331 3963 1377 4010 49:
1393 3962 1426 4009 ci.

277 4031 425 4095 putrefacite.
461 4029 648 4092 Preaentet,qui,
664 4045 720 4077 cum
736 4028 833 4085 adsunt,
867 4031 938 4078 Voss.
956 4028 987 4077 ad
1004 4028 1075 4091 virg.
1094 4029 1156 4077 Geo.
1175 4027 1201 4086 ii,
1220 4029 1260 4075 85.
1295 4027 1369 4073 Haud
1390 4028 1425 4072 itu

277 4095 356 4142 statim
375 4095 421 4142 uim
438 4101 557 4148 exercent,
572 4107 644 4156 quarn
658 4107 766 4142 exercere
777 4107 833 4158 pos·
863 4095 962 4154 pridem,
975 4101 1030 4140 cett.
1042 4108 1089 4139 non
1100 4091 1133 4139 ita
1144 4090 1233 4156 pridem
1250 4106 1330 4155 preco
1342 4089 1425 4138 Gallo-

276 4167 344 4206 sunt:
357 4158 388 4207 cl.
401 4173 453 4222 sup.
463 4157 493 4204 ad
505 4157 553 4205 Od.
567 4155 584 4210 i,
594 4158 634 4210 35,
645 4158 670 4203 2.
865 4158 927 4211 nius,
939 4156 1004 4220 quod
1019 4165 1103 4220 preter
1117 4170 1214 4203 censum
1226 4163 1250 4202 et
1260 4153 1424 4218 disciplinam,

309 4225 349 4270 42.
374 4223 514 4284 eromqrurm
537 4221 724 4274 Putet—recum,
747 4235 831 4284 quam·
865 4227 977 4282 tanquam
1005 4228 1068 4266 esset
1086 4219 1156 4266 homo
1179 4217 1246 4266 dives
1268 4226 1292 4266 cl
1313 4216 1425 4270 nobilior,

276 4301 348 4352 quam
366 4287 402 4334 vel
419 4300 500 4334 recens
513 4301 568 4348 aper
585 4283 746 4346 rhombusque
756 4293 831 4344 putet,
863 4282 945 4346 magni
957 4282 1025 4348 pretii
1036 4283 1194 4346 acipenserem
1204 4281 1229 4327 in
1240 4296 1323 4328 mensa
1335 4280 1424 4345 apponi

276 4366 324 4398 non
338 4349 430 4414 proprie
447 4348 552 4412 quidem,
566 4347 607 4394 sed
625 4347 771 4410 quinqueni
786 4365 830 4408 pu-
861 4347 974 4410 jusserat,
999 4355 1077 4394 notam
1100 4347 1145 4392 sibi
1169 4344 1288 4393 contraxit
1309 4343 1425 4391 infamia.

275 4423 330 4470 taut,
347 4427 458 4461 nauseam
476 4419 554 4459 creat:
573 4410 672 4457 observa
688 4425 759 4458 suave
776 4409 833 4463 ὀξύ·
866 4411 938 4458 Schol
952 4411 1036 4473 Cnrq..
1050 4410 1172 4458 Gallonius
1183 4426 1255 4469 prum
1263 4411 1352 4468 primus
1370 4407 1423 4469 (in-

275 4477 393 4543 pwpovin
412 4492 487 4524 recens
503 4484 527 4522 et
541 4483 615 4536 putet.
650 4473 697 4520 Pro
718 4476 833 4521 rhombus·
866 4483 902 4521 ter
912 4476 1045 4539 precones)
1054 4477 1202 4534 acipenserem
1213 4474 1294 4533 piscem
1303 4487 1349 4520 tua
1359 4488 1424 4518 men·
