3150 5200
312 375 374 438 164
738 365 1037 434 CARMINUM

430 527 450 587 5
483 525 519 588 Si
535 547 599 587 uon
615 522 791 598 Acrisium,
808 521 939 605 virginis
955 519 1076 582 abditae

481 619 661 689 Custodem
676 623 840 707 pavidum,
853 621 984 703 Jupiter
998 631 1032 683 et
1045 618 1161 682 Venus

482 729 663 792 Risissent:
688 724 757 789 fore
772 725 858 787 enim
872 732 978 785 tutum
992 721 1055 784 iter
1069 729 1103 784 et
1117 730 1231 803 patens

739 825 904 888 Converso
919 822 953 884 in
966 823 1106 905 pretium
1121 820 1208 884 Deo.

481 927 610 991 Aurum
624 949 684 1010 per
698 926 822 990 medios
837 926 884 987 ire
900 922 1065 1000 satellites,

422 1030 462 1092 10
484 1029 531 1092 Et
545 1049 754 1112 perrumpere
770 1035 856 1089 amat
872 1045 950 1086 saxa
965 1026 1130 1107 potentius

481 1129 554 1193 Ictu
568 1128 732 1192 fulmineo.
778 1124 930 1190 Concidit
945 1126 1078 1209 auguris

739 1226 855 1311 Argivi
870 1225 996 1302 domne,
1013 1226 1055 1289 ob
1069 1225 1194 1289 lucrum

484 1331 645 1396 Demersa
659 1331 770 1394 exitio.
819 1324 951 1390 Diffidit
964 1327 1093 1390 urbium

309 1463 366 1525 21),
389 1464 500 1513 mulieres
517 1463 650 1512 vinolentas
670 1462 754 1518 luisse,
773 1475 870 1526 operose
902 1460 1011 1524 exemplo
1021 1461 1128 1514 Danaes,
1137 1473 1211 1522 quam
1222 1471 1252 1504 ne
1262 1455 1469 1522 firmissimisqui-

311 1526 343 1573 ad
360 1528 385 1575 h.
403 1527 421 1575 l.
438 1527 508 1578 docet
525 1527 565 1576 cl.
581 1526 682 1575 Mitsch.
716 1527 779 1574 Fece
796 1535 869 1580 imur,
903 1521 957 1571 dem
968 1523 1122 1572 munimentis
1132 1522 1191 1570 satis
1205 1529 1281 1568 tutam
1296 1521 1326 1568 ab
1340 1520 1466 1571 adultero-

310 1589 439 1656 dcrpriya:
452 1590 485 1641 ci.
495 1608 549 1656 sup.
560 1590 578 1648 i,
590 1593 631 1645 ³5,
642 1592 684 1639 27.
904 1601 956 1634 rum
968 1603 1025 1635 auro
1037 1595 1147 1652 praestare
1159 1585 1235 1650 potuit
1247 1583 1367 1632 Acrisius.
1399 1587 1468 1634 Sua·

876 1675 884 1692 =
904 1650 963 1698 viter
984 1660 1063 1700 autem
1088 1652 1204 1700 Venerem
1226 1656 1251 1698 et
1271 1648 1356 1696 Jovem
1383 1648 1467 1701 risisse

470 1718 623 1769 CARMEN
640 1717 715 1765 xvi.
903 1714 979 1776 fingit,
991 1730 1046 1762 cum
1060 1713 1182 1764 Acrisium
1192 1727 1254 1760 vana
1262 1719 1346 1760 contra
1356 1713 1407 1760 auri
1419 1729 1466 1779 po-

346 1783 418 1840 Quod
437 1782 525 1848 sepius
545 1782 658 1830 Horatius
677 1781 802 1845 probatum
819 1778 870 1836 ivit,
904 1779 1001 1826 tentiam
1013 1778 1092 1826 moliri
1101 1776 1217 1826 viderent
1241 1774 1349 1823 Acrisius
1360 1775 1465 1834 scilicet,

312 1844 367 1893 vitm
385 1847 497 1897 humane
515 1845 653 1896 felicitatem
668 1859 716 1893 non
732 1843 757 1891 in
770 1858 870 1907 magna·
904 1857 945 1889 rex
961 1842 1104 1953 quirorum
1122 1841 1162 1905 (ut
1179 1848 1259 1888 narrat
1275 1839 1338 1886 hanc
1353 1839 1467 1890 fabulam

313 1924 448 1975 rumopum
462 1909 618 1976 possessione,
632 1907 710 1956 sedin
722 1907 811 1961 animo,
824 1922 872 1954 non
905 1904 979 1970 Apoll
1012 1905 1200 1968 or.ii,lsqq.),
1213 1903 1244 1952 de
1259 1903 1314 1950 viter
1329 1903 1467 1967 periculos

312 1971 382 2036 plura
408 1991 479 2038 quam
504 1975 593 2038 quibus
613 1973 644 2021 ad
670 1972 744 2020 vitam
772 1971 871 2019 honeste
904 1977 990 2035 nepote
1011 1970 1043 2017 ali
1061 1968 1140 2018 uando
1157 1967 1203 2015 sibi
1222 1966 1466 2039 timendodivinitus

312 2038 487 2111 transigendam
499 2053 558 2112 opus
568 2045 613 2092 est,
622 2043 756 2101 appetente,
769 2034 870 2100 positam
903 2033 1016 2088 monitus,
1032 1987 1106 2081 eham
1124 2047 1193 2080 suam
1210 2032 1314 2079 Danaen
1329 2045 1354 2076 rn
1374 2047 1465 2082 aereum

312 2113 374 2156 esse,
385 2101 410 2149 rd
425 2112 500 2150 semet
514 2117 594 2166 ipsum
611 2100 720 2164 exemplo
737 2113 872 2164 pmponens
903 2097 1035 2145 thalamum
1046 2096 1180 2150 inclusisse,
1192 2103 1215 2144 et
1225 2094 1259 2142 sic
1269 2093 1338 2141 sortis
1348 2103 1465 2168 eventum

315 2165 382 2212 novis
392 2165 563 2214 sententiarum
574 2163 705 2212 luminibus
716 2162 742 2210 in
754 2164 798 2211 hoc
810 2177 869 2226 quo·
901 2161 996 2210 eludere
1007 2161 1111 2210 voluisse
1121 2159 1217 2207 dicitur.
1239 2157 1287 2207 Sed
1299 2159 1395 2222 Jupiter
1404 2173 1464 2209 cnm

314 2229 478 2291 quecarmine
489 2230 582 2294 probat.
610 2227 786 2276 Sententiarum
797 2241 873 2276 nesus
902 2224 928 2272 in
951 2240 1049 2275 aureum
1071 2226 1169 2274 imbrem
1191 2235 1318 2271 conversus
1340 2239 1381 2287 per
1401 2233 1464 2272 tecto

311 2300 349 2339 est
369 2292 418 2342 fere
439 2293 493 2342 hic:
519 2308 578 2341 auro
595 2291 656 2339 nihil
672 2306 723 2340 esse
740 2290 871 2366 potentius,
904 2287 1122 2352 (διὰτῆςόροφῆς)
1131 2287 1180 2336 sive
1189 2303 1229 2352 per
1238 2287 1340 2352 tegulam
1348 2287 1463 2348 (Terent.

311 2354 369 2402 satis
396 2355 478 2404 uidem
493 2365 594 2404 constat.
627 2356 695 2402 Auro
707 2369 771 2403 emm
783 2354 808 2401 in
821 2361 868 2401 tur·
902 2353 965 2400 Eun.
977 2352 1012 2409 iii,
1023 2357 1047 2409 5,
1064 2353 1110 2416 ³5)
1122 2351 1146 2400 in
1162 2352 1260 2399 Danaes
1272 2351 1351 2398 sinum
1362 2349 1462 2399 dacen-

313 2432 363 2465 rem
406 2435 489 2468 eneam
517 2435 555 2466 ure
565 2419 668 2466 Danaen
683 2427 766 2466 contra
776 2417 869 2466 adulte·
901 2416 984 2471 disset,
1007 2432 1037 2464 αι
1060 2417 1102 2464 illa
1122 2414 1254 2480 procreavit
1274 2414 1397 2471 Perseum,
1419 2415 1463 2479 qui

312 2495 351 2527 ros
370 2483 462 2530 munire
481 2483 512 2530 ds
541 2483 591 2538 bat,
609 2482 740 2546 penetrarit
757 2480 870 2546 Jupiter,
902 2487 985 2545 postea
997 2494 1067 2528 avum
1078 2495 1147 2528 suum
1159 2478 1279 2526 Acrisium
1291 2476 1427 2526 inconsulto
1437 2491 1464 2528 et

313 2557 371 2592 auro
387 2544 412 2593 in
426 2545 555 2611 perniciem
571 2544 649 2592 mariti
663 2544 702 2593 sui
715 2559 741 2593 se
752 2545 872 2611 corrumpi
902 2551 989 2592 temere
1005 2543 1066 2592 disci
1084 2545 1148 2592 'actu
1166 2541 1281 2590 occidisse
1298 2541 1411 2589 traditur:
1429 2544 1463 2591 cl.

311 2622 384 2670 passa
393 2617 430 2657 est
444 2610 558 2674 Eriphyle
565 2626 572 2667 ;
589 2624 646 2657 auro
663 2610 734 2657 urbes
748 2624 871 2673 expugna·
904 2608 993 2672 Hygia.
1009 2608 1069 2656 Feb.
1090 2606 1139 2656 xiii.
1175 2607 1341 2660 Turrisaenso,
1353 2605 1462 2670 intellige

313 2670 383 2720 vitet
395 2672 487 2720 vicinos
503 2688 570 2735 reges
582 2672 614 2721 de
629 2672 705 2735 gloria
718 2681 742 2721 et
757 2681 873 2736 potestate
904 2672 1044 2720 cubiculum
1062 2672 1101 2721 vel
1117 2670 1258 2725 thalamum,
1276 2668 1318 2717 nbi
1334 2683 1349 2716 a
1364 2672 1464 2733 potioris

313 2749 395 2783 mum
410 2737 551 2784 simulantes
564 2752 592 2784 su
610 2736 695 2801 pressit
709 2736 873 2783 Macedonum
905 2750 975 2785 sexus
986 2734 1051 2783 editu
1062 2734 1155 2783 secludi
1169 2733 1232 2798 apud
1244 2734 1343 2781 Grecos
1356 2732 1463 2797 virgines

310 2812 352 2845 rer
364 2799 503 2874 Philippus3
518 2815 576 2848 auro
583 2752 687 2863 iiduique
696 2798 792 2848 navium
802 2799 874 2848 duces
905 2798 1021 2855 solebant,
1029 2798 1224 2853 munitissimum,
1236 2812 1249 2844 a
1261 2811 1309 2859 quo
1319 2806 1393 2861 poete
1403 2814 1462 2862 poa-

313 2861 476 2927 adperlidram
492 2863 590 2912 adducti
606 2872 671 2912 sunt.
706 2862 873 2912 Vemmeaim
905 2862 1001 2911 teriores
1017 2863 1123 2911 iecerunt
1139 2872 1227 2909 trierem
1242 2876 1333 2907 mnsam
1346 2858 1385 2908 vel
1401 2880 1463 2909 sra-

312 2940 367 2975 vero
402 2943 434 2975 uo
451 2927 505 2992 quis
524 2936 560 2975 est
578 2926 720 3001 opulentior,
735 2942 764 2975 eo
782 2926 871 2975 ma'ore
904 2936 959 2982 tom,
972 2926 1060 2975 Claud.
1071 2926 1097 2973 in
1105 2927 1205 2989 Eutrop.
1217 2924 1234 2981 i,
1247 2924 1288 2972 82.
1320 2925 1345 2971 Α
1377 2922 1463 2975 llodnr.

313 2989 383 3053 plura
414 2990 502 3040 ebendi
518 2991 649 3057 cupiditate
666 2990 777 3054 agitetur.
811 2942 871 3039 ,iure
904 2988 921 3036 l.
938 2989 956 3037 l.
975 2988 1045 3044 dixit,
1065 2989 1186 3054 Ἀκρίσιος
1208 2987 1257 3037 ὑπὸ
1274 2990 1324 3051 γῆν
1361 2987 1463 3053 άλαμον

312 3055 442 3120 meritoque
463 3055 537 3119 igitur
555 3071 570 3103 a
588 3054 724 3103 divitiarum
746 3053 872 3119 splendore
904 3052 1091 3111 κατασκευάσας
1107 3053 1222 3117 χάλκεον,
1237 3053 1286 3111 τὴν
1302 3052 1404 3111 Δανάην
1421 3052 1463 3117 ἐφ-

312 3118 431 3175 abhorrui,
441 3127 465 3168 et
476 3120 606 3185 tranquillo
616 3118 695 3167 animo
704 3117 871 3167 inremedica
918 3115 989 3191 ripn.
1031 3117 1102 3165 Paul.
1120 3116 1206 3166 Silent.
1225 3116 1270 3195 Ep.
1285 3112 1360 3167 xvi,2
1377 3118 1463 3180 appel-

311 3189 337 3229 et
353 3192 472 3232 contemta
485 3185 644 3247 acquiescere,
655 3197 728 3246 quarn
739 3182 805 3229 curis
816 3196 869 3243 gra·
902 3134 938 3227 iat
946 3180 1016 3229 illum
1023 3196 1140 3229 carcerem
1148 3180 1316 3244 χαλκελαταυς
1324 3178 1462 3243 θαλάμους

310 3245 417 3295 rioribus
427 3248 566 3295 inrelouta
577 3245 698 3301 macerari,
708 3245 795 3293 malui.
828 3246 869 3308 Ig-
901 3243 1277 3306 ci.Cl.lt1itsch.etBoettig.
1309 3242 1463 3299 Rabannae

313 3311 451 3357 noratenim
462 3309 640 3357 latifundiomnr
651 3324 770 3372 possessor
779 3308 870 3355 dulcis·
901 3308 1008 3356 trabibus
1023 3308 1126 3357 roboreis
1143 3316 1268 3363 contexte,
1287 3306 1311 3353 h.
1329 3321 1351 3355 e.
1369 3307 1462 3367 lirmae3

312 3370 397 3418 simam
414 3373 481 3419 illam
497 3371 653 3436 voluptatem,
670 3386 744 3434 quarn
760 3371 871 3435 equidem
903 3370 958 3419 hinc
966 3370 1074 3419 roburds
1083 3371 1136 3419 loco
1146 3372 1208 3419 bene
1218 3370 1310 3418 munito
1321 3369 1347 3417 in
1357 3372 1461 3420 cameri-

311 3447 342 3479 ex
359 3448 418 3498 puro
436 3434 495 3488 rivo,
515 3448 645 3499 paucorum
662 3433 774 3496 jugerum
793 3434 869 3490 silvis,
902 3435 964 3482 bus:
982 3435 1014 3482 cf.
1027 3450 1081 3499 sup.
1093 3435 1123 3483 ad
1134 3434 1160 3490 ii,
1174 3436 1212 3490 13,
1228 3436 1266 3482 19.
1302 3435 1402 3497 Vigitum
1420 3452 1461 3482 eo-

311 3502 337 3542 et
357 3496 431 3558 agelli
455 3498 502 3545 mei
527 3497 648 3546 fertilitate
671 3498 795 3562 percipi03
822 3498 870 3546 imo
902 3514 970 3545 num:
986 3497 1114 3547 decanum
1130 3496 1390 3573 gynaeceisadditorurn
1403 3513 1460 3546 cus·

311 3559 387 3607 multo
408 3559 451 3607 illo
473 3575 526 3608 sum
546 3560 654 3619 beatior;
679 3562 788 3624 quamvis
805 3563 870 3609 enim
902 3560 966 3609 todia
985 3562 1084 3609 laudant
1101 3562 1223 3627 Anstoph.
1240 3559 1386 3625 Thesmoph.
1403 3562 1462 3611 423.

312 3624 508 3696 nequeeamelle
516 3622 541 3671 in
550 3622 664 3697 Calabria
672 3633 793 3698 questum
798 3623 869 3679 facio,
903 3624 995 3680 llristes,
1013 3624 1225 3698 scq'amatoribus:
1249 3622 1355 3673 similiter
1373 3624 1462 3674 Ovidio

312 3699 398 3820 {titt
408 3688 869 3815 111211211121132111
901 3687 1459 3815 ii;.‘¹”itilt.iiiiiii}'.ii{l⁰iiffii

312 3810 443 3878 Cisalpine
454 3813 550 3877 pascuis
560 3814 600 3861 alo
611 3831 618 3871 ;
634 3828 713 3862 rarum
724 3814 868 3863 necessario-
901 3814 932 3861 tis
943 3815 1056 3864 muniisse
1065 3815 1212 3865 videbantur.
1232 3816 1329 3862 Murice
1336 3817 1459 3878 abaliquo,

311 3888 363 3921 rum
372 3883 452 3924 tamen
462 3875 526 3925 haud
536 3876 668 3940 egolaboro
679 3877 768 3942 inopia.
803 3878 868 3927 Con·
901 3893 952 3941 pro,
972 3876 1085 3927 adversus
1106 3878 1220 3943 aliquem,
1238 3886 1266 3925 ut
1286 3878 1408 3941 dej'endm
1429 3882 1459 3927 nb

310 3946 387 3987 tracta
403 3949 482 3988 autem
491 3941 559 4005 plura
568 3940 672 3989 habendi
686 3955 716 3988 eu
734 3940 817 3990 iditate
830 3941 866 3989 in·
899 3944 976 4004 atiquo
984 3942 1132 4000 sexcentiea;
1149 3946 1168 3990 si
1179 3959 1225 3989 non
1234 3943 1336 3989 risissent
1346 3956 1398 4015 pro,
1411 3942 1458 3990 nisi

310 4001 456 4064 traeriguos
470 4017 579 4067 sgromm
594 4020 700 4053 meorum
716 3958 783 4059 ines,
795 4005 868 4053 letius
899 4004 1012 4059 risissent,
1024 4014 1049 4053 et
1063 4006 1107 4053 hoc
1123 4022 1164 4071 pro
1182 4004 1284 4067 vulgari,
1302 4003 1458 4053 nihilominus

310 4064 371 4112 mihi
386 4082 484 4127 regnare
500 4067 597 4116 videbor
615 4082 689 4131 quam
706 4068 727 4114 si
740 4067 867 4116 continuos
899 4075 980 4116 tamen
991 4069 1101 4117 riserunt.
1136 4067 1182 4117 Vel
1191 4068 1286 4133 explica
1302 4067 1365 4115 hunc
1376 4067 1458 4117 locum

310 4128 337 4175 iu
357 4130 419 4177 Asia
435 4138 525 4179 tractus
541 4130 682 4196 possideam.
720 4132 770 4188 Qui
789 4131 867 4179 multa
898 4130 948 4179 sio:
970 4136 1103 4181 munierant
1118 4136 1173 4181 satis
1189 4134 1302 4179 inclusam
1314 4132 1420 4187 Danaen,
1433 4140 1458 4181 et

309 4195 778 4305 petuntnunquamessatiari'possunt.
797 4194 865 4241 Mul-
899 4210 963 4267 nunq
983 4196 1076 4305 supple,
1099 4204 1123 4244 et
1143 4195 1247 4260 prolecto
1274 4194 1332 4242 satir
1353 4194 1458 4244 Danaen

310 4256 442 4304 toisbcrus
452 4264 525 4318 igitur
535 4265 560 4305 et
576 4257 669 4320 tranqu'
682 4258 731 4305 bus
745 4258 866 4306 mvuntin
899 4258 1012 4306 munituri
1039 4260 1130 4308 uissent
1141 4260 1183 4321 (Si
1194 4260 1255 4319 noa)
1270 4258 1316 4306 nisi
1326 4258 1421 4319 Jupiter
1435 4270 1459 4307 et

310 4319 440 4367 remodira
450 4319 581 4367 constituti.
905 4321 978 4370 Venas
993 4323 1109 4370 Acrisium
1128 4324 1239 4370 risissent.
1271 4322 1325 4369 Hac
1344 4322 1461 4371 orationis
1565 4344 1566 4385 2

345 4384 417 4431 l—ti.
434 4382 475 4432 Ad
491 4383 614 4446 vulgarem
635 4384 777 4433 sententiam
798 4400 866 4433 exor-
901 4384 975 4433 torma
991 4401 1049 4433 usus
1083 4400 1163 4449 uoque
1179 4394 1215 4433 est
1236 4384 1305 4449 virg.
1324 4386 1386 4433 AEn.
1405 4386 1458 4443 viii,

311 4446 424 4503 nandam,
444 4445 528 4494 “nihil
547 4456 596 4493 tarn
610 4448 867 4512 munitumesaequod
901 4450 957 4505 522,
980 4450 1037 4504 52³,
1084 4451 1179 4511 ultaque
1195 4450 1256 4495 duro
1271 4466 1312 4497 suo
1326 4451 1389 4497 tristi
1405 4466 1459 4498 eum

311 4523 359 4557 non
367 4525 425 4558 auro
433 4509 565 4575 expugnari
572 4509 672 4574 possit,''
681 4511 784 4575 primum
793 4512 867 4561 utitur
899 4515 1098 4574 eordeputabnat,
1109 4521 1132 4563 et
1145 4511 1236 4575 ¹diutius
1253 4512 1328 4561 multa
1344 4511 1404 4561 dura
1419 4528 1459 4562 se·
