<?xml version="1.0" encoding="UTF-8"?>
<!DOCTYPE html PUBLIC "-//W3C//DTD XHTML 1.0 Transitional//EN"
    "http://www.w3.org/TR/xhtml1/DTD/xhtml1-transitional.dtd">
<html xmlns="http://www.w3.org/1999/xhtml" xml:lang="en" lang="en">
 <head>
  <title>
</title>
<meta http-equiv="Content-Type" content="text/html;charset=utf-8" />
  <meta name='ocr-system' content='tesseract 3.04.00' />
  <meta name='ocr-capabilities' content='ocr_page ocr_carea ocr_par ocr_line ocrx_word'/>
</head>
<body>
  <div class='ocr_page' id='page_1' title='image "./operaomniaillus00horagoog_0595.png"; bbox 0 0 3150 5200; ppageno 0'>
   <div class='ocr_carea' id='block_1_1' title="bbox 370 362 1274 431">
    <p class='ocr_par' dir='ltr' id='par_1_1' title="bbox 370 362 1274 431">
     <span class='ocr_line' id='line_1_1' title="bbox 370 362 1274 431; baseline -0.006 -1"><span class='ocrx_word' id='word_1_1' title='bbox 370 364 639 431; x_wconf 81' lang='lat' dir='ltr'>EPISTOLA</span> <span class='ocrx_word' id='word_1_2' title='bbox 669 363 742 429; x_wconf 80' lang='lat' dir='ltr'><strong>AD</strong></span> <span class='ocrx_word' id='word_1_3' title='bbox 774 362 1013 429; x_wconf 87' lang='lat' dir='ltr'>PISONES.</span> <span class='ocrx_word' id='word_1_4' title='bbox 1209 362 1274 425; x_wconf 79' lang='lat'><strong>553</strong></span> 
     </span>
    </p>
   </div>
   <div class='ocr_carea' id='block_1_2' title="bbox 117 517 1099 1823">
    <p class='ocr_par' dir='ltr' id='par_1_2' title="bbox 117 517 1071 703">
     <span class='ocr_line' id='line_1_2' title="bbox 117 517 1071 601; baseline -0.001 -19"><span class='ocrx_word' id='word_1_5' title='bbox 117 518 184 583; x_wconf 73' lang='lat'><strong>235</strong></span> <span class='ocrx_word' id='word_1_6' title='bbox 205 517 393 600; x_wconf 73' lang='lat' dir='ltr'>Verbaque,</span> <span class='ocrx_word' id='word_1_7' title='bbox 411 517 559 595; x_wconf 88' lang='lat' dir='ltr'><strong>Pisones,</strong></span> <span class='ocrx_word' id='word_1_8' title='bbox 577 518 767 601; x_wconf 82' lang='lat' dir='ltr'>Satyrorum</span> <span class='ocrx_word' id='word_1_9' title='bbox 783 518 923 600; x_wconf 82' lang='lat' dir='ltr'><strong>scriptor</strong></span> <span class='ocrx_word' id='word_1_10' title='bbox 937 517 1071 593; x_wconf 88' lang='lat' dir='ltr'><strong>amabo;</strong></span> 
     </span>
     <span class='ocr_line' id='line_1_3' title="bbox 206 617 875 703; baseline -0.003 -19"><span class='ocrx_word' id='word_1_11' title='bbox 206 620 281 684; x_wconf 90' lang='lat' dir='ltr'><strong>Nec</strong></span> <span class='ocrx_word' id='word_1_12' title='bbox 297 620 343 685; x_wconf 89' lang='lat' dir='ltr'><strong>sic</strong></span> <span class='ocrx_word' id='word_1_13' title='bbox 358 620 463 683; x_wconf 89' lang='lat' dir='ltr'><strong>enitar</strong></span> <span class='ocrx_word' id='word_1_14' title='bbox 477 620 601 703; x_wconf 86' lang='lat' dir='ltr'><strong>tragico</strong></span> <span class='ocrx_word' id='word_1_15' title='bbox 617 617 749 683; x_wconf 83' lang='lat' dir='ltr'><strong>differre</strong></span> <span class='ocrx_word' id='word_1_16' title='bbox 763 618 875 694; x_wconf 90' lang='lat' dir='ltr'><strong>colori,</strong></span> 
     </span>
    </p>

    <p class='ocr_par' dir='ltr' id='par_1_3' title="bbox 205 718 1015 1008">
     <span class='ocr_line' id='line_1_4' title="bbox 206 718 1015 805; baseline -0.004 -20"><span class='ocrx_word' id='word_1_17' title='bbox 206 720 255 785; x_wconf 93' lang='lat' dir='ltr'><strong>Ut</strong></span> <span class='ocrx_word' id='word_1_18' title='bbox 270 720 351 784; x_wconf 88' lang='lat' dir='ltr'>nihil</span> <span class='ocrx_word' id='word_1_19' title='bbox 364 722 503 799; x_wconf 90' lang='lat' dir='ltr'><strong>intersit,</strong></span> <span class='ocrx_word' id='word_1_20' title='bbox 520 721 677 785; x_wconf 82' lang='lat' dir='ltr'><strong>Davusne</strong></span> <span class='ocrx_word' id='word_1_21' title='bbox 691 719 845 805; x_wconf 87' lang='lat' dir='ltr'><strong>loquatur</strong></span> <span class='ocrx_word' id='word_1_22' title='bbox 857 729 891 784; x_wconf 93' lang='lat' dir='ltr'><strong>et</strong></span> <span class='ocrx_word' id='word_1_23' title='bbox 905 718 1015 783; x_wconf 85' lang='lat' dir='ltr'><strong>audax</strong></span> 
     </span>
     <span class='ocr_line' id='line_1_5' title="bbox 206 820 977 907; baseline -0.003 -21"><span class='ocrx_word' id='word_1_24' title='bbox 206 822 342 907; x_wconf 89' lang='lat' dir='ltr'><strong>Pythias</strong></span> <span class='ocrx_word' id='word_1_25' title='bbox 356 833 508 888; x_wconf 90' lang='lat' dir='ltr'><strong>emuncto</strong></span> <span class='ocrx_word' id='word_1_26' title='bbox 522 822 648 887; x_wconf 90' lang='lat' dir='ltr'><strong>lucrata</strong></span> <span class='ocrx_word' id='word_1_27' title='bbox 662 822 794 886; x_wconf 88' lang='lat' dir='ltr'>Simone</span> <span class='ocrx_word' id='word_1_28' title='bbox 809 820 977 896; x_wconf 74' lang='lat' dir='ltr'><strong>talentum,</strong></span> 
     </span>
     <span class='ocr_line' id='line_1_6' title="bbox 205 922 981 1008; baseline -0.004 -20"><span class='ocrx_word' id='word_1_29' title='bbox 205 924 262 988; x_wconf 92' lang='lat' dir='ltr'><strong>An</strong></span> <span class='ocrx_word' id='word_1_30' title='bbox 277 937 388 990; x_wconf 86' lang='lat' dir='ltr'><strong>custos</strong></span> <span class='ocrx_word' id='word_1_31' title='bbox 404 924 607 1008; x_wconf 84' lang='lat' dir='ltr'><strong>famulusque</strong></span> <span class='ocrx_word' id='word_1_32' title='bbox 623 923 690 988; x_wconf 93' lang='lat' dir='ltr'><strong>Dei</strong></span> <span class='ocrx_word' id='word_1_33' title='bbox 705 922 835 987; x_wconf 86' lang='lat' dir='ltr'><strong>Silenus</strong></span> <span class='ocrx_word' id='word_1_34' title='bbox 850 922 981 986; x_wconf 82' lang='lat' dir='ltr'><strong>alumni.</strong></span> 
     </span>
    </p>

    <p class='ocr_par' dir='ltr' id='par_1_4' title="bbox 117 1024 1063 1517">
     <span class='ocr_line' id='line_1_7' title="bbox 117 1024 1023 1109; baseline 0.001 -21"><span class='ocrx_word' id='word_1_35' title='bbox 117 1024 186 1089; x_wconf 74' lang='grc'><strong>240</strong></span> <span class='ocrx_word' id='word_1_36' title='bbox 206 1025 263 1089; x_wconf 84' lang='lat' dir='ltr'><strong>Ex</strong></span> <span class='ocrx_word' id='word_1_37' title='bbox 278 1038 356 1091; x_wconf 93' lang='lat' dir='ltr'><strong>noto</strong></span> <span class='ocrx_word' id='word_1_38' title='bbox 371 1026 484 1091; x_wconf 85' lang='lat' dir='ltr'><strong>fictum</strong></span> <span class='ocrx_word' id='word_1_39' title='bbox 499 1048 628 1091; x_wconf 89' lang='lat' dir='ltr'><strong>carmen</strong></span> <span class='ocrx_word' id='word_1_40' title='bbox 644 1048 772 1109; x_wconf 88' lang='lat' dir='ltr'><strong>sequar,</strong></span> <span class='ocrx_word' id='word_1_41' title='bbox 788 1037 826 1090; x_wconf 93' lang='lat' dir='ltr'><strong>ut</strong></span> <span class='ocrx_word' id='word_1_42' title='bbox 840 1026 903 1089; x_wconf 84' lang='lat' dir='ltr'>sibi</span> <span class='ocrx_word' id='word_1_43' title='bbox 917 1025 1023 1108; x_wconf 87' lang='lat' dir='ltr'><strong>quivis</strong></span> 
     </span>
     <span class='ocr_line' id='line_1_8' title="bbox 206 1126 1037 1211; baseline 0 -21"><span class='ocrx_word' id='word_1_44' title='bbox 206 1126 324 1210; x_wconf 88' lang='lat' dir='ltr'><strong>Speret</strong></span> <span class='ocrx_word' id='word_1_45' title='bbox 339 1128 437 1206; x_wconf 78' lang='lat' dir='ltr'><strong>idem,</strong></span> <span class='ocrx_word' id='word_1_46' title='bbox 453 1128 549 1193; x_wconf 88' lang='lat' dir='ltr'><strong>sudet</strong></span> <span class='ocrx_word' id='word_1_47' title='bbox 560 1127 696 1191; x_wconf 90' lang='lat' dir='ltr'><strong>multum</strong></span> <span class='ocrx_word' id='word_1_48' title='bbox 711 1126 896 1211; x_wconf 77' lang='lat' dir='ltr'><strong>frustraque</strong></span> <span class='ocrx_word' id='word_1_49' title='bbox 910 1127 1037 1191; x_wconf 82' lang='lat' dir='ltr'><strong>laboret</strong></span> 
     </span>
     <span class='ocr_line' id='line_1_9' title="bbox 204 1225 1063 1313; baseline 0.002 -23"><span class='ocrx_word' id='word_1_50' title='bbox 204 1225 317 1292; x_wconf 82' lang='lat' dir='ltr'><strong>Ausus</strong></span> <span class='ocrx_word' id='word_1_51' title='bbox 333 1230 435 1294; x_wconf 89' lang='lat' dir='ltr'><strong>idem:</strong></span> <span class='ocrx_word' id='word_1_52' title='bbox 460 1240 585 1294; x_wconf 89' lang='lat' dir='ltr'><strong>tantum</strong></span> <span class='ocrx_word' id='word_1_53' title='bbox 600 1231 700 1294; x_wconf 89' lang='lat' dir='ltr'><strong>series</strong></span> <span class='ocrx_word' id='word_1_54' title='bbox 711 1231 930 1313; x_wconf 84' lang='lat' dir='ltr'><strong>junctumque</strong></span> <span class='ocrx_word' id='word_1_55' title='bbox 945 1227 1063 1312; x_wconf 88' lang='lat' dir='ltr'><strong>pollet!</strong></span> 
     </span>
     <span class='ocr_line' id='line_1_10' title="bbox 206 1328 967 1413; baseline 0.004 -21"><span class='ocrx_word' id='word_1_56' title='bbox 206 1328 350 1393; x_wconf 88' lang='lat' dir='ltr'><strong>Tantum</strong></span> <span class='ocrx_word' id='word_1_57' title='bbox 366 1332 408 1395; x_wconf 92' lang='lat' dir='ltr'><strong>de</strong></span> <span class='ocrx_word' id='word_1_58' title='bbox 423 1332 530 1397; x_wconf 92' lang='lat' dir='ltr'><strong>medio</strong></span> <span class='ocrx_word' id='word_1_59' title='bbox 545 1333 659 1395; x_wconf 87' lang='lat' dir='ltr'><strong>sumtis</strong></span> <span class='ocrx_word' id='word_1_60' title='bbox 674 1333 803 1397; x_wconf 89' lang='lat' dir='ltr'><strong>accedit</strong></span> <span class='ocrx_word' id='word_1_61' title='bbox 816 1331 967 1413; x_wconf 78' lang='lat' dir='ltr'><strong>honoria!</strong></span> 
     </span>
     <span class='ocr_line' id='line_1_11' title="bbox 208 1430 948 1517; baseline 0.003 -24"><span class='ocrx_word' id='word_1_62' title='bbox 208 1430 303 1494; x_wconf 85' lang='lat' dir='ltr'><strong>Silvis</strong></span> <span class='ocrx_word' id='word_1_63' title='bbox 319 1432 454 1497; x_wconf 91' lang='lat' dir='ltr'><strong>deducti</strong></span> <span class='ocrx_word' id='word_1_64' title='bbox 468 1443 614 1510; x_wconf 89' lang='lat' dir='ltr'><strong>caveant,</strong></span> <span class='ocrx_word' id='word_1_65' title='bbox 630 1455 681 1498; x_wconf 90' lang='lat' dir='ltr'><strong>me</strong></span> <span class='ocrx_word' id='word_1_66' title='bbox 691 1434 816 1517; x_wconf 88' lang='lat' dir='ltr'><strong>judice,</strong></span> <span class='ocrx_word' id='word_1_67' title='bbox 832 1433 948 1509; x_wconf 88' lang='lat' dir='ltr'><strong>Fauni,</strong></span> 
     </span>
    </p>

    <p class='ocr_par' dir='ltr' id='par_1_5' title="bbox 119 1532 954 1619">
     <span class='ocr_line' id='line_1_12' title="bbox 119 1532 954 1619; baseline 0.002 -25"><span class='ocrx_word' id='word_1_68' title='bbox 119 1533 185 1595; x_wconf 70' lang='lat'><strong>245</strong></span> <span class='ocrx_word' id='word_1_69' title='bbox 206 1532 272 1609; x_wconf 92' lang='lat' dir='ltr'><strong>Ne,</strong></span> <span class='ocrx_word' id='word_1_70' title='bbox 290 1532 377 1598; x_wconf 90' lang='lat' dir='ltr'><strong>velut</strong></span> <span class='ocrx_word' id='word_1_71' title='bbox 390 1535 493 1598; x_wconf 90' lang='lat' dir='ltr'><strong>innati</strong></span> <span class='ocrx_word' id='word_1_72' title='bbox 508 1536 610 1599; x_wconf 83' lang='lat' dir='ltr'>triviis</span> <span class='ocrx_word' id='word_1_73' title='bbox 626 1546 683 1598; x_wconf 88' lang='lat' dir='ltr'><strong>aut</strong></span> <span class='ocrx_word' id='word_1_74' title='bbox 697 1557 781 1619; x_wconf 89' lang='lat' dir='ltr'><strong>pene</strong></span> <span class='ocrx_word' id='word_1_75' title='bbox 796 1533 954 1612; x_wconf 82' lang='lat' dir='ltr'><strong>forenses,</strong></span> 
     </span>
    </p>

    <p class='ocr_par' dir='ltr' id='par_1_6' title="bbox 206 1633 1099 1823">
     <span class='ocr_line' id='line_1_13' title="bbox 206 1633 1099 1720; baseline 0.001 -23"><span class='ocrx_word' id='word_1_76' title='bbox 206 1633 278 1697; x_wconf 88' lang='lat' dir='ltr'><strong>Aut</strong></span> <span class='ocrx_word' id='word_1_77' title='bbox 292 1636 425 1698; x_wconf 90' lang='lat' dir='ltr'><strong>nimium</strong></span> <span class='ocrx_word' id='word_1_78' title='bbox 440 1637 560 1700; x_wconf 90' lang='lat' dir='ltr'><strong>teneris</strong></span> <span class='ocrx_word' id='word_1_79' title='bbox 571 1637 769 1720; x_wconf 80' lang='lat' dir='ltr'><strong>juvenantur</strong></span> <span class='ocrx_word' id='word_1_80' title='bbox 783 1635 931 1699; x_wconf 87' lang='lat' dir='ltr'><strong>versibus</strong></span> <span class='ocrx_word' id='word_1_81' title='bbox 946 1656 1099 1718; x_wconf 87' lang='lat' dir='ltr'><strong>unquam,</strong></span> 
     </span>
     <span class='ocr_line' id='line_1_14' title="bbox 207 1734 1015 1823; baseline 0 -24"><span class='ocrx_word' id='word_1_82' title='bbox 207 1734 277 1800; x_wconf 91' lang='lat' dir='ltr'><strong>Aut</strong></span> <span class='ocrx_word' id='word_1_83' title='bbox 292 1737 456 1803; x_wconf 91' lang='lat' dir='ltr'><strong>immunda</strong></span> <span class='ocrx_word' id='word_1_84' title='bbox 471 1749 604 1823; x_wconf 87' lang='lat' dir='ltr'><strong>crepent</strong></span> <span class='ocrx_word' id='word_1_85' title='bbox 618 1738 895 1821; x_wconf 86' lang='lat' dir='ltr'><strong>ignominiosaque</strong></span> <span class='ocrx_word' id='word_1_86' title='bbox 910 1736 1015 1801; x_wconf 84' lang='lat' dir='ltr'><strong>dicta:</strong></span> 
     </span>
    </p>
   </div>
   <div class='ocr_carea' id='block_1_3' title="bbox 118 1920 1273 2563">
    <p class='ocr_par' dir='ltr' id='par_1_7' title="bbox 118 1920 1273 2115">
     <span class='ocr_line' id='line_1_15' title="bbox 119 1920 1273 1989; baseline 0.003 -20"><span class='ocrx_word' id='word_1_87' title='bbox 119 1920 236 1969; x_wconf 84' lang='lat' dir='ltr'><strong>Eunuch.</strong></span> <span class='ocrx_word' id='word_1_88' title='bbox 247 1936 270 1979; x_wconf 94' lang='lat' dir='ltr'><strong>v,</strong></span> <span class='ocrx_word' id='word_1_89' title='bbox 282 1923 307 1977; x_wconf 78' lang='lat'><strong>2,</strong></span> <span class='ocrx_word' id='word_1_90' title='bbox 326 1924 367 1980; x_wconf 79' lang='lat'><strong>26,</strong></span> <span class='ocrx_word' id='word_1_91' title='bbox 381 1924 443 1971; x_wconf 85' lang='lat' dir='ltr'><strong>Nam</strong></span> <span class='ocrx_word' id='word_1_92' title='bbox 456 1926 477 1972; x_wconf 83' lang='lat' dir='ltr'><strong>si</strong></span> <span class='ocrx_word' id='word_1_93' title='bbox 491 1940 532 1989; x_wconf 84' lang='lat' dir='ltr'><strong>ego</strong></span> <span class='ocrx_word' id='word_1_94' title='bbox 548 1925 621 1987; x_wconf 77' lang='lat' dir='ltr'><strong>digna</strong></span> <span class='ocrx_word' id='word_1_95' title='bbox 637 1925 680 1971; x_wconf 83' lang='lat' dir='ltr'><strong>bac</strong></span> <span class='ocrx_word' id='word_1_96' title='bbox 713 1921 772 1971; x_wconf 88' lang='lat' dir='ltr'><strong>tium</strong></span> <span class='ocrx_word' id='word_1_97' title='bbox 791 1931 894 1979; x_wconf 88' lang='lat' dir='ltr'><strong>tautum,</strong></span> <span class='ocrx_word' id='word_1_98' title='bbox 906 1921 949 1971; x_wconf 85' lang='lat' dir='ltr'><strong>sed</strong></span> <span class='ocrx_word' id='word_1_99' title='bbox 959 1921 1041 1978; x_wconf 86' lang='lat' dir='ltr'><strong>etiam,</strong></span> <span class='ocrx_word' id='word_1_100' title='bbox 1052 1929 1080 1970; x_wconf 89' lang='lat' dir='ltr'><strong>ut</strong></span> <span class='ocrx_word' id='word_1_101' title='bbox 1090 1920 1193 1979; x_wconf 87' lang='lat' dir='ltr'><strong>videtur,</strong></span> <span class='ocrx_word' id='word_1_102' title='bbox 1208 1924 1273 1988; x_wconf 85' lang='lat' dir='ltr'><strong>apud</strong></span> 
     </span>
     <span class='ocr_line' id='line_1_16' title="bbox 118 1985 1272 2051; baseline 0.003 -19"><span class='ocrx_word' id='word_1_103' title='bbox 118 1986 256 2033; x_wconf 80' lang='lat' dir='ltr'><strong>conurmsliu</strong></span> <span class='ocrx_word' id='word_1_104' title='bbox 277 2003 326 2033; x_wconf 86' lang='lat' dir='ltr'><strong>rum</strong></span> <span class='ocrx_word' id='word_1_105' title='bbox 349 1990 452 2045; x_wconf 76' lang='lat' dir='ltr'><strong>marimo,</strong></span> <span class='ocrx_word' id='word_1_106' title='bbox 472 1996 497 2035; x_wconf 87' lang='lat' dir='ltr'><strong>ot</strong></span> <span class='ocrx_word' id='word_1_107' title='bbox 516 1998 544 2035; x_wconf 87' lang='lat' dir='ltr'><strong>tu</strong></span> <span class='ocrx_word' id='word_1_108' title='bbox 567 1990 679 2051; x_wconf 81' lang='lat' dir='ltr'><strong>indignus</strong></span> <span class='ocrx_word' id='word_1_109' title='bbox 713 1986 837 2035; x_wconf 84' lang='lat' dir='ltr'><strong>Lucilium</strong></span> <span class='ocrx_word' id='word_1_110' title='bbox 856 2002 952 2035; x_wconf 88' lang='lat' dir='ltr'><strong>nomeu.</strong></span> <span class='ocrx_word' id='word_1_111' title='bbox 986 1985 1108 2044; x_wconf 83' lang='lat' dir='ltr'><strong>Emuncto,</strong></span> <span class='ocrx_word' id='word_1_112' title='bbox 1122 1985 1209 2036; x_wconf 89' lang='lat' dir='ltr'><strong>callide</strong></span> <span class='ocrx_word' id='word_1_113' title='bbox 1226 1989 1272 2035; x_wconf 86' lang='lat' dir='ltr'><strong>cir-</strong></span> 
     </span>
     <span class='ocr_line' id='line_1_17' title="bbox 119 2048 1272 2115; baseline 0.003 -20"><span class='ocrx_word' id='word_1_114' title='bbox 119 2048 264 2113; x_wconf 78' lang='lat' dir='ltr'><strong>quisrrerrs,</strong></span> <span class='ocrx_word' id='word_1_115' title='bbox 276 2058 360 2098; x_wconf 84' lang='lat' dir='ltr'><strong>tomen.</strong></span> <span class='ocrx_word' id='word_1_116' title='bbox 394 2052 472 2106; x_wconf 69' lang='lat' dir='ltr'><strong>Leaen</strong></span> <span class='ocrx_word' id='word_1_117' title='bbox 485 2051 608 2115; x_wconf 80' lang='lat' dir='ltr'><strong>satyricos.</strong></span> <span class='ocrx_word' id='word_1_118' title='bbox 713 2059 858 2099; x_wconf 87' lang='lat' dir='ltr'><strong>cumvento:</strong></span> <span class='ocrx_word' id='word_1_119' title='bbox 876 2050 966 2099; x_wconf 89' lang='lat' dir='ltr'><strong>locutio</strong></span> <span class='ocrx_word' id='word_1_120' title='bbox 976 2048 1071 2097; x_wconf 87' lang='lat' dir='ltr'><strong>comica</strong></span> <span class='ocrx_word' id='word_1_121' title='bbox 1080 2050 1144 2115; x_wconf 92' lang='lat' dir='ltr'><strong>apud</strong></span> <span class='ocrx_word' id='word_1_122' title='bbox 1157 2050 1272 2099; x_wconf 89' lang='lat' dir='ltr'><strong>Plautum</strong></span> 
     </span>
    </p>

    <p class='ocr_par' dir='ltr' id='par_1_8' title="bbox 120 2113 1273 2253">
     <span class='ocr_line' id='line_1_18' title="bbox 153 2113 1273 2190; baseline 0.002 -30"><span class='ocrx_word' id='word_1_123' title='bbox 153 2114 210 2161; x_wconf 73' lang='lat'><strong>232.</strong></span> <span class='ocrx_word' id='word_1_124' title='bbox 228 2113 326 2171; x_wconf 75' lang='lat' dir='ltr'><strong>Moneri,</strong></span> <span class='ocrx_word' id='word_1_125' title='bbox 346 2114 432 2165; x_wconf 85' lang='lat' dir='ltr'><strong>saltare</strong></span> <span class='ocrx_word' id='word_1_126' title='bbox 444 2134 449 2163; x_wconf 77' lang='grc' dir='ltr'><strong>ε</strong></span> <span class='ocrx_word' id='word_1_127' title='bbox 467 2114 517 2163; x_wconf 87' lang='lat' dir='ltr'><strong>vid.</strong></span> <span class='ocrx_word' id='word_1_128' title='bbox 537 2115 608 2190; x_wconf 88' lang='lat' dir='ltr'><strong>paulo</strong></span> <span class='ocrx_word' id='word_1_129' title='bbox 626 2124 682 2163; x_wconf 85' lang='lat' dir='ltr'><strong>ants</strong></span> <span class='ocrx_word' id='word_1_130' title='bbox 714 2122 738 2161; x_wconf 87' lang='lat' dir='ltr'><strong>et</strong></span> <span class='ocrx_word' id='word_1_131' title='bbox 749 2115 889 2163; x_wconf 88' lang='lat' dir='ltr'><strong>Terentium</strong></span> <span class='ocrx_word' id='word_1_132' title='bbox 899 2129 1021 2177; x_wconf 74' lang='lat' dir='ltr'><strong>mergere</strong></span> <span class='ocrx_word' id='word_1_133' title='bbox 1030 2115 1138 2176; x_wconf 69' lang='lat' dir='ltr'><strong>atquem,</strong></span> <span class='ocrx_word' id='word_1_134' title='bbox 1149 2129 1191 2179; x_wconf 87' lang='lat' dir='ltr'><strong>pro</strong></span> <span class='ocrx_word' id='word_1_135' title='bbox 1201 2115 1273 2163; x_wconf 77' lang='lat' dir='ltr'><strong>calli-</strong></span> 
     </span>
     <span class='ocr_line' id='line_1_19' title="bbox 120 2175 1272 2253; baseline 0.003 -30"><span class='ocrx_word' id='word_1_136' title='bbox 120 2175 186 2223; x_wconf 88' lang='lat' dir='ltr'><strong>adv.</strong></span> <span class='ocrx_word' id='word_1_137' title='bbox 197 2178 255 2225; x_wconf 78' lang='lat'>214.</span> <span class='ocrx_word' id='word_1_138' title='bbox 287 2178 373 2225; x_wconf 83' lang='lat' dir='ltr'><strong>Jussa:</strong></span> <span class='ocrx_word' id='word_1_139' title='bbox 390 2180 625 2244; x_wconf 81' lang='lat' dir='ltr'><strong>nos,oafgejordsrt.</strong></span> <span class='ocrx_word' id='word_1_140' title='bbox 714 2177 853 2227; x_wconf 85' lang='lat' dir='ltr'><strong>doinrento</strong></span> <span class='ocrx_word' id='word_1_141' title='bbox 870 2176 1095 2253; x_wconf 86' lang='lat' dir='ltr'><strong>lmudarealiquem</strong></span> <span class='ocrx_word' id='word_1_142' title='bbox 1106 2178 1272 2243; x_wconf 64' lang='lat' dir='ltr'><strong>pecuniam-</strong></span> 
     </span>
    </p>

    <p class='ocr_par' dir='ltr' id='par_1_9' title="bbox 118 2241 1273 2500">
     <span class='ocr_line' id='line_1_20' title="bbox 153 2241 1272 2308; baseline 0.001 -19"><span class='ocrx_word' id='word_1_143' title='bbox 153 2242 210 2289; x_wconf 77' lang='lat'><strong>283.</strong></span> <span class='ocrx_word' id='word_1_144' title='bbox 229 2241 339 2290; x_wconf 82' lang='lat' dir='ltr'><strong>latererr&#39;t</strong></span> <span class='ocrx_word' id='word_1_145' title='bbox 359 2243 467 2307; x_wconf 78' lang='lat' dir='ltr'><strong>Satyris:</strong></span> <span class='ocrx_word' id='word_1_146' title='bbox 484 2258 542 2300; x_wconf 89' lang='lat' dir='ltr'><strong>non,</strong></span> <span class='ocrx_word' id='word_1_147' title='bbox 562 2252 590 2291; x_wconf 92' lang='lat' dir='ltr'><strong>ut</strong></span> <span class='ocrx_word' id='word_1_148' title='bbox 608 2244 680 2291; x_wconf 89' lang='lat' dir='ltr'><strong>Lam·</strong></span> <span class='ocrx_word' id='word_1_149' title='bbox 713 2243 799 2307; x_wconf 87' lang='lat' dir='ltr'><strong>plicari</strong></span> <span class='ocrx_word' id='word_1_150' title='bbox 815 2242 914 2290; x_wconf 77' lang='lat' dir='ltr'><strong>sonasse</strong></span> <span class='ocrx_word' id='word_1_151' title='bbox 929 2249 1006 2306; x_wconf 84' lang='lat' dir='ltr'><strong>potest</strong></span> <span class='ocrx_word' id='word_1_152' title='bbox 1021 2255 1072 2289; x_wconf 82' lang='lat' dir='ltr'><strong>stc:</strong></span> <span class='ocrx_word' id='word_1_153' title='bbox 1090 2257 1144 2308; x_wconf 89' lang='lat' dir='ltr'><strong>sup.</strong></span> <span class='ocrx_word' id='word_1_154' title='bbox 1155 2244 1206 2291; x_wconf 89' lang='lat' dir='ltr'><strong>Sat.</strong></span> <span class='ocrx_word' id='word_1_155' title='bbox 1216 2243 1235 2298; x_wconf 92' lang='lat' dir='ltr'><strong>i,</strong></span> <span class='ocrx_word' id='word_1_156' title='bbox 1247 2245 1272 2299; x_wconf 85' lang='grc'><strong>4,</strong></span> 
     </span>
     <span class='ocr_line' id='line_1_21' title="bbox 119 2303 1272 2370; baseline 0.003 -19"><span class='ocrx_word' id='word_1_157' title='bbox 119 2303 193 2353; x_wconf 91' lang='lat' dir='ltr'><strong>binus</strong></span> <span class='ocrx_word' id='word_1_158' title='bbox 212 2312 236 2353; x_wconf 89' lang='lat' dir='ltr'><strong>et</strong></span> <span class='ocrx_word' id='word_1_159' title='bbox 253 2304 296 2370; x_wconf 91' lang='lat' dir='ltr'><strong>qui</strong></span> <span class='ocrx_word' id='word_1_160' title='bbox 313 2321 368 2355; x_wconf 89' lang='lat' dir='ltr'><strong>eum</strong></span> <span class='ocrx_word' id='word_1_161' title='bbox 391 2308 467 2356; x_wconf 89' lang='lat' dir='ltr'><strong>secuti</strong></span> <span class='ocrx_word' id='word_1_162' title='bbox 484 2316 541 2355; x_wconf 89' lang='lat' dir='ltr'><strong>sunt</strong></span> <span class='ocrx_word' id='word_1_163' title='bbox 559 2306 622 2355; x_wconf 86' lang='lat' dir='ltr'><strong>male</strong></span> <span class='ocrx_word' id='word_1_164' title='bbox 639 2322 680 2355; x_wconf 86' lang='lat' dir='ltr'><strong>ex·</strong></span> <span class='ocrx_word' id='word_1_165' title='bbox 713 2306 856 2355; x_wconf 83' lang='lat' dir='ltr'><strong>8Lucilius</strong></span> <span class='ocrx_word' id='word_1_166' title='bbox 876 2306 964 2354; x_wconf 87' lang='lat' dir='ltr'><strong>dicitur</strong></span> <span class='ocrx_word' id='word_1_167' title='bbox 982 2305 1053 2353; x_wconf 88' lang='lat' dir='ltr'><strong>bomo</strong></span> <span class='ocrx_word' id='word_1_168' title='bbox 1072 2316 1180 2355; x_wconf 76' lang='lat' dir='ltr'><strong>emuncta</strong></span> <span class='ocrx_word' id='word_1_169' title='bbox 1196 2310 1272 2365; x_wconf 82' lang='lat' dir='ltr'><strong>naris,</strong></span> 
     </span>
     <span class='ocr_line' id='line_1_22' title="bbox 120 2368 1273 2443; baseline 0.002 -28"><span class='ocrx_word' id='word_1_170' title='bbox 120 2368 220 2443; x_wconf 80' lang='lat' dir='ltr'><strong>plicant,</strong></span> <span class='ocrx_word' id='word_1_171' title='bbox 239 2369 331 2435; x_wconf 65' lang='lat' dir='ltr'><strong>differe</strong></span> <span class='ocrx_word' id='word_1_172' title='bbox 348 2373 472 2432; x_wconf 81' lang='lat' dir='ltr'><strong>paululum</strong></span> <span class='ocrx_word' id='word_1_173' title='bbox 491 2372 616 2435; x_wconf 78' lang='lat' dir='ltr'><strong>aSatyrr&#39;s,</strong></span> <span class='ocrx_word' id='word_1_174' title='bbox 630 2370 680 2427; x_wconf 89' lang='lat' dir='ltr'><strong>sed,</strong></span> <span class='ocrx_word' id='word_1_175' title='bbox 713 2369 739 2418; x_wconf 87' lang='lat' dir='ltr'><strong>lr.</strong></span> <span class='ocrx_word' id='word_1_176' title='bbox 750 2386 774 2419; x_wconf 88' lang='lat' dir='ltr'><strong>e.</strong></span> <span class='ocrx_word' id='word_1_177' title='bbox 786 2370 857 2418; x_wconf 89' lang='lat' dir='ltr'><strong>bomo</strong></span> <span class='ocrx_word' id='word_1_178' title='bbox 874 2378 969 2426; x_wconf 86' lang='lat' dir='ltr'><strong>acutus,</strong></span> <span class='ocrx_word' id='word_1_179' title='bbox 985 2369 1041 2418; x_wconf 90' lang='lat' dir='ltr'><strong>vide</strong></span> <span class='ocrx_word' id='word_1_180' title='bbox 1057 2368 1092 2417; x_wconf 91' lang='lat' dir='ltr'><strong>ibi</strong></span> <span class='ocrx_word' id='word_1_181' title='bbox 1107 2379 1176 2430; x_wconf 86' lang='lat' dir='ltr'><strong>not.;</strong></span> <span class='ocrx_word' id='word_1_182' title='bbox 1192 2388 1273 2419; x_wconf 77' lang='lat' dir='ltr'><strong>sman-</strong></span> 
     </span>
     <span class='ocr_line' id='line_1_23' title="bbox 118 2432 1272 2500; baseline 0.003 -21"><span class='ocrx_word' id='word_1_183' title='bbox 118 2432 296 2481; x_wconf 76' lang='lat' dir='ltr'><strong>immiscebitur</strong></span> <span class='ocrx_word' id='word_1_184' title='bbox 305 2434 404 2500; x_wconf 84' lang='lat' dir='ltr'><strong>Satyris.</strong></span> <span class='ocrx_word' id='word_1_185' title='bbox 712 2451 766 2497; x_wconf 83' lang='lat' dir='ltr'><strong>gere</strong></span> <span class='ocrx_word' id='word_1_186' title='bbox 777 2436 874 2498; x_wconf 79' lang='lat' dir='ltr'><strong>aliquem</strong></span> <span class='ocrx_word' id='word_1_187' title='bbox 890 2442 928 2484; x_wconf 88' lang='lat' dir='ltr'><strong>est</strong></span> <span class='ocrx_word' id='word_1_188' title='bbox 942 2450 1009 2481; x_wconf 79' lang='lat' dir='ltr'><strong>nares</strong></span> <span class='ocrx_word' id='word_1_189' title='bbox 1026 2434 1128 2495; x_wconf 74' lang='lat' dir='ltr'><strong>ulicrtjas</strong></span> <span class='ocrx_word' id='word_1_190' title='bbox 1142 2450 1272 2498; x_wconf 75' lang='lat' dir='ltr'><strong>emungere,</strong></span> 
     </span>
    </p>

    <p class='ocr_par' dir='ltr' id='par_1_10' title="bbox 153 2496 1273 2563">
     <span class='ocr_line' id='line_1_24' title="bbox 153 2496 1273 2563; baseline 0.002 -18"><span class='ocrx_word' id='word_1_191' title='bbox 153 2498 292 2546; x_wconf 74' lang='lat' dir='ltr'><strong>tet-aee.</strong></span> <span class='ocrx_word' id='word_1_192' title='bbox 311 2498 363 2546; x_wconf 85' lang='lat' dir='ltr'><strong>Non</strong></span> <span class='ocrx_word' id='word_1_193' title='bbox 378 2515 428 2563; x_wconf 81' lang='lat' dir='ltr'><strong>ego,</strong></span> <span class='ocrx_word' id='word_1_194' title='bbox 440 2507 498 2548; x_wconf 89' lang='lat' dir='ltr'><strong>cett.</strong></span> <span class='ocrx_word' id='word_1_195' title='bbox 531 2500 587 2548; x_wconf 88' lang='lat' dir='ltr'><strong>Jam</strong></span> <span class='ocrx_word' id='word_1_196' title='bbox 600 2500 677 2547; x_wconf 83' lang='lat' dir='ltr'><strong>Hora-</strong></span> <span class='ocrx_word' id='word_1_197' title='bbox 711 2499 825 2547; x_wconf 81' lang='lat' dir='ltr'><strong>translate</strong></span> <span class='ocrx_word' id='word_1_198' title='bbox 843 2498 925 2562; x_wconf 75' lang='lat' dir='ltr'><strong>igitur,</strong></span> <span class='ocrx_word' id='word_1_199' title='bbox 943 2496 1159 2546; x_wconf 85' lang='lat' dir='ltr'><strong>iraudsstdamno</strong></span> <span class='ocrx_word' id='word_1_200' title='bbox 1175 2498 1273 2548; x_wconf 76' lang='lat' dir='ltr'><strong>reddere</strong></span> 
     </span>
    </p>
   </div>
   <div class='ocr_carea' id='block_1_4' title="bbox 118 2560 1239 2739">
    <p class='ocr_par' dir='ltr' id='par_1_11' title="bbox 118 2560 1239 2739">
     <span class='ocr_line' id='line_1_25' title="bbox 118 2560 1239 2739; baseline 0.004 -131"><span class='ocrx_word' id='word_1_201' title='bbox 118 2560 178 2617; x_wconf 87' lang='lat' dir='ltr'><strong>tius,</strong></span> <span class='ocrx_word' id='word_1_202' title='bbox 187 2570 316 2673; x_wconf 79' lang='lat' dir='ltr'><strong>postquam</strong></span> <span class='ocrx_word' id='word_1_203' title='bbox 328 2570 431 2627; x_wconf 79' lang='lat' dir='ltr'><strong>satyram</strong></span> <span class='ocrx_word' id='word_1_204' title='bbox 448 2564 474 2612; x_wconf 90' lang='lat' dir='ltr'><strong>in</strong></span> <span class='ocrx_word' id='word_1_205' title='bbox 489 2562 607 2627; x_wconf 76' lang='lat' dir='ltr'><strong>tragmdia</strong></span> <span class='ocrx_word' id='word_1_206' title='bbox 618 2578 678 2628; x_wconf 90' lang='lat' dir='ltr'><strong>quo·</strong></span> <span class='ocrx_word' id='word_1_207' title='bbox 711 2562 816 2628; x_wconf 83' lang='lat' dir='ltr'><strong>aliquem</strong></span> <span class='ocrx_word' id='word_1_208' title='bbox 827 2562 956 2612; x_wconf 80' lang='lat' dir='ltr'><strong>acutiorem</strong></span> <span class='ocrx_word' id='word_1_209' title='bbox 967 2570 992 2611; x_wconf 88' lang='lat' dir='ltr'><strong>et</strong></span> <span class='ocrx_word' id='word_1_210' title='bbox 1000 2561 1239 2739; x_wconf 55' lang='lat' dir='ltr'><strong>circuguqqpeetiorem.</strong></span> 
     </span>
     <span class='ocr_line' id='line_1_26' title="bbox 196 2642 224 2674; baseline 0 0"><span class='ocrx_word' id='word_1_211' title='bbox 196 2642 224 2674; x_wconf 90' lang='lat' dir='ltr'><strong>oc</strong></span> 
     </span>
    </p>
   </div>
   <div class='ocr_carea' id='block_1_5' title="bbox 117 2639 1275 4616">
    <p class='ocr_par' dir='ltr' id='par_1_12' title="bbox 117 2639 1275 4616">
     <span class='ocr_line' id='line_1_27' title="bbox 138 2641 169 2673; baseline 0.032 -1"><span class='ocrx_word' id='word_1_212' title='bbox 138 2641 169 2673; x_wconf 91' lang='lat' dir='ltr'><strong>us</strong></span> 
     </span>
     <span class='ocr_line' id='line_1_28' title="bbox 118 2639 1275 2758; baseline 0.004 -22"><span class='ocrx_word' id='word_1_213' title='bbox 118 2639 208 2738; x_wconf 86' lang='lat' dir='ltr'><strong>liabcre</strong></span> <span class='ocrx_word' id='word_1_214' title='bbox 218 2689 309 2749; x_wconf 87' lang='lat' dir='ltr'><strong>docuit,</strong></span> <span class='ocrx_word' id='word_1_215' title='bbox 318 2691 369 2756; x_wconf 85' lang='lat' dir='ltr'><strong>ipse</strong></span> <span class='ocrx_word' id='word_1_216' title='bbox 380 2691 435 2748; x_wconf 90' lang='lat' dir='ltr'><strong>sibi,</strong></span> <span class='ocrx_word' id='word_1_217' title='bbox 446 2701 472 2741; x_wconf 92' lang='lat' dir='ltr'><strong>ut</strong></span> <span class='ocrx_word' id='word_1_218' title='bbox 479 2701 556 2757; x_wconf 78' lang='lat' dir='ltr'><strong>poete</strong></span> <span class='ocrx_word' id='word_1_219' title='bbox 567 2693 678 2758; x_wconf 82' lang='lat' dir='ltr'><strong>satyrico,</strong></span> <span class='ocrx_word' id='word_1_220' title='bbox 712 2692 827 2747; x_wconf 83' lang='lat' dir='ltr'><strong>minister,</strong></span> <span class='ocrx_word' id='word_1_221' title='bbox 839 2701 864 2740; x_wconf 87' lang='lat' dir='ltr'><strong>et</strong></span> <span class='ocrx_word' id='word_1_222' title='bbox 873 2707 900 2739; x_wconf 86' lang='grc' dir='ltr'><strong>ιιι</strong></span> <span class='ocrx_word' id='word_1_223' title='bbox 911 2706 965 2756; x_wconf 74' lang='lat' dir='ltr'><strong>ejus</strong></span> <span class='ocrx_word' id='word_1_224' title='bbox 975 2699 1055 2739; x_wconf 82' lang='lat' dir='ltr'><strong>runem</strong></span> <span class='ocrx_word' id='word_1_225' title='bbox 1072 2707 1102 2740; x_wconf 87' lang='lat' dir='ltr'><strong>us</strong></span> <span class='ocrx_word' id='word_1_226' title='bbox 1112 2692 1181 2740; x_wconf 83' lang='lat' dir='ltr'><strong>asino</strong></span> <span class='ocrx_word' id='word_1_227' title='bbox 1190 2700 1275 2741; x_wconf 87' lang='lat' dir='ltr'><strong>vectus</strong></span> 
     </span>
     <span class='ocr_line' id='line_1_29' title="bbox 118 2754 1274 2869; baseline 0.003 -4"><span class='ocrx_word' id='word_1_228' title='bbox 118 2754 382 2866; x_wconf 51' lang='lat' dir='ltr'><strong>retrusit</strong></span> <span class='ocrx_word' id='word_1_229' title='bbox 403 2757 618 2869; x_wconf 58' lang='lat' dir='ltr'><strong>illiluilqli</strong></span> <span class='ocrx_word' id='word_1_230' title='bbox 637 2757 679 2869; x_wconf 70' lang='lat'><strong>‘¹3&#39;</strong></span> <span class='ocrx_word' id='word_1_231' title='bbox 712 2754 1096 2868; x_wconf 57' lang='lat' dir='ltr'><strong>{tttttlttttlttl‘ffl‘</strong></span> <span class='ocrx_word' id='word_1_232' title='bbox 1112 2757 1143 2805; x_wconf 74' lang='lat'><strong>‘¹’</strong></span> <span class='ocrx_word' id='word_1_233' title='bbox 1156 2755 1274 2805; x_wconf 65' lang='lat'><strong>³¹¹‘⁰&#39;³⁰&#39;⁵⁵</strong></span> 
     </span>
     <span class='ocr_line' id='line_1_30' title="bbox 119 2835 1272 2949; baseline 0.003 -20"><span class='ocrx_word' id='word_1_234' title='bbox 119 2881 179 2930; x_wconf 90' lang='lat' dir='ltr'><strong>tiore</strong></span> <span class='ocrx_word' id='word_1_235' title='bbox 190 2881 363 2946; x_wconf 82' lang='lat' dir='ltr'><strong>significatione</strong></span> <span class='ocrx_word' id='word_1_236' title='bbox 376 2836 508 2949; x_wconf 52' lang='lat' dir='ltr'><strong>iriurdata&#39;3</strong></span> <span class='ocrx_word' id='word_1_237' title='bbox 524 2835 678 2940; x_wconf 65' lang='lat' dir='ltr'><strong>dminoriiio,</strong></span> <span class='ocrx_word' id='word_1_238' title='bbox 743 2885 883 2932; x_wconf 76' lang='lat' dir='ltr'><strong>tto-tta.</strong></span> <span class='ocrx_word' id='word_1_239' title='bbox 902 2884 936 2931; x_wconf 84' lang='lat' dir='ltr'><strong>Er</strong></span> <span class='ocrx_word' id='word_1_240' title='bbox 956 2893 1009 2931; x_wconf 80' lang='lat' dir='ltr'><strong>aeto</strong></span> <span class='ocrx_word' id='word_1_241' title='bbox 1020 2885 1108 2946; x_wconf 75' lang='lat' dir='ltr'><strong>fletam</strong></span> <span class='ocrx_word' id='word_1_242' title='bbox 1125 2901 1218 2933; x_wconf 81' lang='lat' dir='ltr'><strong>carmen</strong></span> <span class='ocrx_word' id='word_1_243' title='bbox 1237 2901 1272 2933; x_wconf 81' lang='lat' dir='ltr'><strong>se·</strong></span> 
     </span>
     <span class='ocr_line' id='line_1_31' title="bbox 120 2947 1273 3014; baseline 0.004 -22"><span class='ocrx_word' id='word_1_244' title='bbox 120 2960 194 3010; x_wconf 86' lang='lat' dir='ltr'><strong>penes</strong></span> <span class='ocrx_word' id='word_1_245' title='bbox 213 2963 267 3012; x_wconf 82' lang='lat' dir='ltr'><strong>quse</strong></span> <span class='ocrx_word' id='word_1_246' title='bbox 289 2948 320 2996; x_wconf 92' lang='lat' dir='ltr'><strong>ob</strong></span> <span class='ocrx_word' id='word_1_247' title='bbox 339 2961 489 2996; x_wconf 87' lang='lat' dir='ltr'><strong>communem</strong></span> <span class='ocrx_word' id='word_1_248' title='bbox 511 2963 593 2998; x_wconf 87' lang='lat' dir='ltr'><strong>eorum</strong></span> <span class='ocrx_word' id='word_1_249' title='bbox 616 2948 680 3014; x_wconf 90' lang='lat' dir='ltr'><strong>apud</strong></span> <span class='ocrx_word' id='word_1_250' title='bbox 712 2965 780 3010; x_wconf 82' lang='lat' dir='ltr'><strong>quar,</strong></span> <span class='ocrx_word' id='word_1_251' title='bbox 793 2956 850 2997; x_wconf 87' lang='lat' dir='ltr'><strong>cett.</strong></span> <span class='ocrx_word' id='word_1_252' title='bbox 859 2948 969 2996; x_wconf 86' lang='lat' dir='ltr'><strong>versabor</strong></span> <span class='ocrx_word' id='word_1_253' title='bbox 978 2947 1085 3012; x_wconf 88' lang='lat' dir='ltr'><strong>quidem,</strong></span> <span class='ocrx_word' id='word_1_254' title='bbox 1099 2962 1155 2996; x_wconf 88' lang='lat' dir='ltr'><strong>cum</strong></span> <span class='ocrx_word' id='word_1_255' title='bbox 1170 2957 1273 3014; x_wconf 78' lang='lat' dir='ltr'><strong>satyram</strong></span> 
     </span>
     <span class='ocr_line' id='line_1_32' title="bbox 119 3011 1274 3075; baseline 0.004 -19"><span class='ocrx_word' id='word_1_256' title='bbox 119 3025 203 3058; x_wconf 87' lang='lat' dir='ltr'><strong>omues</strong></span> <span class='ocrx_word' id='word_1_257' title='bbox 223 3027 293 3060; x_wconf 90' lang='lat' dir='ltr'><strong>usum</strong></span> <span class='ocrx_word' id='word_1_258' title='bbox 314 3019 350 3060; x_wconf 85' lang='lat' dir='ltr'><strong>est</strong></span> <span class='ocrx_word' id='word_1_259' title='bbox 372 3011 442 3075; x_wconf 82' lang='lat' dir='ltr'><strong>quasi</strong></span> <span class='ocrx_word' id='word_1_260' title='bbox 463 3012 603 3069; x_wconf 88' lang='lat' dir='ltr'><strong>dominatio,</strong></span> <span class='ocrx_word' id='word_1_261' title='bbox 626 3013 678 3061; x_wconf 90' lang='lat' dir='ltr'><strong>vul-</strong></span> <span class='ocrx_word' id='word_1_262' title='bbox 711 3011 800 3068; x_wconf 88' lang='lat' dir='ltr'><strong>scribo,</strong></span> <span class='ocrx_word' id='word_1_263' title='bbox 819 3012 844 3060; x_wconf 90' lang='lat' dir='ltr'><strong>iu</strong></span> <span class='ocrx_word' id='word_1_264' title='bbox 860 3027 885 3060; x_wconf 89' lang='lat' dir='ltr'><strong>re</strong></span> <span class='ocrx_word' id='word_1_265' title='bbox 898 3020 956 3060; x_wconf 79' lang='lat' dir='ltr'><strong>nota</strong></span> <span class='ocrx_word' id='word_1_266' title='bbox 970 3021 995 3060; x_wconf 88' lang='lat' dir='ltr'><strong>et</strong></span> <span class='ocrx_word' id='word_1_267' title='bbox 1008 3011 1040 3060; x_wconf 89' lang='lat' dir='ltr'><strong>dc</strong></span> <span class='ocrx_word' id='word_1_268' title='bbox 1051 3011 1129 3060; x_wconf 86' lang='lat' dir='ltr'><strong>medio</strong></span> <span class='ocrx_word' id='word_1_269' title='bbox 1140 3021 1227 3070; x_wconf 83' lang='lat' dir='ltr'><strong>sumta,</strong></span> <span class='ocrx_word' id='word_1_270' title='bbox 1239 3013 1274 3061; x_wconf 82' lang='lat' dir='ltr'><strong>ita</strong></span> 
     </span>
     <span class='ocr_line' id='line_1_33' title="bbox 120 3073 1274 3140; baseline 0.004 -20"><span class='ocrx_word' id='word_1_271' title='bbox 120 3073 197 3137; x_wconf 85' lang='lat' dir='ltr'><strong>garis.</strong></span> <span class='ocrx_word' id='word_1_272' title='bbox 728 3075 819 3132; x_wconf 90' lang='lat' dir='ltr'><strong>uidem,</strong></span> <span class='ocrx_word' id='word_1_273' title='bbox 835 3083 863 3123; x_wconf 86' lang='lat' dir='ltr'><strong>ut</strong></span> <span class='ocrx_word' id='word_1_274' title='bbox 877 3076 955 3140; x_wconf 85' lang='lat' dir='ltr'><strong>quivis</strong></span> <span class='ocrx_word' id='word_1_275' title='bbox 972 3091 999 3124; x_wconf 85' lang='lat' dir='ltr'><strong>se</strong></span> <span class='ocrx_word' id='word_1_276' title='bbox 1014 3075 1078 3124; x_wconf 86' lang='lat' dir='ltr'><strong>idem</strong></span> <span class='ocrx_word' id='word_1_277' title='bbox 1092 3074 1159 3123; x_wconf 78' lang='lat' dir='ltr'><strong>lucili</strong></span> <span class='ocrx_word' id='word_1_278' title='bbox 1177 3078 1274 3140; x_wconf 78' lang='lat' dir='ltr'><strong>negotio</strong></span> 
     </span>
     <span class='ocr_line' id='line_1_34' title="bbox 153 3091 1273 3206; baseline 0.004 -22"><span class='ocrx_word' id='word_1_279' title='bbox 153 3139 211 3186; x_wconf 81' lang='lat'>235.</span> <span class='ocrx_word' id='word_1_280' title='bbox 227 3137 362 3202; x_wconf 79' lang='lat' dir='ltr'><strong>Satyrorum</strong></span> <span class='ocrx_word' id='word_1_281' title='bbox 374 3143 486 3202; x_wconf 80' lang='lat' dir='ltr'><strong>scriptor:</strong></span> <span class='ocrx_word' id='word_1_282' title='bbox 499 3157 554 3205; x_wconf 83' lang='lat' dir='ltr'><strong>ergo</strong></span> <span class='ocrx_word' id='word_1_283' title='bbox 565 3143 640 3204; x_wconf 75' lang='lat' dir='ltr'><strong>satyri</strong></span> <span class='ocrx_word' id='word_1_284' title='bbox 654 3139 680 3188; x_wconf 89' lang='lat' dir='ltr'><strong>iu</strong></span> <span class='ocrx_word' id='word_1_285' title='bbox 712 3091 791 3189; x_wconf 78' lang='lat' dir='ltr'><strong>iacere</strong></span> <span class='ocrx_word' id='word_1_286' title='bbox 810 3155 880 3205; x_wconf 83' lang='lat' dir='ltr'><strong>possa</strong></span> <span class='ocrx_word' id='word_1_287' title='bbox 900 3141 1017 3206; x_wconf 85' lang='lat' dir='ltr'><strong>opinetur,</strong></span> <span class='ocrx_word' id='word_1_288' title='bbox 1033 3139 1076 3188; x_wconf 88' lang='lat' dir='ltr'><strong>sed</strong></span> <span class='ocrx_word' id='word_1_289' title='bbox 1092 3139 1178 3187; x_wconf 78' lang='lat' dir='ltr'><strong>trustra</strong></span> <span class='ocrx_word' id='word_1_290' title='bbox 1194 3141 1273 3189; x_wconf 86' lang='lat' dir='ltr'><strong>eidem</strong></span> 
     </span>
     <span class='ocr_line' id='line_1_35' title="bbox 118 3200 1271 3268; baseline 0.003 -20"><span class='ocrx_word' id='word_1_291' title='bbox 118 3200 316 3250; x_wconf 82' lang='lat' dir='ltr'><strong>antecedentibus</strong></span> <span class='ocrx_word' id='word_1_292' title='bbox 330 3211 410 3266; x_wconf 85' lang='lat' dir='ltr'><strong>aperte</strong></span> <span class='ocrx_word' id='word_1_293' title='bbox 446 3220 471 3252; x_wconf 94' lang='lat' dir='ltr'><strong>ro</strong></span> <span class='ocrx_word' id='word_1_294' title='bbox 487 3204 593 3253; x_wconf 86' lang='lat' dir='ltr'><strong>versibus</strong></span> <span class='ocrx_word' id='word_1_295' title='bbox 610 3204 680 3268; x_wconf 80' lang='lat' dir='ltr'><strong>Saty·</strong></span> <span class='ocrx_word' id='word_1_296' title='bbox 713 3203 746 3252; x_wconf 90' lang='lat' dir='ltr'><strong>rei</strong></span> <span class='ocrx_word' id='word_1_297' title='bbox 763 3213 827 3254; x_wconf 87' lang='lat' dir='ltr'><strong>recte</strong></span> <span class='ocrx_word' id='word_1_298' title='bbox 843 3204 974 3254; x_wconf 77' lang='lat' dir='ltr'><strong>tractandas</strong></span> <span class='ocrx_word' id='word_1_299' title='bbox 989 3203 1127 3262; x_wconf 82' lang='lat' dir='ltr'><strong>insudabit3</strong></span> <span class='ocrx_word' id='word_1_300' title='bbox 1144 3212 1193 3252; x_wconf 86' lang='lat' dir='ltr'><strong>tam</strong></span> <span class='ocrx_word' id='word_1_301' title='bbox 1207 3205 1271 3252; x_wconf 89' lang='lat' dir='ltr'><strong>mul·</strong></span> 
     </span>
     <span class='ocr_line' id='line_1_36' title="bbox 119 3263 1274 3333; baseline 0.004 -21"><span class='ocrx_word' id='word_1_302' title='bbox 119 3264 177 3313; x_wconf 80' lang='lat' dir='ltr'><strong>sicis</strong></span> <span class='ocrx_word' id='word_1_303' title='bbox 246 3263 273 3312; x_wconf 86' lang='lat' dir='ltr'><strong>iti</strong></span> <span class='ocrx_word' id='word_1_304' title='bbox 301 3275 365 3314; x_wconf 89' lang='lat' dir='ltr'><strong>sunt.</strong></span> <span class='ocrx_word' id='word_1_305' title='bbox 435 3271 506 3325; x_wconf 82' lang='lat' dir='ltr'><strong>mato,</strong></span> <span class='ocrx_word' id='word_1_306' title='bbox 535 3269 680 3333; x_wconf 82' lang='lat' dir='ltr'><strong>amplectar3</strong></span> <span class='ocrx_word' id='word_1_307' title='bbox 713 3275 764 3316; x_wconf 83' lang='lat' dir='ltr'><strong>tam</strong></span> <span class='ocrx_word' id='word_1_308' title='bbox 784 3270 815 3317; x_wconf 87' lang='lat' dir='ltr'><strong>ab</strong></span> <span class='ocrx_word' id='word_1_309' title='bbox 836 3269 949 3317; x_wconf 86' lang='lat' dir='ltr'><strong>orationis</strong></span> <span class='ocrx_word' id='word_1_310' title='bbox 963 3269 1025 3317; x_wconf 84' lang='lat' dir='ltr'><strong>bene</strong></span> <span class='ocrx_word' id='word_1_311' title='bbox 1038 3267 1077 3316; x_wconf 90' lang='lat' dir='ltr'><strong>dis</strong></span> <span class='ocrx_word' id='word_1_312' title='bbox 1120 3267 1159 3317; x_wconf 80' lang='lat' dir='ltr'><strong>&#39;ta</strong></span> <span class='ocrx_word' id='word_1_313' title='bbox 1175 3276 1200 3317; x_wconf 89' lang='lat' dir='ltr'><strong>et</strong></span> <span class='ocrx_word' id='word_1_314' title='bbox 1213 3269 1274 3318; x_wconf 87' lang='lat' dir='ltr'><strong>scite</strong></span> 
     </span>
     <span class='ocr_line' id='line_1_37' title="bbox 119 3329 1274 3398; baseline 0.003 -21"><span class='ocrx_word' id='word_1_315' title='bbox 119 3329 215 3394; x_wconf 84' lang='lat' dir='ltr'><strong>supple,</strong></span> <span class='ocrx_word' id='word_1_316' title='bbox 233 3329 275 3378; x_wconf 85' lang='lat' dir='ltr'><strong>sed</strong></span> <span class='ocrx_word' id='word_1_317' title='bbox 292 3330 364 3377; x_wconf 89' lang='lat' dir='ltr'><strong>etiam</strong></span> <span class='ocrx_word' id='word_1_318' title='bbox 379 3332 496 3381; x_wconf 84' lang='lat' dir='ltr'><strong>ornatiora</strong></span> <span class='ocrx_word' id='word_1_319' title='bbox 509 3331 681 3398; x_wconf 82' lang='lat' dir='ltr'><strong>(elegantiora)</strong></span> <span class='ocrx_word' id='word_1_320' title='bbox 713 3330 775 3380; x_wconf 85' lang='lat' dir='ltr'><strong>inter</strong></span> <span class='ocrx_word' id='word_1_321' title='bbox 795 3348 821 3382; x_wconf 88' lang='lat' dir='ltr'><strong>se</strong></span> <span class='ocrx_word' id='word_1_322' title='bbox 840 3335 932 3397; x_wconf 80' lang='lat' dir='ltr'><strong>juncta</strong></span> <span class='ocrx_word' id='word_1_323' title='bbox 959 3333 1059 3381; x_wconf 88' lang='lat' dir='ltr'><strong>flumine</strong></span> <span class='ocrx_word' id='word_1_324' title='bbox 1087 3347 1132 3380; x_wconf 89' lang='lat' dir='ltr'><strong>aus</strong></span> <span class='ocrx_word' id='word_1_325' title='bbox 1153 3332 1274 3398; x_wconf 87' lang='lat' dir='ltr'><strong>scriptoris</strong></span> 
     </span>
     <span class='ocr_line' id='line_1_38' title="bbox 119 3393 1273 3463; baseline 0.004 -24"><span class='ocrx_word' id='word_1_326' title='bbox 119 3401 146 3440; x_wconf 90' lang='lat' dir='ltr'><strong>et</strong></span> <span class='ocrx_word' id='word_1_327' title='bbox 157 3393 236 3441; x_wconf 90' lang='lat' dir='ltr'><strong>minus</strong></span> <span class='ocrx_word' id='word_1_328' title='bbox 247 3393 363 3457; x_wconf 83' lang='lat' dir='ltr'><strong>vulgaria.</strong></span> <span class='ocrx_word' id='word_1_329' title='bbox 713 3397 819 3460; x_wconf 85' lang='lat' dir='ltr'><strong>pendet;</strong></span> <span class='ocrx_word' id='word_1_330' title='bbox 836 3406 885 3446; x_wconf 89' lang='lat' dir='ltr'><strong>tam</strong></span> <span class='ocrx_word' id='word_1_331' title='bbox 896 3399 999 3447; x_wconf 89' lang='lat' dir='ltr'><strong>multum</strong></span> <span class='ocrx_word' id='word_1_332' title='bbox 1010 3398 1075 3446; x_wconf 88' lang='lat' dir='ltr'><strong>valet</strong></span> <span class='ocrx_word' id='word_1_333' title='bbox 1086 3412 1133 3452; x_wconf 87' lang='lat' dir='ltr'><strong>ars,</strong></span> <span class='ocrx_word' id='word_1_334' title='bbox 1142 3413 1191 3463; x_wconf 90' lang='lat' dir='ltr'><strong>qua</strong></span> <span class='ocrx_word' id='word_1_335' title='bbox 1197 3399 1273 3446; x_wconf 82' lang='lat' dir='ltr'><strong>rebus</strong></span> 
     </span>
     <span class='ocr_line' id='line_1_39' title="bbox 153 3457 1271 3527; baseline 0.005 -23"><span class='ocrx_word' id='word_1_336' title='bbox 153 3458 292 3506; x_wconf 76' lang='lat' dir='ltr'><strong>arc-239.</strong></span> <span class='ocrx_word' id='word_1_337' title='bbox 312 3457 361 3506; x_wconf 83' lang='lat' dir='ltr'><strong>Ner</strong></span> <span class='ocrx_word' id='word_1_338' title='bbox 376 3460 409 3506; x_wconf 82' lang='lat' dir='ltr'><strong>sic</strong></span> <span class='ocrx_word' id='word_1_339' title='bbox 427 3462 513 3516; x_wconf 80' lang='lat' dir='ltr'><strong>enitar,</strong></span> <span class='ocrx_word' id='word_1_340' title='bbox 535 3468 593 3508; x_wconf 86' lang='lat' dir='ltr'><strong>cett.</strong></span> <span class='ocrx_word' id='word_1_341' title='bbox 628 3460 680 3508; x_wconf 85' lang='lat' dir='ltr'><strong>Nec</strong></span> <span class='ocrx_word' id='word_1_342' title='bbox 714 3460 851 3524; x_wconf 84' lang='lat' dir='ltr'><strong>vulgaribus</strong></span> <span class='ocrx_word' id='word_1_343' title='bbox 870 3470 966 3527; x_wconf 87' lang='lat' dir='ltr'><strong>paratur</strong></span> <span class='ocrx_word' id='word_1_344' title='bbox 981 3461 1064 3519; x_wconf 85' lang='lat' dir='ltr'><strong>bonor,</strong></span> <span class='ocrx_word' id='word_1_345' title='bbox 1085 3461 1109 3509; x_wconf 90' lang='lat' dir='ltr'><strong>h.</strong></span> <span class='ocrx_word' id='word_1_346' title='bbox 1125 3477 1149 3510; x_wconf 90' lang='lat' dir='ltr'><strong>e.</strong></span> <span class='ocrx_word' id='word_1_347' title='bbox 1165 3461 1271 3526; x_wconf 87' lang='lat' dir='ltr'><strong>pulchri·</strong></span> 
     </span>
     <span class='ocr_line' id='line_1_40' title="bbox 119 3521 1046 3597; baseline 0.008 -30"><span class='ocrx_word' id='word_1_348' title='bbox 119 3535 164 3582; x_wconf 82' lang='lat' dir='ltr'><strong>ego</strong></span> <span class='ocrx_word' id='word_1_349' title='bbox 181 3535 194 3568; x_wconf 87' lang='lat' dir='ltr'><strong>a</strong></span> <span class='ocrx_word' id='word_1_350' title='bbox 212 3521 349 3570; x_wconf 86' lang='lat' dir='ltr'><strong>sublimiore</strong></span> <span class='ocrx_word' id='word_1_351' title='bbox 362 3522 478 3597; x_wconf 87' lang='lat' dir='ltr'><strong>loquendi</strong></span> <span class='ocrx_word' id='word_1_352' title='bbox 492 3538 578 3587; x_wconf 78' lang='lat' dir='ltr'><strong>genere</strong></span> <span class='ocrx_word' id='word_1_353' title='bbox 591 3523 681 3586; x_wconf 78' lang='lat' dir='ltr'><strong>tragico</strong></span> <span class='ocrx_word' id='word_1_354' title='bbox 713 3524 780 3579; x_wconf 90' lang='lat' dir='ltr'><strong>tudo,</strong></span> <span class='ocrx_word' id='word_1_355' title='bbox 793 3525 921 3589; x_wconf 80' lang='lat' dir='ltr'><strong>elegantis,</strong></span> <span class='ocrx_word' id='word_1_356' title='bbox 933 3527 1046 3588; x_wconf 58' lang='lat' dir='ltr'><strong>pavitas.</strong></span> 
     </span>
     <span class='ocr_line' id='line_1_41' title="bbox 120 3583 1273 3653; baseline 0.006 -21"><span class='ocrx_word' id='word_1_357' title='bbox 120 3583 150 3632; x_wconf 92' lang='lat' dir='ltr'><strong>ad</strong></span> <span class='ocrx_word' id='word_1_358' title='bbox 172 3599 225 3633; x_wconf 84' lang='lat' dir='ltr'><strong>eam</strong></span> <span class='ocrx_word' id='word_1_359' title='bbox 248 3584 273 3633; x_wconf 87' lang='lat' dir='ltr'><strong>iu</strong></span> <span class='ocrx_word' id='word_1_360' title='bbox 297 3587 454 3642; x_wconf 79' lang='lat' dir='ltr'><strong>sermonibus,</strong></span> <span class='ocrx_word' id='word_1_361' title='bbox 476 3603 535 3653; x_wconf 89' lang='lat' dir='ltr'><strong>quos</strong></span> <span class='ocrx_word' id='word_1_362' title='bbox 554 3603 679 3652; x_wconf 90' lang='lat' dir='ltr'><strong>compono,</strong></span> <span class='ocrx_word' id='word_1_363' title='bbox 745 3589 803 3637; x_wconf 77' lang='lat' dir='ltr'><strong>ata.</strong></span> <span class='ocrx_word' id='word_1_364' title='bbox 820 3590 995 3652; x_wconf 73' lang='lat' dir='ltr'><strong>lunatumque:</strong></span> <span class='ocrx_word' id='word_1_365' title='bbox 1007 3589 1132 3653; x_wconf 84' lang='lat' dir='ltr'><strong>hincapta</strong></span> <span class='ocrx_word' id='word_1_366' title='bbox 1148 3591 1273 3639; x_wconf 79' lang='lat' dir='ltr'><strong>verborum</strong></span> 
     </span>
     <span class='ocr_line' id='line_1_42' title="bbox 118 3649 1273 3760; baseline 0.006 -64"><span class='ocrx_word' id='word_1_367' title='bbox 118 3649 228 3723; x_wconf 71' lang='lat' dir='ltr'><strong>satyricis</strong></span> <span class='ocrx_word' id='word_1_368' title='bbox 234 3649 349 3760; x_wconf 82' lang='lat' dir='ltr'><strong>loquendi</strong></span> <span class='ocrx_word' id='word_1_369' title='bbox 356 3649 515 3701; x_wconf 85' lang='lat' dir='ltr'><strong>humilitatem</strong></span> <span class='ocrx_word' id='word_1_370' title='bbox 526 3650 678 3724; x_wconf 80' lang='lat' dir='ltr'><strong>descendam,</strong></span> <span class='ocrx_word' id='word_1_371' title='bbox 703 3655 832 3714; x_wconf 80' lang='lat' dir='ltr'><strong>junctura,</strong></span> <span class='ocrx_word' id='word_1_372' title='bbox 844 3669 897 3718; x_wconf 88' lang='lat' dir='ltr'><strong>sup.</strong></span> <span class='ocrx_word' id='word_1_373' title='bbox 908 3669 932 3700; x_wconf 90' lang='lat' dir='ltr'><strong>v.</strong></span> <span class='ocrx_word' id='word_1_374' title='bbox 945 3656 985 3709; x_wconf 80' lang='lat' dir='ltr'><strong>ta,</strong></span> <span class='ocrx_word' id='word_1_375' title='bbox 998 3653 1085 3701; x_wconf 90' lang='lat' dir='ltr'><strong>dicitur</strong></span> <span class='ocrx_word' id='word_1_376' title='bbox 1099 3655 1195 3712; x_wconf 83' lang='lat' dir='ltr'><strong>callida,</strong></span> <span class='ocrx_word' id='word_1_377' title='bbox 1208 3654 1273 3704; x_wconf 92' lang='lat' dir='ltr'><strong>unde</strong></span> 
     </span>
     <span class='ocr_line' id='line_1_43' title="bbox 119 3713 1204 3788; baseline 0.007 -29"><span class='ocrx_word' id='word_1_378' title='bbox 119 3721 148 3760; x_wconf 90' lang='lat' dir='ltr'><strong>ut</strong></span> <span class='ocrx_word' id='word_1_379' title='bbox 175 3727 200 3760; x_wconf 84' lang='lat' dir='ltr'><strong>vn</strong></span> <span class='ocrx_word' id='word_1_380' title='bbox 228 3713 295 3761; x_wconf 89' lang='lat' dir='ltr'><strong>uulo</strong></span> <span class='ocrx_word' id='word_1_381' title='bbox 319 3713 392 3788; x_wconf 86' lang='lat' dir='ltr'><strong>plane</strong></span> <span class='ocrx_word' id='word_1_382' title='bbox 452 3731 507 3763; x_wconf 86' lang='lat' dir='ltr'><strong>nam</strong></span> <span class='ocrx_word' id='word_1_383' title='bbox 532 3715 678 3772; x_wconf 81' lang='lat' dir='ltr'><strong>discrimine,</strong></span> <span class='ocrx_word' id='word_1_384' title='bbox 712 3716 810 3765; x_wconf 86' lang='lat' dir='ltr'><strong>Persius</strong></span> <span class='ocrx_word' id='word_1_385' title='bbox 821 3733 846 3765; x_wconf 86' lang='lat' dir='ltr'><strong>v.</strong></span> <span class='ocrx_word' id='word_1_386' title='bbox 859 3719 898 3774; x_wconf 88' lang='grc'><strong>14,</strong></span> <span class='ocrx_word' id='word_1_387' title='bbox 903 3722 1022 3782; x_wconf 75' lang='lat' dir='ltr'><strong>junctura</strong></span> <span class='ocrx_word' id='word_1_388' title='bbox 1033 3719 1133 3765; x_wconf 83' lang='lat' dir='ltr'><strong>callidus</strong></span> <span class='ocrx_word' id='word_1_389' title='bbox 1143 3721 1204 3767; x_wconf 80' lang='lat' dir='ltr'><strong>aeri.</strong></span> 
     </span>
     <span class='ocr_line' id='line_1_44' title="bbox 120 3777 1271 3830; baseline 0.005 -6"><span class='ocrx_word' id='word_1_390' title='bbox 120 3783 201 3824; x_wconf 89' lang='lat' dir='ltr'><strong>utrum</strong></span> <span class='ocrx_word' id='word_1_391' title='bbox 224 3777 339 3826; x_wconf 77' lang='lat' dir='ltr'><strong>inferioris</strong></span> <span class='ocrx_word' id='word_1_392' title='bbox 366 3793 411 3828; x_wconf 88' lang='lat' dir='ltr'><strong>con</strong></span> <span class='ocrx_word' id='word_1_393' title='bbox 429 3778 509 3828; x_wconf 86' lang='lat' dir='ltr'><strong>itionis</strong></span> <span class='ocrx_word' id='word_1_394' title='bbox 537 3795 619 3828; x_wconf 88' lang='lat' dir='ltr'><strong>servus</strong></span> <span class='ocrx_word' id='word_1_395' title='bbox 641 3780 678 3828; x_wconf 90' lang='lat' dir='ltr'><strong>vel</strong></span> <span class='ocrx_word' id='word_1_396' title='bbox 744 3781 882 3830; x_wconf 64' lang='lat' dir='ltr'><strong>att-250.</strong></span> <span class='ocrx_word' id='word_1_397' title='bbox 908 3780 1021 3830; x_wconf 86' lang='lat' dir='ltr'><strong>Horatius</strong></span> <span class='ocrx_word' id='word_1_398' title='bbox 1047 3780 1074 3828; x_wconf 91' lang='lat' dir='ltr'><strong>iu</strong></span> <span class='ocrx_word' id='word_1_399' title='bbox 1100 3782 1208 3830; x_wconf 87' lang='lat' dir='ltr'><strong>versibus</strong></span> <span class='ocrx_word' id='word_1_400' title='bbox 1234 3799 1271 3830; x_wconf 88' lang='lat' dir='ltr'><strong>ss-</strong></span> 
     </span>
     <span class='ocr_line' id='line_1_45' title="bbox 119 3840 1272 3910; baseline 0.005 -22"><span class='ocrx_word' id='word_1_401' title='bbox 119 3840 219 3896; x_wconf 89' lang='lat' dir='ltr'><strong>ancilla,</strong></span> <span class='ocrx_word' id='word_1_402' title='bbox 242 3857 274 3889; x_wconf 88' lang='lat' dir='ltr'><strong>an</strong></span> <span class='ocrx_word' id='word_1_403' title='bbox 297 3841 389 3890; x_wconf 87' lang='lat' dir='ltr'><strong>Bacchi</strong></span> <span class='ocrx_word' id='word_1_404' title='bbox 410 3851 492 3892; x_wconf 88' lang='lat' dir='ltr'><strong>custos</strong></span> <span class='ocrx_word' id='word_1_405' title='bbox 518 3843 678 3907; x_wconf 78' lang='lat' dir='ltr'><strong>famulusque,</strong></span> <span class='ocrx_word' id='word_1_406' title='bbox 712 3844 843 3908; x_wconf 78' lang='lat' dir='ltr'><strong>questibus</strong></span> <span class='ocrx_word' id='word_1_407' title='bbox 859 3844 1010 3901; x_wconf 74' lang='lat' dir='ltr'><strong>mamutium,</strong></span> <span class='ocrx_word' id='word_1_408' title='bbox 1028 3859 1101 3909; x_wconf 90' lang='lat' dir='ltr'><strong>quam</strong></span> <span class='ocrx_word' id='word_1_409' title='bbox 1119 3861 1173 3910; x_wconf 86' lang='lat' dir='ltr'><strong>sup.</strong></span> <span class='ocrx_word' id='word_1_410' title='bbox 1187 3863 1213 3894; x_wconf 93' lang='lat' dir='ltr'><strong>v.</strong></span> <span class='ocrx_word' id='word_1_411' title='bbox 1223 3847 1272 3894; x_wconf 79' lang='lat'><strong>227</strong></span> 
     </span>
     <span class='ocr_line' id='line_1_46' title="bbox 120 3904 1274 3973; baseline 0.003 -21"><span class='ocrx_word' id='word_1_412' title='bbox 120 3904 225 3961; x_wconf 90' lang='lat' dir='ltr'><strong>Silenus,</strong></span> <span class='ocrx_word' id='word_1_413' title='bbox 237 3905 356 3970; x_wconf 87' lang='lat' dir='ltr'><strong>loquatur.</strong></span> <span class='ocrx_word' id='word_1_414' title='bbox 387 3907 485 3971; x_wconf 82' lang='lat' dir='ltr'><strong>Trogico</strong></span> <span class='ocrx_word' id='word_1_415' title='bbox 495 3906 590 3972; x_wconf 82' lang='lat' dir='ltr'><strong>differre</strong></span> <span class='ocrx_word' id='word_1_416' title='bbox 600 3909 680 3956; x_wconf 81' lang='lat' dir='ltr'><strong>colori.</strong></span> <span class='ocrx_word' id='word_1_417' title='bbox 712 3923 766 3972; x_wconf 93' lang='lat' dir='ltr'><strong>sqq.</strong></span> <span class='ocrx_word' id='word_1_418' title='bbox 778 3908 805 3956; x_wconf 91' lang='lat' dir='ltr'><strong>iu</strong></span> <span class='ocrx_word' id='word_1_419' title='bbox 823 3909 962 3957; x_wconf 86' lang='lat' dir='ltr'><strong>universum</strong></span> <span class='ocrx_word' id='word_1_420' title='bbox 981 3917 1136 3973; x_wconf 81' lang='lat' dir='ltr'><strong>expresserat,</strong></span> <span class='ocrx_word' id='word_1_421' title='bbox 1151 3925 1224 3966; x_wconf 88' lang='lat' dir='ltr'><strong>nunc,</strong></span> <span class='ocrx_word' id='word_1_422' title='bbox 1245 3917 1274 3957; x_wconf 90' lang='lat' dir='ltr'><strong>ut</strong></span> 
     </span>
     <span class='ocr_line' id='line_1_47' title="bbox 121 3969 1272 4036; baseline 0.003 -20"><span class='ocrx_word' id='word_1_423' title='bbox 121 3969 190 4016; x_wconf 83' lang='lat' dir='ltr'><strong>Celer</strong></span> <span class='ocrx_word' id='word_1_424' title='bbox 212 3973 324 4034; x_wconf 78' lang='lat' dir='ltr'><strong>tragicus,</strong></span> <span class='ocrx_word' id='word_1_425' title='bbox 346 3969 439 4019; x_wconf 81' lang='lat' dir='ltr'><strong>indoles</strong></span> <span class='ocrx_word' id='word_1_426' title='bbox 455 3971 569 4035; x_wconf 85' lang='lat' dir='ltr'><strong>loquendi</strong></span> <span class='ocrx_word' id='word_1_427' title='bbox 587 3973 680 4036; x_wconf 87' lang='lat' dir='ltr'><strong>generis</strong></span> <span class='ocrx_word' id='word_1_428' title='bbox 712 3981 844 4036; x_wconf 84' lang='lat' dir='ltr'><strong>satyrarum</strong></span> <span class='ocrx_word' id='word_1_429' title='bbox 861 3972 1039 4021; x_wconf 88' lang='lat' dir='ltr'><strong>scribendarum</strong></span> <span class='ocrx_word' id='word_1_430' title='bbox 1055 3973 1138 4020; x_wconf 92' lang='lat' dir='ltr'><strong>doctor</strong></span> <span class='ocrx_word' id='word_1_431' title='bbox 1148 3981 1173 4021; x_wconf 89' lang='lat' dir='ltr'><strong>et</strong></span> <span class='ocrx_word' id='word_1_432' title='bbox 1186 3973 1272 4036; x_wconf 85' lang='lat' dir='ltr'><strong>juder,</strong></span> 
     </span>
     <span class='ocr_line' id='line_1_48' title="bbox 118 4034 1272 4101; baseline 0.004 -21"><span class='ocrx_word' id='word_1_433' title='bbox 118 4047 168 4096; x_wconf 84' lang='lat' dir='ltr'><strong>que</strong></span> <span class='ocrx_word' id='word_1_434' title='bbox 185 4041 285 4082; x_wconf 88' lang='lat' dir='ltr'><strong>utuntur</strong></span> <span class='ocrx_word' id='word_1_435' title='bbox 295 4043 371 4098; x_wconf 76' lang='lat' dir='ltr'><strong>poete</strong></span> <span class='ocrx_word' id='word_1_436' title='bbox 387 4034 479 4098; x_wconf 81' lang='lat' dir='ltr'><strong>tragici,</strong></span> <span class='ocrx_word' id='word_1_437' title='bbox 496 4035 570 4084; x_wconf 89' lang='lat' dir='ltr'><strong>oratio</strong></span> <span class='ocrx_word' id='word_1_438' title='bbox 589 4035 681 4084; x_wconf 89' lang='lat' dir='ltr'><strong>scilicet</strong></span> <span class='ocrx_word' id='word_1_439' title='bbox 712 4037 807 4101; x_wconf 88' lang='lat' dir='ltr'><strong>repetit,</strong></span> <span class='ocrx_word' id='word_1_440' title='bbox 819 4037 902 4095; x_wconf 85' lang='lat' dir='ltr'><strong>variat,</strong></span> <span class='ocrx_word' id='word_1_441' title='bbox 920 4036 1032 4092; x_wconf 84' lang='lat' dir='ltr'><strong>illustrat,</strong></span> <span class='ocrx_word' id='word_1_442' title='bbox 1050 4045 1075 4084; x_wconf 88' lang='lat' dir='ltr'><strong>et</strong></span> <span class='ocrx_word' id='word_1_443' title='bbox 1091 4046 1206 4101; x_wconf 87' lang='lat' dir='ltr'><strong>tanquam</strong></span> <span class='ocrx_word' id='word_1_444' title='bbox 1223 4053 1272 4085; x_wconf 78' lang='lat' dir='ltr'><strong>rent</strong></span> 
     </span>
     <span class='ocr_line' id='line_1_49' title="bbox 121 4097 1272 4164; baseline 0.005 -20"><span class='ocrx_word' id='word_1_445' title='bbox 121 4097 262 4146; x_wconf 86' lang='lat' dir='ltr'><strong>sublimior:</strong></span> <span class='ocrx_word' id='word_1_446' title='bbox 280 4099 376 4164; x_wconf 63' lang='lat' dir='ltr'><strong>differre</strong></span> <span class='ocrx_word' id='word_1_447' title='bbox 387 4101 460 4146; x_wconf 72' lang='lat' dir='ltr'><strong>altem</strong></span> <span class='ocrx_word' id='word_1_448' title='bbox 470 4103 515 4156; x_wconf 80' lang='lat' dir='ltr'><strong>rei,</strong></span> <span class='ocrx_word' id='word_1_449' title='bbox 528 4099 679 4164; x_wconf 80' lang='lat' dir='ltr'><strong>provulgari,</strong></span> <span class='ocrx_word' id='word_1_450' title='bbox 713 4101 843 4162; x_wconf 83' lang='lat' dir='ltr'><strong>graviorem</strong></span> <span class='ocrx_word' id='word_1_451' title='bbox 855 4100 979 4159; x_wconf 82' lang='lat' dir='ltr'><strong>inculcat3</strong></span> <span class='ocrx_word' id='word_1_452' title='bbox 1007 4100 1063 4148; x_wconf 89' lang='lat' dir='ltr'><strong>hinc</strong></span> <span class='ocrx_word' id='word_1_453' title='bbox 1075 4101 1101 4148; x_wconf 92' lang='lat' dir='ltr'><strong>in</strong></span> <span class='ocrx_word' id='word_1_454' title='bbox 1111 4117 1135 4147; x_wconf 92' lang='lat' dir='ltr'><strong>v.</strong></span> <span class='ocrx_word' id='word_1_455' title='bbox 1146 4103 1195 4148; x_wconf 77' lang='lat'><strong>244</strong></span> <span class='ocrx_word' id='word_1_456' title='bbox 1213 4117 1272 4150; x_wconf 89' lang='lat' dir='ltr'><strong>con-</strong></span> 
     </span>
     <span class='ocr_line' id='line_1_50' title="bbox 119 4161 1272 4228; baseline 0.004 -20"><span class='ocrx_word' id='word_1_457' title='bbox 119 4161 151 4208; x_wconf 89' lang='lat' dir='ltr'><strong>ab</strong></span> <span class='ocrx_word' id='word_1_458' title='bbox 164 4161 247 4226; x_wconf 86' lang='lat' dir='ltr'><strong>aliqua</strong></span> <span class='ocrx_word' id='word_1_459' title='bbox 262 4177 294 4217; x_wconf 88' lang='lat' dir='ltr'><strong>re,</strong></span> <span class='ocrx_word' id='word_1_460' title='bbox 307 4172 334 4211; x_wconf 91' lang='lat' dir='ltr'><strong>ut</strong></span> <span class='ocrx_word' id='word_1_461' title='bbox 343 4177 397 4227; x_wconf 86' lang='lat' dir='ltr'><strong>sup.</strong></span> <span class='ocrx_word' id='word_1_462' title='bbox 409 4165 460 4218; x_wconf 87' lang='lat' dir='ltr'><strong>Sat,</strong></span> <span class='ocrx_word' id='word_1_463' title='bbox 470 4163 487 4220; x_wconf 93' lang='lat' dir='ltr'><strong>i,</strong></span> <span class='ocrx_word' id='word_1_464' title='bbox 501 4165 550 4222; x_wconf 79' lang='lat' dir='ltr'><strong>te;</strong></span> <span class='ocrx_word' id='word_1_465' title='bbox 571 4165 648 4228; x_wconf 85' lang='lat' dir='ltr'><strong>Epist.</strong></span> <span class='ocrx_word' id='word_1_466' title='bbox 661 4164 678 4220; x_wconf 92' lang='lat' dir='ltr'><strong>i,</strong></span> <span class='ocrx_word' id='word_1_467' title='bbox 712 4164 774 4213; x_wconf 84' lang='lat' dir='ltr'><strong>salto</strong></span> <span class='ocrx_word' id='word_1_468' title='bbox 796 4164 897 4221; x_wconf 87' lang='lat' dir='ltr'><strong>addidit,</strong></span> <span class='ocrx_word' id='word_1_469' title='bbox 925 4181 960 4213; x_wconf 82' lang='lat' dir='ltr'><strong>me</strong></span> <span class='ocrx_word' id='word_1_470' title='bbox 974 4167 1068 4226; x_wconf 80' lang='lat' dir='ltr'><strong>judice.</strong></span> <span class='ocrx_word' id='word_1_471' title='bbox 1109 4165 1188 4212; x_wconf 82' lang='lat' dir='ltr'><strong>Fauni</strong></span> <span class='ocrx_word' id='word_1_472' title='bbox 1208 4167 1272 4214; x_wconf 79' lang='lat' dir='ltr'><strong>silvis</strong></span> 
     </span>
     <span class='ocr_line' id='line_1_51' title="bbox 121 4227 1273 4294; baseline 0.005 -22"><span class='ocrx_word' id='word_1_473' title='bbox 121 4227 162 4281; x_wconf 82' lang='lat'><strong>18.</strong></span> <span class='ocrx_word' id='word_1_474' title='bbox 181 4227 205 4281; x_wconf 86' lang='grc'><strong>4,</strong></span> <span class='ocrx_word' id='word_1_475' title='bbox 223 4228 269 4273; x_wconf 81' lang='lat' dir='ltr'><strong>uisi</strong></span> <span class='ocrx_word' id='word_1_476' title='bbox 285 4230 344 4289; x_wconf 83' lang='lat' dir='ltr'><strong>quod</strong></span> <span class='ocrx_word' id='word_1_477' title='bbox 366 4229 422 4288; x_wconf 83' lang='lat' dir='ltr'><strong>pede</strong></span> <span class='ocrx_word' id='word_1_478' title='bbox 442 4237 503 4275; x_wconf 84' lang='lat' dir='ltr'><strong>certo</strong></span> <span class='ocrx_word' id='word_1_479' title='bbox 526 4228 614 4294; x_wconf 84' lang='lat' dir='ltr'><strong>Differt</strong></span> <span class='ocrx_word' id='word_1_480' title='bbox 631 4245 678 4276; x_wconf 83' lang='lat' dir='ltr'><strong>ser·</strong></span> <span class='ocrx_word' id='word_1_481' title='bbox 712 4231 815 4284; x_wconf 86' lang='lat' dir='ltr'><strong>deducti,</strong></span> <span class='ocrx_word' id='word_1_482' title='bbox 834 4229 906 4278; x_wconf 88' lang='lat' dir='ltr'><strong>iidem</strong></span> <span class='ocrx_word' id='word_1_483' title='bbox 923 4229 966 4294; x_wconf 90' lang='lat' dir='ltr'><strong>qui</strong></span> <span class='ocrx_word' id='word_1_484' title='bbox 984 4229 1070 4293; x_wconf 84' lang='lat' dir='ltr'><strong>Satyri.</strong></span> <span class='ocrx_word' id='word_1_485' title='bbox 1119 4229 1191 4278; x_wconf 75' lang='lat' dir='ltr'><strong>Ovid·</strong></span> <span class='ocrx_word' id='word_1_486' title='bbox 1210 4231 1273 4279; x_wconf 77' lang='lat' dir='ltr'><strong>Met.</strong></span> 
     </span>
     <span class='ocr_line' id='line_1_52' title="bbox 119 4290 1272 4354; baseline 0.005 -18"><span class='ocrx_word' id='word_1_487' title='bbox 119 4291 191 4337; x_wconf 80' lang='lat' dir='ltr'><strong>morri.</strong></span> <span class='ocrx_word' id='word_1_488' title='bbox 225 4290 335 4339; x_wconf 82' lang='lat' dir='ltr'><strong>Davusne</strong></span> <span class='ocrx_word' id='word_1_489' title='bbox 353 4292 471 4354; x_wconf 84' lang='lat' dir='ltr'><strong>loquatur,</strong></span> <span class='ocrx_word' id='word_1_490' title='bbox 490 4307 572 4340; x_wconf 87' lang='lat' dir='ltr'><strong>servus</strong></span> <span class='ocrx_word' id='word_1_491' title='bbox 589 4293 678 4342; x_wconf 89' lang='lat' dir='ltr'><strong>Teren·</strong></span> <span class='ocrx_word' id='word_1_492' title='bbox 713 4291 745 4348; x_wconf 89' lang='lat' dir='ltr'><strong>vi,</strong></span> <span class='ocrx_word' id='word_1_493' title='bbox 758 4293 816 4349; x_wconf 81' lang='grc'><strong>392,</strong></span> <span class='ocrx_word' id='word_1_494' title='bbox 828 4295 943 4351; x_wconf 74' lang='lat' dir='ltr'><strong>ruricola,</strong></span> <span class='ocrx_word' id='word_1_495' title='bbox 952 4295 1066 4342; x_wconf 81' lang='lat' dir='ltr'><strong>silvestria</strong></span> <span class='ocrx_word' id='word_1_496' title='bbox 1075 4296 1180 4350; x_wconf 72' lang='lat' dir='ltr'><strong>arimino,</strong></span> <span class='ocrx_word' id='word_1_497' title='bbox 1193 4293 1272 4342; x_wconf 78' lang='lat' dir='ltr'><strong>Fauni</strong></span> 
     </span>
     <span class='ocr_line' id='line_1_53' title="bbox 120 4353 1270 4422; baseline 0.005 -22"><span class='ocrx_word' id='word_1_498' title='bbox 120 4353 218 4401; x_wconf 86' lang='lat' dir='ltr'><strong>tianus:</strong></span> <span class='ocrx_word' id='word_1_499' title='bbox 237 4353 269 4401; x_wconf 86' lang='lat' dir='ltr'><strong>cl.</strong></span> <span class='ocrx_word' id='word_1_500' title='bbox 281 4369 336 4418; x_wconf 89' lang='lat' dir='ltr'><strong>sup.</strong></span> <span class='ocrx_word' id='word_1_501' title='bbox 348 4353 378 4402; x_wconf 91' lang='lat' dir='ltr'><strong>ad</strong></span> <span class='ocrx_word' id='word_1_502' title='bbox 390 4371 413 4402; x_wconf 87' lang='lat' dir='ltr'><strong>v.</strong></span> <span class='ocrx_word' id='word_1_503' title='bbox 428 4357 485 4404; x_wconf 77' lang='grc'><strong>114.</strong></span> <span class='ocrx_word' id='word_1_504' title='bbox 714 4356 746 4405; x_wconf 88' lang='lat' dir='ltr'><strong>Et</strong></span> <span class='ocrx_word' id='word_1_505' title='bbox 756 4357 944 4422; x_wconf 69' lang='lat' dir='ltr'><strong>Satyrifrutres.</strong></span> <span class='ocrx_word' id='word_1_506' title='bbox 974 4358 1053 4405; x_wconf 76' lang='lat' dir='ltr'><strong>Fauni</strong></span> <span class='ocrx_word' id='word_1_507' title='bbox 1061 4368 1165 4413; x_wconf 80' lang='lat' dir='ltr'><strong>ramur,</strong></span> <span class='ocrx_word' id='word_1_508' title='bbox 1174 4359 1270 4422; x_wconf 83' lang='lat' dir='ltr'><strong>Satyra-</strong></span> 
     </span>
     <span class='ocr_line' id='line_1_54' title="bbox 152 4417 1271 4487; baseline 0.005 -23"><span class='ocrx_word' id='word_1_509' title='bbox 152 4419 210 4466; x_wconf 81' lang='lat'>238.</span> <span class='ocrx_word' id='word_1_510' title='bbox 231 4417 337 4480; x_wconf 77' lang='lat' dir='ltr'><strong>Pythias,</strong></span> <span class='ocrx_word' id='word_1_511' title='bbox 349 4418 447 4474; x_wconf 89' lang='lat' dir='ltr'><strong>ancilla,</strong></span> <span class='ocrx_word' id='word_1_512' title='bbox 461 4427 488 4466; x_wconf 95' lang='lat' dir='ltr'><strong>ut</strong></span> <span class='ocrx_word' id='word_1_513' title='bbox 500 4419 610 4468; x_wconf 84' lang='lat' dir='ltr'><strong>observat</strong></span> <span class='ocrx_word' id='word_1_514' title='bbox 622 4419 680 4468; x_wconf 70' lang='lat' dir='ltr'><strong>Vett</strong></span> <span class='ocrx_word' id='word_1_515' title='bbox 713 4435 764 4468; x_wconf 85' lang='lat' dir='ltr'><strong>rum</strong></span> <span class='ocrx_word' id='word_1_516' title='bbox 777 4421 904 4487; x_wconf 87' lang='lat' dir='ltr'><strong>scriptores</strong></span> <span class='ocrx_word' id='word_1_517' title='bbox 914 4429 1023 4471; x_wconf 85' lang='lat' dir='ltr'><strong>caveant.</strong></span> <span class='ocrx_word' id='word_1_518' title='bbox 1040 4421 1088 4470; x_wconf 90' lang='lat' dir='ltr'><strong>Per</strong></span> <span class='ocrx_word' id='word_1_519' title='bbox 1096 4438 1152 4483; x_wconf 76' lang='lat' dir='ltr'><strong>pene</strong></span> <span class='ocrx_word' id='word_1_520' title='bbox 1164 4421 1271 4479; x_wconf 76' lang='lat' dir='ltr'><strong>forrum,</strong></span> 
     </span>
     <span class='ocr_line' id='line_1_55' title="bbox 119 4475 1271 4551; baseline 0.005 -23"><span class='ocrx_word' id='word_1_521' title='bbox 119 4479 202 4529; x_wconf 88' lang='lat' dir='ltr'><strong>Schol.</strong></span> <span class='ocrx_word' id='word_1_522' title='bbox 222 4481 307 4545; x_wconf 84' lang='lat' dir='ltr'><strong>Cruq..</strong></span> <span class='ocrx_word' id='word_1_523' title='bbox 331 4481 396 4530; x_wconf 88' lang='lat' dir='ltr'><strong>aud</strong></span> <span class='ocrx_word' id='word_1_524' title='bbox 418 4481 549 4532; x_wconf 88' lang='lat' dir='ltr'><strong>Lucilium.</strong></span> <span class='ocrx_word' id='word_1_525' title='bbox 582 4483 680 4532; x_wconf 81' lang='lat' dir='ltr'><strong>Simone.</strong></span> <span class='ocrx_word' id='word_1_526' title='bbox 713 4501 736 4532; x_wconf 90' lang='lat' dir='ltr'><strong>v.</strong></span> <span class='ocrx_word' id='word_1_527' title='bbox 753 4487 812 4542; x_wconf 81' lang='lat'><strong>245,</strong></span> <span class='ocrx_word' id='word_1_528' title='bbox 831 4486 946 4534; x_wconf 86' lang='lat' dir='ltr'><strong>Horatius</strong></span> <span class='ocrx_word' id='word_1_529' title='bbox 961 4485 1099 4549; x_wconf 81' lang='lat' dir='ltr'><strong>designasse</strong></span> <span class='ocrx_word' id='word_1_530' title='bbox 1121 4475 1215 4535; x_wconf 85' lang='lat' dir='ltr'><strong>videtur</strong></span> <span class='ocrx_word' id='word_1_531' title='bbox 1230 4485 1271 4551; x_wconf 81' lang='lat' dir='ltr'><strong>ju-</strong></span> 
     </span>
     <span class='ocr_line' id='line_1_56' title="bbox 117 4544 1271 4616; baseline 0.007 -24"><span class='ocrx_word' id='word_1_532' title='bbox 117 4545 188 4600; x_wconf 81' lang='lat' dir='ltr'><strong>Sr&#39;mo,</strong></span> <span class='ocrx_word' id='word_1_533' title='bbox 208 4544 258 4594; x_wconf 87' lang='lat' dir='ltr'><strong>beri</strong></span> <span class='ocrx_word' id='word_1_534' title='bbox 279 4545 319 4594; x_wconf 87' lang='lat' dir='ltr'><strong>vel</strong></span> <span class='ocrx_word' id='word_1_535' title='bbox 353 4545 427 4595; x_wconf 88' lang='lat' dir='ltr'><strong>omini</strong></span> <span class='ocrx_word' id='word_1_536' title='bbox 443 4561 492 4595; x_wconf 85' lang='lat' dir='ltr'><strong>non</strong></span> <span class='ocrx_word' id='word_1_537' title='bbox 510 4547 574 4613; x_wconf 84' lang='lat' dir='ltr'><strong>apud</strong></span> <span class='ocrx_word' id='word_1_538' title='bbox 590 4547 680 4597; x_wconf 86' lang='lat' dir='ltr'><strong>Teren·</strong></span> <span class='ocrx_word' id='word_1_539' title='bbox 713 4563 784 4599; x_wconf 83' lang='lat' dir='ltr'><strong>venes</strong></span> <span class='ocrx_word' id='word_1_540' title='bbox 801 4549 826 4598; x_wconf 89' lang='lat' dir='ltr'><strong>in</strong></span> <span class='ocrx_word' id='word_1_541' title='bbox 847 4550 895 4600; x_wconf 85' lang='lat' dir='ltr'><strong>loro</strong></span> <span class='ocrx_word' id='word_1_542' title='bbox 912 4550 1091 4608; x_wconf 83' lang='lat' dir='ltr'><strong>declamatores,</strong></span> <span class='ocrx_word' id='word_1_543' title='bbox 1106 4550 1271 4616; x_wconf 83' lang='lat' dir='ltr'><strong>exquisitiores</strong></span> 
     </span>
    </p>
   </div>
   <div class='ocr_carea' id='block_1_6' title="bbox 226 2626 1272 2693">
    <p class='ocr_par' dir='ltr' id='par_1_13' title="bbox 226 2626 1272 2693">
     <span class='ocr_line' id='line_1_57' title="bbox 226 2626 1272 2693; baseline 0.002 -19"><span class='ocrx_word' id='word_1_544' title='bbox 226 2643 267 2674; x_wconf 88' lang='lat' dir='ltr'><strong>urn</strong></span> <span class='ocrx_word' id='word_1_545' title='bbox 283 2627 354 2676; x_wconf 89' lang='lat' dir='ltr'><strong>certis</strong></span> <span class='ocrx_word' id='word_1_546' title='bbox 370 2627 457 2676; x_wconf 82' lang='lat' dir='ltr'><strong>tinibus</strong></span> <span class='ocrx_word' id='word_1_547' title='bbox 474 2628 679 2693; x_wconf 88' lang='lat' dir='ltr'><strong>circumscriptum</strong></span> <span class='ocrx_word' id='word_1_548' title='bbox 743 2629 802 2678; x_wconf 75' lang='lat'><strong>2³9.</strong></span> <span class='ocrx_word' id='word_1_549' title='bbox 819 2629 920 2683; x_wconf 65' lang='lat' dir='ltr'><strong>stenar,</strong></span> <span class='ocrx_word' id='word_1_550' title='bbox 941 2626 1035 2675; x_wconf 83' lang='lat' dir='ltr'><strong>Bacchi</strong></span> <span class='ocrx_word' id='word_1_551' title='bbox 1109 2643 1209 2691; x_wconf 76' lang='lat' dir='ltr'><strong>agogas,</strong></span> <span class='ocrx_word' id='word_1_552' title='bbox 1228 2627 1272 2676; x_wconf 87' lang='lat' dir='ltr'><strong>ad·</strong></span> 
     </span>
    </p>
   </div>
   <div class='ocr_carea' id='block_1_7' title="bbox 0 0 1581 5200">
    <p class='ocr_par' dir='ltr' id='par_1_14' title="bbox 0 0 1581 5200">
     <span class='ocr_line' id='line_1_58' title="bbox 0 0 1581 5200; baseline 0 0"><span class='ocrx_word' id='word_1_553' title='bbox 0 0 1581 5200; x_wconf 95' lang='lat' dir='ltr'><strong> </strong></span> 
     </span>
    </p>
   </div>
  </div>
 </body>
</html>
