3150 5200
711 318 1006 385 CARMINUM

541 472 687 557 Tinguet
701 473 919 557 pavimentum
933 476 1111 557 superbum

585 575 780 641 Pontificum
795 576 922 660 potiore
937 576 1051 641 coenis.

704 947 911 1015 CARMEN
935 950 1015 1014 XV.

499 1185 571 1249 Jau
587 1206 691 1270 pauca
706 1196 815 1250 aratro
825 1184 945 1270 jugera
958 1186 1058 1270 regiae

499 1287 607 1351 Moles
623 1286 822 1371 relinquent:
846 1281 991 1371 undique
1004 1288 1102 1353 latius

543 1389 690 1454 Extenta
704 1390 850 1453 visentur
864 1388 1008 1455 Lucrino

586 1492 710 1576 Stagna
722 1491 816 1557 lacu:
839 1490 1055 1577 platanusque
1070 1492 1188 1558 caelebs

447 1596 467 1657 5
500 1595 640 1659 Evinoet
654 1592 769 1671 ulmos,
785 1604 855 1657 tum
869 1593 1013 1671 violaria,
1029 1606 1064 1660 et

499 1696 642 1780 Myrtus,
658 1706 691 1761 et
707 1696 810 1759 omnis
825 1696 921 1779 eopia
935 1698 1072 1775 narium,

542 1798 706 1882 Spargent
720 1796 846 1861 olivetis
861 1797 996 1862 odorem

584 1900 760 1965 Fertilibus
775 1898 906 1963 domino
920 1901 1039 1984 priori:

499 2001 587 2066 Tum
602 2003 707 2087 spissa
721 2002 818 2065 ramis
832 2000 945 2065 laurea
959 2002 1101 2067 fervidos

435 2105 476 2167 10
499 2104 666 2170 Excludet
679 2105 774 2169 ietuS.
821 2102 900 2167 Non
914 2104 961 2168 ita
975 2103 1109 2169 Romuli

281 2238 841 2366 titillabit-“titittititt
872 2240 1437 2373 {uttttbttztfflltiftassf

278 2371 387 2431 parietes.
419 2368 554 2429 Superbum,
571 2367 733 2433 splendidum,
749 2364 842 2430 magni-
874 2382 914 2423 na,
929 2366 1037 2429 intellige
1053 2367 1157 2431 piscinas
1171 2367 1284 2426 marinas,
1300 2370 1350 2418 tire
1364 2372 1437 2420 maria

281 2434 362 2484 licum,
378 2429 499 2479 tessellato
515 2430 635 2496 quippeo
667 2448 691 2481 re
707 2432 733 2480 in
751 2432 841 2479 beatio·
874 2429 1025 2494 particulam,
1038 2447 1111 2495 quam
1127 2430 1223 2480 ditiores
1230 2436 1306 2495 jactis
1319 2437 1346 2481 ia
1360 2437 1436 2483 eitun

282 2512 334 2543 mm
345 2494 456 2542 domibus
465 2510 496 2543 ex
506 2510 622 2543 marmore
643 2504 739 2544 aetum:
756 2499 842 2557 potiora
873 2496 969 2541 molibus
986 2494 1028 2557 (ut
1038 2496 1082 2543 inl.
1095 2495 1130 2553 iii,
1142 2498 1165 2553 l,
1181 2498 1213 2544 33
1230 2496 1331 2561 dieitur)
1350 2498 1405 2547 ideo
1421 2516 1437 2549 a

281 2560 421 2622 Pontfimm
444 2560 520 2615 conis,
543 2558 640 2608 meliore
666 2565 691 2608 et
716 2560 841 2615 nobiliore,
873 2557 932 2607 mari
948 2559 1142 2618 reinserantur
1156 2559 1241 2625 quovis
1257 2562 1314 2610 anui
1331 2570 1379 2612 tem

281 2637 354 2687 quam
370 2621 434 2686 quod
448 2622 473 2670 in
487 2623 565 2672 coeuis
575 2623 721 2672 Pontificum
736 2625 841 2685 bibitur;
874 2621 976 2687 piscium
991 2623 1025 2671 ibi
1038 2625 1152 2674 baberent
1161 2625 1270 2690 copiam:
1287 2626 1386 2676 loouae

281 2701 355 2736 sacrae
370 2687 448 2751 epulae
462 2685 535 2746 enim,
547 2703 609 2752 ques
621 2688 750 2737 Pontifices
766 2704 841 2753 appa·
873 2687 939 2735 sicus
955 2687 986 2736 de
1007 2688 1053 2738 boc
1075 2688 1148 2738 luxus
1166 2690 1330 2738 Romanomm
1350 2707 1437 2754 genere

281 2752 374 2809 rabant,
387 2759 435 2798 tam
450 2751 522 2800 laute
541 2759 565 2800 et
580 2753 682 2817 opipare
699 2753 804 2809 luerunt,
816 2760 843 2801 ut
874 2760 912 2799 est
926 2751 991 2818 apud
1003 2753 1075 2802 Van.
1091 2753 1126 2802 R.
1140 2755 1173 2802 R.
1189 2753 1224 2810 iii,
1237 2755 1280 2802 17:
1299 2755 1331 2804 cl.
1342 2757 1435 2806 Tibull.

281 2817 361 2864 locum
384 2813 468 2863 darent
489 2815 619 2880 proverbio.
645 2817 718 2864 Mart.
738 2816 779 2872 xii,
801 2818 842 2873 48,
874 2815 901 2872 ii,
917 2817 942 2870 3,
960 2819 1001 2884 45,
1018 2817 1073 2866 Cio.
1092 2817 1169 2867 Attie.
1187 2817 1205 2873 i,
1224 2820 1263 2872 16,
1279 2819 1317 2867 17.
1351 2819 1437 2870 Latino

284 2883 322 2935 la,
335 2880 389 2928 Non
406 2879 498 2929 Albona
513 2882 569 2928 milri
585 2883 615 2930 ait
631 2883 756 2930 comissatio
771 2884 842 2935 tanti,
874 2890 965 2928 extento
986 2881 1090 2929 Lucrino
1110 2884 1172 2939 laea,
1192 2881 1260 2930 lacus
1283 2881 1383 2932 Lucrini
1404 2885 1435 2934 ed

282 2946 331 2994 Nec
349 2945 493 3006 Capitolina,
511 2945 693 3009 Pontijieumqoe
710 2947 794 3008 dapar:
811 2945 844 2994 cf.
875 2945 950 2992 Baias
961 2944 986 2992 in
999 2946 1133 3011 Campania
1146 2945 1336 3010 magnitudinem
1351 2963 1436 3014 auper-

282 3009 391 3060 Maerob.
403 3009 429 3066 ii,
441 3010 467 3058 9.
874 3007 956 3067 antia;
971 3017 1087 3058 vocantur
1102 3011 1155 3059 hee
1179 3020 1263 3074 stagna
1279 3010 1324 3060 inl.
1342 3013 1394 3060 Sat.
1408 3013 1435 3071 ii,

874 3075 898 3129 6,
912 3074 945 3120 44
954 3077 1049 3121 cetaria.
1084 3074 1243 3136 Plotaoutqua
1253 3078 1329 3125 celebs
1339 3076 1436 3128 Eviueet

448 3137 602 3188 CARMEN
619 3139 679 3188 XV.
873 3139 953 3193 ulmos,
965 3137 1077 3202 platanis,
1093 3154 1143 3187 non
1158 3137 1269 3186 utilitatis
1290 3139 1333 3188 aed
1350 3141 1437 3207 volup-

313 3201 355 3251 Ad
370 3202 462 3258 lurum,
475 3201 516 3266 qui
532 3210 583 3252 tum
599 3203 702 3250 Romam
719 3199 839 3265 immigra·
873 3200 929 3248 tatis
940 3215 1013 3249 cauea
1024 3202 1130 3260 oonsilio,
1137 3201 1221 3252 cedere
1228 3202 1351 3252 debebunt
1361 3205 1436 3265 ulmi;

280 3275 353 3323 vemt,
365 3266 499 3331 pertinebat
515 3281 544 3314 ea
560 3266 668 3332 inprimis
685 3265 840 3328 magnifieen·
872 3264 965 3313 scilicet
975 3265 1036 3314 ulmi
1046 3266 1069 3316 ei
1080 3267 1199 3333 precipue
1214 3266 1240 3313 in
1252 3267 1326 3316 Italia
1335 3268 1435 3318 inservi-

280 3332 320 3386 tia,
334 3346 389 3394 qum
401 3329 578 3379 abhominibus
592 3330 689 3396 privetis
703 3329 727 3376 in
742 3329 839 3394 amplia·
872 3329 945 3377 ebant
961 3329 1025 3386 usui,
1044 3338 1073 3378 ut
1091 3331 1151 3380 vitea
1172 3347 1228 3379 cum
1247 3345 1329 3379 earum
1349 3340 1436 3383 unaco

279 3393 391 3442 simorum
407 3393 570 3452 edificiomm¹
583 3395 736 3460 piscinarum,
750 3393 841 3442 nonad
870 3392 1035 3456 jungerentur,
1057 3393 1122 3443 unde
1143 3393 1203 3444 vites
1226 3395 1299 3443 alanos
1324 3400 1437 3447 maritare

280 3473 431 3508 communem
450 3457 585 3516 utilitatem,
600 3458 642 3507 sed
660 3459 691 3508 ad
708 3457 783 3506 solam
798 3473 840 3506 vo·
872 3456 994 3514 dicuntur,
1013 3458 1144 3508 Columell.
1154 3476 1179 3517 v,
1190 3461 1215 3508 6.
1250 3458 1336 3523 Itaque
1356 3463 1436 3522 pleta-

279 3521 395 3586 luptatem
407 3523 574 3586 spectantium,
585 3539 631 3572 usu
642 3533 714 3588 atque
726 3521 840 3586 possessi·
872 3538 925 3576 rim,
943 3538 998 3586 qum
1021 3538 1069 3570 non
1091 3524 1217 3572 commode
1232 3523 1339 3572 adhiberi
1354 3536 1435 3590 pomet

279 3601 325 3634 one
343 3586 484 3650 ponebatur.
518 3588 548 3635 In
568 3589 613 3637 hoc
636 3588 748 3638 insenum
768 3585 841 3649 igitur
870 3585 1001 3658 jungendis
1020 3602 1075 3635 cum
1097 3603 1128 3636 ea
1145 3587 1233 3636 vitibus
1252 3586 1366 3653 (pulchre
1384 3605 1436 3655 pro,

279 3665 321 3714 per
331 3649 416 3698 luxum
433 3658 504 3715 atque
514 3652 638 3701 libidinem
655 3649 770 3718 pereundi
786 3665 839 3713 per·
872 3650 987 3712 mutilis),
997 3652 1049 3715 jam
1063 3651 1151 3701 dicitur
1165 3654 1250 3701 celebs.
1284 3651 1435 3713 Tum-tuni,

279 3712 399 3788 dendique
415 3716 496 3764 omnia
510 3715 615 3765 studium
629 3717 744 3766 nobiliore
762 3713 839 3778 indig·
872 3729 1049 3779 porro—porro.
1085 3717 1196 3774 Violario,
1214 3717 1269 3766 loca
1286 3716 1356 3764 violis
1375 3733 1435 3768 eon·

280 3777 384 3828 nationis
401 3779 493 3828 affectu·
504 3780 617 3829 Horatius
633 3781 658 3828 in
676 3781 721 3828 hoo
736 3779 841 3828 carmine
873 3779 927 3828 sita.
962 3781 1041 3828 Omnis
1059 3783 1124 3843 eopia
1141 3785 1243 3839 nomam,
1263 3780 1382 3845 quidquid
1400 3792 1438 3832 eet

279 3842 415 3903 invehitur;
432 3853 585 3909 vetemmque
597 3845 761 3893 Romanorum
773 3857 839 3891 seve·
873 3843 958 3891 florum
975 3845 1035 3893 bene
1050 3843 1175 3893 olentium.
1206 3846 1320 3908 Spargant
1337 3849 1437 3905 odorem,

278 3907 339 3957 riore
353 3907 489 3973 disciplina,
501 3908 646 3974 frugalitate,
658 3919 683 3958 et
694 3907 842 3958 continentia
873 3908 994 3970 eleganter
1015 3924 1058 3973 pro
1080 3909 1182 3972 vulgari,
1206 3909 1334 3967 florebunt,
1357 3921 1437 3969 emm,

279 3981 336 4022 ante
350 3973 433 4022 oculos
480 3973 535 4031 sita,
549 3982 664 4037 quantum
681 3990 695 4022 a
711 3971 841 4037 majoribus
873 3972 1070 4037 conspicientem
1095 3975 1182 4022 olivetis
1206 3989 1257 4039 pro,
1280 3973 1305 4020 in
1331 3973 1439 4023 olivetis·

279 4037 329 4086 suis
355 4053 420 4087 nune
446 3989 640 4102 ligenenverint
664 4037 777 4092 Romani,
800 4051 839 4084 or·
872 4036 1007 4092 Horatium,
1018 4045 1046 4085 ut
1059 4038 1111 4102 jam
1126 4037 1261 4086 observavit
1272 4037 1312 4086 el.
1324 4037 1437 4096 Mitscb„

280 4101 364 4151 tendit.
873 4109 929 4149 ante
946 4103 1030 4150 oculos
1048 4101 1161 4150 habuisse
1173 4101 1265 4151 videtur
1279 4101 1381 4161 Quinet.
1393 4104 1438 4151 In-

313 4168 402 4216 1-10.
418 4167 482 4224 Jam,
494 4163 559 4214 brevi
573 4164 629 4215 inde
645 4173 757 4230 tempore.
792 4165 839 4213 lie-
872 4165 921 4215 etit.
934 4164 1059 4221 Orat.viii,
1072 4168 1096 4223 ³,
1105 4169 1144 4213 An
1155 4183 1195 4229 ego
1196 4167 1305 4232 fundum
1317 4168 1439 4216 cutim

277 4234 323 4294 gioe
339 4231 419 4286 Moles,
431 4230 579 4296 amplissima
596 4237 620 4280 et
635 4233 700 4294 regio
717 4229 841 4296 splendore
871 4241 958 4292 putem,
969 4233 996 4278 in
1009 4248 1053 4293 qno
1068 4232 1126 4278 mibi
1138 4234 1190 4293 quis
1205 4233 1329 4280 ostenderit
1345 4232 1399 4280 titia
1415 4244 1438 4282 et

279 4295 304 4344 in
321 4296 397 4344 altum
414 4295 501 4344 educta
520 4293 629 4352 aedificia.
646 4295 729 4360 qualia
745 4303 797 4342 tum
813 4293 839 4341 in
870 4297 1041 4357 violae-qaam
1056 4297 1097 4342 ubi
1112 4295 1183 4356 pleno
1198 4298 1281 4352 mesaia,
1292 4306 1336 4342 aut
1352 4313 1439 4359 graves

278 4359 343 4408 villis
364 4358 414 4408 ruia
438 4369 559 4409 exstruere
585 4360 693 4408 solebant
713 4357 840 4407 beatiores.
864 4359 955 4423 fracto
975 4362 1031 4408 vites
1053 4361 1142 4407 erunt?
1174 4359 1279 4408 Sterilom
1298 4361 1435 4421 platonem,

280 4423 346 4473 Hine
366 4423 437 4482 illud,
458 4424 524 4500 quod
545 4422 571 4473 in
590 4423 649 4472 villa
671 4439 715 4472 sua
737 4422 840 4472 habebat
872 4433 988 4486 tempo
1001 4433 1094 4487 myrtos,
1107 4439 1175 4486 qnam
1190 4426 1298 4472 maritam
1308 4425 1399 4473 ulmum
1413 4436 1438 4473 et

279 4489 412 4546 Maecenas,
422 4489 530 4540 similiter
542 4503 638 4554 quoque
650 4487 693 4538 inl.
702 4486 737 4544 iii,
746 4488 787 4542 29,
799 4488 838 4543 10,
871 4491 950 4536 uberat
969 4491 1028 4536 olera
1048 4490 1240 4550 praeparaverim?
1284 4488 1343 4536 Tum
1365 4491 1437 4550 spissa
