3150 5200
691 263 985 329 CARMINUM

435 417 560 503 Aptum
575 416 653 482 dicit
668 416 760 500 equis
776 413 886 499 Argos
901 415 1051 498 ditesque
1066 413 1236 498 Mycenas.

373 521 412 584 10
478 519 535 584 Me
550 541 610 582 nec
625 528 690 581 tam
703 518 830 601 patiens
844 514 1073 593 Lacedaemon,

437 621 509 687 Nec
525 632 590 684 tam
606 619 748 683 Larissae
762 618 924 702 percussit
939 639 1072 701 campus
1088 617 1215 701 opimoe,

480 723 589 796 Quam
603 721 718 784 domus
732 718 894 784 Albuneae
908 719 1102 796 resonantis,

436 823 483 888 Et
497 843 643 907 praeceps
659 819 757 897 Anio,
772 842 810 884 ac
825 819 966 885 Tiburni
979 820 1084 897 lucus,
1100 830 1135 885 et
1148 819 1222 885 uda.

482 923 663 988 Mobilibus
678 922 823 1006 pomaria
836 921 924 984 rivis.

376 1027 416 1091 15
437 1024 544 1091 Albus
558 1037 595 1090 ut
609 1027 749 1090 obscuro
764 1022 914 1106 deterget
927 1022 1039 1088 nubila
1053 1022 1138 1087 coelo

483 1128 579 1211 Saepe
594 1126 716 1203 Notus,
732 1146 838 1208 neque
852 1124 993 1209 parturit
1005 1125 1126 1188 imbres

439 1230 640 1315 Perpetuos:
664 1228 710 1292 sic
725 1237 762 1290 tu
777 1226 906 1309 sapiens
921 1224 1015 1290 finire
1030 1234 1190 1289 memento

481 1330 663 1394 Tristitiam
677 1329 817 1411 vitaeque
830 1327 959 1392 labores

439 1433 545 1510 Molli,
560 1431 693 1507 Plance,
706 1450 814 1506 mero;
837 1451 896 1492 seu
910 1439 944 1492 te
958 1427 1116 1513 fulgentia
1131 1429 1232 1513 signis

373 1534 417 1599 20
483 1534 600 1596 Castra
614 1541 737 1608 tenent,
753 1552 812 1595 seu
826 1528 928 1594 densa
942 1531 1067 1595 tenebit

438 1635 574 1700 Tiburis
588 1634 703 1697 umbra
717 1631 775 1695 tui.
820 1629 950 1695 Teucer
966 1630 1127 1696 Salamina
1140 1641 1330 1718 patremque

483 1736 595 1809 Quum
609 1733 748 1818 fugeret,
762 1741 870 1796 tamen
883 1731 951 1795 uda
964 1731 1068 1816 Lyaeo

439 1837 606 1920 Tempora
620 1832 760 1919 populea
774 1832 879 1896 fertur
892 1832 1034 1897 vinxisse
1049 1857 1180 1914 corona,

485 1938 540 2003 Sic
555 1939 664 2002 tristes
679 1933 810 1999 adfatus
823 1933 961 1998 amicos:

375 2043 419 2106 25
440 2042 518 2115 Quo
532 2061 591 2105 nos
606 2059 744 2121 cumque
758 2034 842 2100 feret
855 2034 967 2099 melior
981 2035 1128 2103 Fortuna
1141 2048 1292 2122 parente,

482 2142 616 2219 Ibimus,
631 2163 652 2204 o
668 2139 746 2204 socii
760 2136 970 2220 comitesque.

270 2321 370 2383 ludoque
385 2323 426 2368 deo
467 2321 638 2376 tum-olivum,
651 2317 710 2367 h.e.
725 2325 750 2365 et
764 2333 832 2382 quo·
863 2315 1097 2366 mumauamhubet.
1116 2317 1421 2368 Remuriudulciscum

270 2385 341 2432 sitam
352 2383 397 2432 ribi
408 2335 494 2430 ei‘boc
506 2383 591 2444 (inde)
599 2381 709 2430 Athenas
720 2380 831 2428 cumini·
863 2396 983 2429 murmure
994 2382 1140 2446 prosilientis
1152 2398 1221 2447 aqua
1235 2384 1330 2432 sonitus
1340 2384 1422 2433 ιιιιιιὶ-

271 2449 317 2496 bus
328 2445 464 2496 celebrandi
475 2445 553 2494 studio
564 2443 660 2494 laudern
670 2444 760 2510 (fronti
768 2461 829 2506 pre·
863 2451 899 2491 ter
909 2445 954 2510 ipsi
962 2445 1027 2510 Nym
1044 2444 1082 2496 be
1090 2447 1211 2496 tribuitur.
1246 2448 1348 2510 Preceps
1353 2449 1422 2496 Anio.

268 2511 367 2573 ponne)
388 2509 484 2575 publice
506 2525 555 2574 pru
576 2523 601 2556 ae
623 2508 701 2569 terre3
721 2509 781 2566 sive,
805 2508 830 2555 in
863 2508 924 2556 Anu>
939 2510 1018 2573 (nunc
1053 2510 1168 2624 merone}
1181 2511 1223 2575 qui
1237 2527 1280 2576 per
1295 2525 1365 2576 agros
1379 2512 1421 2562 Ti·

270 2574 386 2624 canendis
403 2573 506 2623 Athenis
525 2572 621 2622 laudem
638 2581 663 2622 st
678 2572 765 2621 lamam
783 2572 831 2620 sibi
863 2572 1009 2622 burtinosin
1021 2573 1127 2623 Tiberim
1158 2575 1321 2633 ecornt,ideo
1334 2575 1423 2625 dieitur

272 2654 393 2703 querere:
411 2652 467 2687 nam
482 2636 525 2701 qui
543 2637 568 2683 in
585 2638 698 2686 bonorem
712 2637 830 2687 Minerva
861 2654 967 2699 praeoepr,
978 2637 1044 2703 quod
1054 2655 1127 2715 prope
1137 2640 1214 2689 Tibur
1227 2640 1258 2689 de
1268 2640 1369 2705 scopulo
1379 2640 1421 2687 tri·

270 2711 370 2760 canunt,
377 2716 459 2751 eorum
470 2700 542 2749 tronti
551 2704 701 2764 preponitur,
709 2700 762 2749 ne.
771 2717 832 2767 pra·
862 2700 929 2765 ginta
940 2702 1034 2756 circiter
1045 2706 1140 2752 cubitos
1150 2720 1176 2753 se
1188 2704 1341 2769 precipitare
1356 2711 1422 2752 cah-

272 2764 832 2831 ligiturcoronaoleagina,quiaolivablinerve
864 2774 954 2815 iacun
973 2766 1053 2830 (nune
1071 2770 1095 2817 lu
1113 2778 1204 2816 emata
1221 2768 1325 2831 dictam)
1342 2768 1424 2817 effit-

272 2845 341 2881 sacra
350 2838 402 2891 est,
419 2828 482 2879 sicut
492 2845 533 2895 pro
550 2829 584 2878 rie
596 2832 671 2887 burs,
683 2828 725 2893 qui
737 2829 832 2896 Apolli·
866 2829 1047 2879 Tibumitucus:
1060 2832 1179 2881 memorie
1185 2832 1223 2881 rel
1230 2832 1307 2880 cultui
1316 2831 1423 2887 Tiburni,

273 2910 336 2951 nem,
355 2896 447 2951 hedera,
486 2894 511 2942 ui
532 2846 665 2951 bacchum,
684 2904 767 2958 myrto,
789 2892 832 2958 qui
882 2893 908 2941 ui
927 2911 984 2943 cum
1003 2895 1115 2944 tratribus
1132 2896 1191 2951 sois,
1205 2896 1292 2944 Catillo
1309 2904 1334 2943 et
1354 2897 1423 2953 Com,

272 2975 310 3009 res
326 2958 428 3009 Veneris
446 2910 485 3007 vel
502 2959 629 3032 amatorias
648 2966 747 3016 canunt,
765 2974 833 3007 coro·
864 2910 962 3007 libum
972 2960 1080 3008 eonditor
1090 2959 1268 3019 subsedicitur,
1276 2958 1341 3009 baud
1350 2960 1425 3010 dubia

273 3031 369 3071 uantur.
404 3024 460 3070 Olea
477 3040 509 3087 qu
543 3037 573 3071 ue
585 3022 631 3071 suit
645 3022 771 3088 premium
782 3023 833 3071 vic·
865 3037 941 3071 sacer.

273 3094 351 3135 torum
366 3086 391 3134 in
406 3037 577 3135 cenamiriilms
593 3085 643 3135 illis
659 3087 767 3153 poeticis,
780 3088 833 3152 (τι-
899 3087 992 3144 15,16.
1020 3087 1223 3137 Albus-Notus
1250 3086 1424 3152 (hartmot)

273 3150 433 3262 ἱςᾳλογίαις)
450 3150 752 3264 ppaebintPanathenais,
768 3150 834 3200 ludis
866 3150 957 3228 culum
967 3151 1050 3263 fliium
1065 3152 1116 3265 stirp
1129 3152 1355 3264 pereppupsreddprs
1366 3151 1425 3226 ,usic

305 3229 607 3265 inewrernsiueanur.
866 3232 990 3263 simoen
1026 3230 1080 3263 su.
1111 3254 1117 3274 ‚
1148 3232 1213 3273 ,ιιι
1253 3230 1341 3264 .no·
1400 3230 1426 3263 er

306 3280 332 3327 9.
349 3251 422 3326 Αιίι
436 3290 515 3340 aptum
530 3282 592 3342 equis
604 3279 696 3345 (ἱπποτ
718 3279 725 3297 ’
757 3298 781 3336 ν,
793 3278 834 3329 le·-
868 3256 947 3327 Ebrio
968 3280 1012 3328 ins.
1033 3232 1111 3344 Eion.
1130 3281 1170 3337 10,
1191 3282 1224 3338 ὃς
1244 3282 1322 3327 clam
1334 3230 1427 3341 ‚Agilo

273 3296 401 3405 πόβοτονῆ
412 3344 443 3391 ob
454 3342 558 3407 egregia,
572 3358 627 3405 quo
644 3344 678 3391 ibi
700 3359 765 3399 uere,
777 3360 834 3409 paa-
869 3343 939 3407 Virg.
956 3344 1018 3393 Geo.
1035 3343 1053 3400 i,
1070 3346 1135 3405 460;
1153 3345 1250 3393 madidi
1266 3342 1364 3391 Fannii
1381 3342 1426 3390 inl.

274 3422 330 3455 cua.
355 3408 428 3470 Argoa
439 3415 519 3456 autem
537 3406 605 3455 sedes
617 3408 710 3457 Junoni
725 3407 771 3455 luit
782 3423 834 3471 gra·
867 3407 903 3463 iii,
914 3409 971 3465 7,1.
996 3408 1253 3471 Detergetadetergeo.
1282 3406 1361 3479 Neque
1370 3422 1426 3468 pur·

274 3470 375 3528 tissima,
389 3470 452 3519 unda
463 3470 568 3519 Pindaro
580 3470 652 3520 Nem.
664 3471 698 3530 ix,
712 3472 736 3529 3,
748 3471 837 3520 dicitur
869 3475 928 3520 tur-it
944 3474 1025 3520 imbres
1039 3472 1177 3534 Perpetuos:
1195 3471 1239 3519 int.
1252 3470 1301 3519 Otl.
1316 3470 1343 3526 ir,
1362 3471 1388 3527 9,
1403 3472 1425 3526 Ι,

270 3534 354 3595 Ἥρας
363 3532 431 3599 δῶμα
442 3532 584 3599 θεοπρεπὲς.
870 3535 924 3583 Non
931 3537 1210 3598 aemperimbresuubibru
1221 3534 1426 3597 trepidationum

309 3598 402 3654 10,1r.
420 3598 524 3654 Patiens,
540 3600 571 3645 ob
589 3610 700 3659 magnam
715 3598 834 3658 laborum,
867 3602 893 3647 in
949 3616 981 3649 us.

274 3660 362 3725 quibus
384 3662 495 3727 Spartani
515 3677 530 3709 a
547 3662 635 3710 teneris
653 3664 835 3721 exercebantur,
902 3666 914 3711 1
935 3666 994 3721 ,20.
1012 3664 1095 3711 Molli.-
1110 3664 1194 3713 vinum
1204 3669 1326 3711 vetustum
1337 3660 1427 3709 dicitur

275 3724 422 3790 patientiam.
457 3726 488 3773 In
499 3724 545 3774 hoc
557 3741 629 3774 seusu
638 3725 683 3773 inl.
696 3727 773 3792 Epist.
783 3728 801 3784 i,
811 3730 836 3785 7,
868 3730 943 3786 nulle,
960 3740 988 3777 ut
1004 3728 1049 3775 int.
1067 3729 1145 3793 Epist.
1161 3729 1179 3783 i,
1192 3729 1232 3785 15,
1250 3728 1291 3783 18,
1309 3728 1372 3774 lene:
1389 3726 1427 3771 Ad

275 3790 315 3846 40,
330 3788 431 3853 Ulysses
443 3787 532 3837 dicitur
542 3792 640 3852 putitiu.
674 3788 771 3839 Larisae
788 3794 836 3854 opi·
869 3809 931 3841 more
941 3811 993 3842 cum
1005 3796 1066 3850 oeni,
1075 3808 1208 3856 generorum
1224 3801 1248 3839 et
1263 3792 1312 3838 leue
1328 3792 1429 3852 requiro.

275 3870 315 3901 mc
326 3868 431 3915 campus:
451 3868 507 3918 ager
515 3852 581 3902 circa
592 3855 721 3912 Larissam,
730 3854 834 3904 Thessa·
867 3857 912 3904 Seu
926 3860 996 3906 denso
1010 3859 1093 3905 tenebit
1107 3856 1199 3903 Tiburis
1214 3857 1295 3903 cribro
1312 3857 1363 3902 tui:
1378 3852 1429 3901 eive

275 3916 315 3965 liae
334 3916 466 3990 oppidum,
495 3916 663 3967 tetulissimus.
709 3919 834 3977 Percussit,
867 3921 947 3986 potius
961 3921 1038 3969 Tibur
1057 3920 1198 3968 rusticarum
1214 3918 1276 3977 ibis;
1292 3917 1338 3966 boc
1354 3916 1428 3973 enim,

177 3996 179 4002 ·
275 3996 373 4045 gravam
394 3996 437 4047 pro
458 3982 560 4046 vulgati,
584 3984 666 4040 movit,
683 3984 762 4048 cepit;
780 3999 837 4033 nam
868 3993 895 4033 ut
906 3984 1012 4033 diximus
1023 3984 1049 4033 in
1060 3990 1209 4048 argumento,
1220 3982 1314 4031 Planco
1329 3980 1431 4030 suadeta

276 4046 319 4109 qui
335 4043 499 4093 vehementius
516 4046 600 4111 aliqua
612 4062 636 4095 rs
653 4047 798 4106 afficiuntur,
808 4064 837 4098 ea
869 4046 962 4097 ridetur
973 4049 1097 4098 Horatius.
1132 4048 1178 4095 Tui
1188 4046 1227 4095 vel
1239 4046 1305 4110 quod
1314 4046 1392 4093 Tibur
1404 4045 1431 4092 in

273 4112 366 4171 percon
376 4109 413 4157 val
423 4112 454 4157 ici
465 4110 587 4159 dicuntur.
870 4112 964 4161 deliciis
980 4112 1027 4160 fuit
1044 4113 1145 4170 Planco,
1157 4112 1196 4159 vel
1214 4108 1280 4174 quod
1291 4108 1377 4157 villam
1396 4108 1432 4157 ibi

309 4174 350 4229 12,
363 4174 401 4221 13.
419 4175 505 4221 Domiu
516 4175 638 4223 Albuneae:
655 4176 707 4240 jam
718 4176 840 4225 Tiburtini
872 4176 966 4224 habuit.

276 4236 327 4309 agri
343 4236 506 4285 amoenitatem
522 4238 647 4287 luculenta
661 4240 715 4304 ejus
730 4240 836 4305 descrip·
900 4242 931 4288 21
944 4257 999 4305 sqq.
1011 4240 1096 4290 Teum
1102 4240 1295 4294 Salaminaeett.
1303 4238 1431 4294 Telamon,

277 4306 341 4348 trous
364 4302 532 4362 commendat;
558 4304 643 4351 transit
667 4318 723 4353 eum
748 4304 837 4353 fluvius
870 4304 992 4355 Salamine
1002 4320 1113 4368 mgnaos,
1123 4304 1184 4353 duos
1195 4303 1267 4359 filios,
1276 4303 1434 4351 Teucrumet

277 4364 372 4420 Albula,
388 4365 430 4429 qui
448 4365 474 4413 in
494 4366 558 4414 sonte
574 4368 680 4415 Albunea
695 4367 777 4425 oritur,
795 4370 838 4416 ubi
870 4367 1193 4433 Ajacem‚eaconditionein
1201 4365 1432 4431 bellumTrojanurn

276 4426 385 4489 ejusdem
401 4430 504 4479 nominis
518 4430 632 4497 Nympha
648 4432 728 4481 sedem
741 4433 779 4481 vel
797 4435 836 4479 do·
870 4433 987 4498 proticisci
999 4448 1085 4499 passus
1096 4440 1191 4491 erutor
1202 4431 1346 4481 neutersine
1357 4429 1434 4478 altero
