3150 5200
281 337 346 402 314
698 341 1023 410 SATIRARUM

366 487 477 573 Atque
492 490 564 574 ipsa
578 490 712 569 utilitas,
724 492 807 577 justi
822 517 925 578 prope
939 505 1043 560 mater
1056 506 1091 560 et
1105 496 1203 580 oequi.

366 591 479 664 Quum
487 604 728 677 prorepserunt
743 595 855 678 primis
870 597 1020 660 animalia
1034 597 1141 673 terris,

284 691 344 754 100
366 691 497 757 Mutum
512 703 546 758 et
561 704 657 779 turpe
671 717 784 779 pecus,
799 697 950 781 glandem
962 709 1061 782 atque
1076 698 1197 763 cubilia
1210 710 1346 783 propter

367 792 543 878 Unguibus
557 805 591 859 et
605 797 736 880 pugnis,
753 797 831 862 dein
844 797 998 877 fustibus,
1015 810 1114 883 atque
1128 802 1174 865 ita
1189 823 1288 886 porro

365 894 564 978 Pugnabant
579 898 687 975 armis,
703 921 777 981 quae
792 908 868 981 post
881 899 1097 966 fabricaverat
1111 924 1202 978 usus,

366 995 483 1060 Donec
499 998 608 1074 verba,
624 997 744 1080 quihus
759 1021 856 1063 voces
872 1021 1051 1086 sensusque
1065 1013 1228 1080 notarent,

365 1096 572 1181 Nominaque
587 1100 755 1178 invenere3
780 1100 900 1166 dehinc
914 1103 1076 1167 absistere
1090 1103 1188 1179 bello,

283 1200 344 1262 105
365 1199 503 1283 Oppida
517 1210 690 1284 eoeperunt
704 1202 842 1278 munire,
857 1212 892 1266 et
906 1224 1028 1286 ponere
1043 1203 1145 1287 leges,

365 1299 419 1364 Ne
434 1301 508 1384 quis
524 1300 577 1364 fur
591 1313 689 1377 esset,
705 1324 770 1366 neu
784 1302 879 1380 latro,
895 1325 960 1368 neu
972 1306 1046 1387 quis
1061 1305 1201 1369 adulter.

364 1401 452 1464 Nam
466 1400 529 1465 fuit
543 1413 618 1466 ante
635 1403 796 1468 Helenam
811 1425 936 1468 cunnus
950 1406 1126 1471 deterrima
1140 1407 1217 1472 belli

365 1502 484 1579 Causa,
501 1503 560 1568 sed
574 1503 694 1588 ignotis
710 1505 878 1588 perierunt
892 1508 1050 1572 mortibus
1066 1507 1123 1585 illi,

365 1604 459 1677 Quos
474 1603 637 1669 Venerem
652 1605 808 1670 incertam
822 1607 987 1690 rapientes
1001 1629 1090 1673 more
1105 1609 1245 1672 ferarum

282 1706 343 1767 110
364 1704 501 1770 Viribus
517 1707 636 1771 editior
649 1708 809 1784 caedebat,
821 1717 859 1771 ut
873 1709 907 1772 in
922 1731 1023 1794 grege
1037 1720 1162 1774 taurus.

363 1805 447 1871 dura
461 1808 592 1872 inventa
605 1819 694 1872 metu
709 1809 822 1894 injusti
838 1807 960 1875 fateare
975 1832 1108 1876 necesse
1123 1822 1184 1887 est,

364 1907 529 1992 Tempora
545 1911 572 1973 si
586 1908 754 1994 fastosque
769 1909 849 1974 velis
864 1911 1012 1976 evolvere
1025 1912 1148 1976 mundi.

278 2078 386 2126 Porrecto
392 2078 490 2142 jugulo,
502 2093 529 2126 ss
540 2077 696 2126 occidendum
707 2079 776 2143 quasi
788 2086 836 2126 tra·
869 2079 1005 2141 Sponrumus
1022 2091 1127 2144 negant,
1144 2081 1238 2145 quodve
1252 2081 1387 2146 spopondit.
1402 2097 1430 2132 se

277 2141 337 2190 dens
345 2141 453 2190 recitanti
459 2158 467 2201 ς
481 2157 537 2190 nam
546 2141 603 2190 mali
613 2141 738 2208 scriptores
749 2143 838 2207 scripta
870 2158 881 2189 s
913 2143 1025 2208 pondisse
1036 2144 1142 2209 negarit:
1160 2145 1209 2194 vid.
1217 2145 1429 2195 Ernest.inClav.

278 2219 322 2254 sus
336 2205 457 2255 recitando
467 2220 518 2262 eos,
529 2221 590 2270 quos
604 2223 630 2256 so
644 2206 727 2255 audire
738 2213 837 2270 cogunt,
870 2158 925 2256 Cili
937 2223 956 2255 s.
966 2223 1025 2258 voce
1034 2210 1147 2271 Spondere
1157 2218 1182 2258 et
1267 2211 1292 2256 '.

277 2272 377 2317 mcidere
393 2267 520 2319 dicuntur:
539 2270 571 2318 ci.
586 2270 629 2319 ini.
644 2271 721 2335 Epist.
737 2270 768 2318 ad
786 2271 837 2319 Pis.
902 2273 944 2330 96,
955 2272 996 2320 97.
1014 2273 1081 2328 Quis,
1099 2272 1208 2337 philosop
1225 2273 1233 2320 i
1250 2271 1362 2336 (Stoici),
1374 2273 1429 2337 qni·

278 2349 301 2380 v.
309 2335 366 2388 475,
377 2332 448 2387 Quem
459 2351 511 2381 uem
521 2336 634 2396 arripuit,
642 2343 702 2383 trust
711 2337 839 2398 occiditque
869 2335 924 2383 bns.
946 2335 1012 2392 Fere,
1019 2337 1097 2400 junge
1104 2352 1159 2384 cum
1166 2340 1247 2400 parim
1259 2336 1302 2384 sed
1311 2337 1429 2386 Butsrns

277 2397 370 2458 legendo
376 2414 384 2454 ,-
400 2406 424 2445 et
434 2397 490 2445 hinc
500 2398 613 2446 Horatius
623 2399 667 2447 ini.
676 2401 727 2447 Sat.
736 2397 753 2452 i,
763 2399 837 2457 9.74,
870 2399 941 2447 refert
943 2398 1165 2463 sercadiahorartt.
1193 2400 1308 2448 Lohornre
1316 2400 1369 2464 jam
1382 2410 1429 2458 cst,

276 2459 334 2506 dum
351 2459 381 2507 ab
393 2458 489 2508 homine
500 2463 595 2524 garrulo
610 2469 711 2519 tenetur,
724 2461 802 2528 lepide
813 2477 839 2512 se
870 2461 1012 2512 difficultate
1023 2463 1113 2530 premi;
1129 2481 1200 2527 quum
1211 2467 1341 2512 uentumcd
1351 2481 1430 2514 sensu

277 2525 618 2585 recommemorent.
652 2529 735 2584 Audit,
757 2525 840 2576 audire
871 2536 980 2582 est‚cnm
997 2543 1043 2584 res,
1056 2537 1084 2576 ut
1099 2544 1202 2593 quaque
1216 2543 1269 2577 rere
1283 2529 1429 2642 estgonds·

276 2588 379 2651 cogitur.
868 2600 943 2640 ratur.
983 2593 1073 2651 Sensus,
1096 2591 1183 2657 cuique
1205 2592 1305 2641 insitusr
1349 2592 1382 2641 ic.
1398 2592 1429 2643 ds

308 2652 350 2700 90.
368 2652 472 2708 buum,
490 2652 614 2701 instratum
637 2654 700 2703 lecto
722 2654 837 2704 triclinari
870 2654 925 2705 Fin.
940 2656 973 2711 iv,
987 2658 1026 2706 19.
1037 2674 1059 2705 s.
1076 2658 1118 2706 fin.
1137 2674 1214 2705 uarro
1230 2659 1291 2704 enim
1310 2661 1428 2720 cujusque,

277 2724 366 2763 vestem
377 2716 515 2778 stragulam.
869 2728 892 2767 ct
902 2730 990 2768 notura
1000 2738 1088 2777 rerum,
1104 2730 1171 2784 otpsu
1185 2724 1235 2783 ipra
1248 2723 1333 2768 seritur
1343 2722 1428 2771 claust

309 2782 351 2827 91.
379 2780 479 2835 Tritum,
504 2781 564 2829 torni
586 2797 632 2829 usu
658 2782 763 2830 effictum
786 2783 837 2832 sire
869 2784 1038 2845 quodammodo,
1058 2802 1104 2833 ron
1123 2802 1184 2847 posse
1202 2786 1296 2841 adduci,
1316 2796 1344 2831 ut
1366 2787 1428 2833 iuter

278 2850 414 2904 tornatum
432 2843 477 2893 tuit
487 2844 558 2909 igitur
567 2845 675 2910 dejectus
685 2845 727 2895 ille
739 2845 837 2895 catillus
868 2863 905 2894 eos
921 2866 966 2904 rer,
984 2866 1040 2911 quus
1055 2850 1115 2897 Zeno
1132 2858 1266 2911 crepuerat,
1278 2849 1339 2896 nihil
1355 2852 1429 2896 inter·

277 2916 384 2957 toreuma
400 2908 521 2959 Evandri:
540 2919 611 2957 terere
627 2926 669 2975 pro
687 2916 780 2959 tornare
795 2926 836 2959 sc·
868 2920 932 2959 esrst.
966 2913 1103 2975 Mororum
1125 2912 1254 2977 disciplina
1274 2912 1348 2970 enirn,
1374 2928 1429 2976 que

276 2971 370 3037 cipiunt
389 2973 460 3021 etiam
479 2973 544 3039 apud
562 2973 632 3039 Virg.
650 2975 712 3024 Geo.
733 2973 759 3031 ii,
778 2978 836 3032 444,
868 2973 942 3022 vitam
961 2992 1086 3088 moresppe
1098 2976 1242 3032 moderatur,
1254 2984 1353 3040 peccata
1369 2976 1429 3025 leri·

276 3038 331 3085 hirc
352 3039 429 3085 radios
447 3040 531 3087 trivere
550 3042 621 3097 rotir;
639 3038 732 3088 scilicet
752 3039 837 3087 artifex
869 3054 910 3086 ora
920 3053 935 3086 a
946 3040 1044 3103 graviori
1061 3040 1234 3103 usdistinguit.

275 3102 313 3149 vel
324 3110 391 3150 torno
402 3102 431 3165 (a
442 3103 520 3167 tripu,
533 3102 627 3168 riropa.
639 3114 695 3159 tero,
708 3103 786 3166 trivi),
799 3102 836 3152 rel
902 3104 944 3151 98.
963 3108 1036 3167 Atque
1050 3108 1100 3167 ipro
1113 3106 1214 3160 utilitas,
1226 3112 1283 3152 cett.
1296 3102 1428 3153 secundnm

276 3165 345 3222 carlo,
357 3167 395 3216 vel
410 3168 459 3215 scol
479 3184 504 3215 ro
519 3167 596 3216 eradit
609 3176 633 3216 et
643 3165 729 3217 deterit
744 3182 773 3215 er
784 3182 836 3213 ma·
869 3167 1009 3217 sententiam
1028 3167 1208 3234 Epicureorum,
1226 3168 1277 3232 qui,
1295 3168 1361 3232 quod
1377 3182 1428 3217 rec-

277 3229 345 3287 toria,
358 3230 422 3295 quod
434 3184 490 3279 inis
506 3230 619 3280 detritum
631 3232 697 3291 rult;
715 3246 775 3295 opus
792 3246 835 3278 au·
869 3238 920 3277 tnm
936 3239 961 3280 et
977 3248 1072 3295 aeqnum
1089 3241 1161 3289 ost,a
1178 3232 1298 3280 communi
1315 3232 1427 3280 humanas

277 3300 323 3341 tarn
341 3294 467 3359 insculptis
485 3295 566 3357 figuris
582 3293 722 3343 distinctum
738 3302 837 3343 vocatur
868 3294 989 3343 societatis
999 3295 1102 3344 utilitate
1111 3305 1229 3361 repetunt.

277 3357 315 3403 vel
336 3364 442 3405 toreuma
462 3358 499 3405 vel
522 3373 582 3422 opus
603 3357 735 3406 caelatum:
766 3358 835 3424 Virg.
899 3358 941 3407 99.
956 3360 1033 3412 Quum
1043 3370 1213 3421 prorepserunt,
1221 3368 1278 3407 cett.
1297 3361 1358 3409 llaec
1367 3374 1428 3424 quo·

277 3419 331 3467 Ecl.
354 3420 388 3477 iii,
415 3421 520 3475 37—39,
546 3420 576 3470 de
604 3420 699 3469 duobus
726 3422 833 3485 poculis:
868 3436 916 3485 que
925 3422 955 3471 dc
965 3423 1041 3488 primo
1051 3424 1144 3487 generis
1153 3423 1251 3471 humani
1260 3433 1312 3471 ortu
1324 3431 1349 3471 ct
1359 3424 1428 3472 cultu

275 3484 379 3531 calutum
399 3486 475 3532 diuini
495 3502 550 3547 opto
568 3486 742 3533 Alcimedontis:
761 3486 835 3534 Lenta
868 3486 971 3534 narratio
989 3486 1020 3535 sd
1039 3486 1209 3553 Epicureorum
1226 3488 1371 3535 sententiam
1388 3502 1428 3535 ac·

275 3546 511 3613 quiturtoruosacilt
527 3550 741 3611 superadditauitis
753 3549 835 3613 Diffu-
869 3550 1019 3599 commodata
1038 3559 1084 3599 est.
1126 3550 1309 3616 Comparandus
1331 3551 1429 3600 omnino

276 3612 710 3677 rastederavestitpoitentecorymhor.
728 3612 836 3661 Euander
869 3614 984 3665 Horatius
1003 3630 1058 3663 curn
1077 3615 1189 3663 Lucretio
1205 3631 1229 3671 v,
1248 3616 1298 3663 933
1316 3630 1344 3679 sq
1364 3616 1429 3663 .nbi

278 3673 323 3721 tuit
341 3674 419 3722 clarus
438 3675 544 3733 celator,
562 3675 613 3742 qui,
633 3686 661 3725 ut
679 3677 748 3725 resen
766 3685 837 3725 vetus
869 3676 992 3725 hominurn
1010 3694 1024 3727 c
1042 3686 1104 3727 terra
1120 3686 1228 3726 natorum
1246 3679 1304 3736 vita,
1322 3678 1354 3727 ha
1372 3680 1428 3737 itus,

276 3736 430 3794 scholiastes,
443 3754 457 3787 a
474 3742 512 3788 M.
526 3740 632 3789 Antonio
644 3740 746 3790 Athenis
759 3740 835 3789 Aler-
869 3740 1000 3805 ingenium,
1013 3751 1038 3791 et
1048 3758 1125 3791 mores
1135 3742 1311 3791 describuntur.
1341 3744 1428 3791 Pristis

277 3802 384 3850 andriam
401 3804 539 3861 translatus,
555 3814 579 3853 et
593 3804 647 3853 inde
658 3805 719 3852 inter
730 3805 837 3869 captivos
869 3809 947 3862 terris,
964 3805 1040 3870 primo
1057 3816 1172 3871 tempore,
1191 3823 1240 3871 quo
1257 3807 1307 3855 nati
1326 3816 1383 3855 sunt
1402 3807 1427 3855 in

278 3868 383 3915 Romam
399 3867 523 3927 deductus,
535 3871 611 3919 multa
630 3884 702 3935 opera
718 3868 838 3917 mirabilia
869 3876 931 3917 terra
942 3870 1087 3933 (animalis)
1097 3870 1214 3919 homines.

277 3931 361 3980 iecisse
379 3931 487 3981 traditur.
521 3934 583 3983 Fieri
597 3948 693 4008 quoque
709 3931 796 3997 potuit,
810 3941 838 3980 ut
906 3934 959 3983 100.
983 3935 1080 3982 Mutum
1100 3944 1123 3983 et
1145 3944 1213 3996 turpe
1234 3950 1310 3994 μου,
1336 3934 1427 3984 similos

277 3996 385 4061 dejectus
401 3995 443 4045 ille
462 3997 557 4046 catillus
574 4014 658 4064 prrscae
678 3996 754 4046 aetatis
774 4012 835 4061 opus
867 3996 955 4061 pecori,
966 3998 1032 4062 quod
1050 3998 1156 4046 nondum
1168 3997 1235 4062 loqui
1249 3996 1426 4055 didicentes

276 4070 339 4110 esset
351 4063 393 4123 (ut
403 4060 446 4108 inl.
458 4062 510 4109 Sat.
522 4062 547 4119 ii,
557 4065 580 4120 4,
593 4065 633 4117 90,
645 4072 708 4111 vetius
719 4060 834 4120 matera),
867 4060 919 4110 sine
935 4062 986 4109 ullo
1003 4062 1080 4119 cultu,
1097 4063 1160 4110 sicut
1178 4076 1262 4128 pecus,
1274 4061 1426 4111 incedebant.

294 4124 341 4173 uod
361 4123 416 4173 olim
437 4125 555 4183 Evander,
572 4124 772 4176 celebratissimus
792 4124 833 4173 ille
865 4126 980 4174 Giandcm
1001 4137 1071 4189 utque
1092 4128 1180 4174 erabitis
1198 4135 1307 4188 propter:
1329 4128 1424 4175 Lucret.

276 4142 363 4247 licus,
380 4191 484 4237 monitus
500 4193 601 4245 triverit,
621 4191 646 4240 h.
659 4207 681 4238 e.
697 4188 832 4244 versaverit,
865 4190 883 4237 1.
901 4190 919 4237 l.
935 4207 959 4236 v.
976 4192 1033 4245 937,
1052 4190 1207 4255 Glandiferus
1227 4192 1290 4237 iuter
1311 4194 1425 4239 curatam

276 4252 419 4302 tractaverit.
451 4252 491 4301 Sic
502 4253 546 4301 ini.
558 4256 609 4303 Sat.
617 4256 643 4311 ii,
654 4256 678 4310 3,
690 4256 731 4309 20,
745 4252 834 4301 mentio
865 4270 960 4315 corpora
970 4270 1075 4316 quercus.

276 4319 301 4365 tit
313 4321 373 4366 uaris
383 4320 448 4374 arrei.
460 4334 503 4381 quo
515 4318 624 4381 Sisyphus
634 4322 700 4381 pedes
711 4319 802 4365 iuuerit.
901 4318 958 4366 101.
974 4318 1074 4382 Pugnis,
1087 4334 1101 4365 a
1110 4334 1214 4380 pugnus.

302 4382 834 4447 93sqq.Hoc,obhociactnm,obpraereptum
900 4382 955 4429 102.
974 4382 1042 4436 Usus,
1063 4382 1147 4430 utendi
1168 4381 1198 4429 iis
1220 4380 1358 4437 necessitas,
1375 4380 1425 4430 rire

276 4445 834 4576 ‘stittttlttz“itt-¹,Stttrt535'i
866 4445 1425 4573 ..ttstit.{tttlttttittttttt
