3150 5200
721 337 1027 404 CARMINUM

551 488 627 552 «lam
642 512 728 555 nunc
743 503 777 556 et
791 493 931 556 incestos
948 513 1074 557 amores

596 591 650 656 De
666 604 779 658 tenero
794 595 969 658 meditatur
984 594 1097 678 ungui.

444 693 487 755 to
509 691 592 758 Mox
601 696 749 779 juniores
764 697 882 779 quoerit
896 695 1062 761 adulteros

508 795 598 861 Inter
612 799 718 860 mariti
732 799 823 862 vina:
847 821 953 881 neque
968 797 1069 882 eligit,

549 898 611 962 Cui
626 899 727 963 donet
741 901 944 984 impermissa
958 902 1077 985 raptim

594 1001 738 1078 Gaudia,
754 1001 929 1066 luminibus
946 1005 1077 1067 remotis
1090 1031 1098 1082 ;

510 1101 576 1166 Sed
588 1104 682 1187 jussa
696 1125 805 1167 coram
819 1126 885 1167 non
901 1105 969 1168 sine
985 1105 1115 1170 conscio

360 1216 363 1220 ’
440 1205 484 1267 30
506 1204 619 1290 Surgit
633 1206 759 1282 marito,
776 1228 834 1270 seu
849 1217 943 1270 vocat
958 1207 1098 1282 institor,

551 1309 617 1373 Seu
632 1308 722 1372 naris
737 1308 898 1392 Hispanae
912 1310 1077 1392 magister,

593 1410 804 1474 Dedecorum
819 1411 982 1494 pretiosus
998 1421 1111 1474 emtor.

506 1512 585 1576 Non
599 1511 651 1574 his
662 1512 818 1595 juventus
834 1522 907 1575 orta
921 1514 1112 1596 parentibus

507 1613 624 1677 infecit
638 1635 751 1696 sequor
766 1614 924 1698 sanguine
941 1613 1077 1690 Punico,

444 1717 487 1779 35
554 1714 781 1799 Pyrrhumque
796 1727 830 1779 et
845 1717 1008 1800 ingentem
1023 1718 1143 1782 cecidit

591 1816 802 1895 Antiochum,
819 1817 1103 1903 Hannibalemque
1120 1820 1242 1884 dirum:

505 1919 574 1984 Sed
588 1922 784 1985 rusticorum
799 1921 942 1986 mascula
956 1921 1092 1986 militum

506 2022 631 2099 Proles,
649 2021 787 2087 Sabellis
803 2022 901 2086 docta
917 2021 1080 2108 ligonibus

547 2123 691 2188 Versare
706 2123 831 2209 glebas,
848 2134 882 2188 et
898 2147 1020 2189 severae

439 2226 483 2290 40
591 2226 711 2290 Matris
726 2226 767 2289 ad
784 2226 954 2290 arbitrium
968 2228 1089 2292 recisos

288 2346 361 2394 Iones
375 2347 441 2394 enim
459 2359 516 2393 eum
532 2343 652 2392 advitam
674 2343 805 2392 molliorem
827 2351 851 2392 et
883 2343 981 2393 maritus
998 2344 1056 2394 iorte
1073 2345 1223 2402 interveniat,
1240 2347 1366 2398 commodo
1382 2357 1444 2398 tem-

287 2410 412 2459 libidiuem
445 2408 580 2457 rocliriores
594 2417 681 2464 essent,
697 2423 779 2456 eorum
795 2423 850 2472 pro·
882 2407 947 2472 poris
956 2418 1076 2458 momento
1086 2419 1164 2458 utens.
1198 2411 1337 2461 Lumiaibus
1344 2417 1444 2470 nane,

288 2474 347 2522 torvi
355 2472 419 2522 etsd
428 2426 552 2520 libidinem
563 2473 714 2521 excitandam
725 2473 850 2537 compositi
882 2475 986 2522 tenebre
1000 2473 1064 2524 enim
1080 2475 1139 2524 alias
1153 2474 1251 2524 furtivos
1263 2491 1356 2525 amores
1365 2476 1446 2528 celare

288 2553 364 2586 mores
379 2538 405 2585 in
421 2536 572 2602 proverbium
588 2537 712 2595 abieruut;
729 2536 848 2585 binc'los·
882 2537 970 2587 solent.
1016 2540 1098 2586 Caram
1115 2557 1159 2588 non
1178 2542 1226 2588 siae
1243 2544 1330 2589 conseia
1349 2546 1444 2599 marita,

288 2606 345 2663 stes)
363 2603 475 2677 ὄρχησις,
486 2600 512 2648 b.
524 2617 547 2649 e.
559 2601 654 2649 saltatio
673 2601 771 2657 lasciva,
783 2602 849 2667 apud
881 2618 962 2651 coram
979 2604 1084 2653 convivis
1100 2620 1145 2654 nec
1162 2604 1238 2653 inscio
1257 2607 1358 2667 marito;
1375 2607 1443 2671 ejus·

288 2666 380 2715 Athen.
392 2682 410 2724 r,
425 2667 463 2722 19,
471 2682 500 2777 p.
511 2667 554 2721 22,
566 2674 591 2714 al
608 2664 727 2715 lucavos
736 2666 849 2725 Ἰωνικῶς
881 2668 944 2717 modi
953 2668 1052 2717 maritus
1060 2669 1123 2735 apud
1135 2669 1299 2727 loventot,
1309 2673 1445 2721 adesls'esns

288 2730 353 2795 apud
374 2731 470 2794 Aristop
490 2765 496 2777 .
513 2729 631 2779 Concion.
650 2732 707 2786 913,
728 2739 752 2784 et
770 2731 847 2781 Thes·
880 2735 990 2795 vigilanti
1011 2744 1105 2782 stertere
1125 2751 1180 2782 naso
1198 2734 1294 2783 dicitur.
1334 2735 1444 2793 Institor,

287 2811 327 2845 mo
344 2795 369 2843 h.
392 2796 447 2851 170,
470 2794 512 2843 ubi
537 2793 665 2843 Scholiast.
686 2797 714 2844 sd
735 2795 849 2854 Ἰωνικῶς
880 2796 919 2844 eui
930 2808 1082 2847 amercatore
1093 2796 1117 2845 id
1129 2796 1339 2863 daturnegotii,ut
1350 2815 1446 2849 merces

287 2813 392 2973 xplicst
413 2859 506 2925 ἁβρῶς,
528 2863 658 2923 τριφερῶς.
702 2860 779 2907 Molas
807 2876 849 2935 pro
880 2860 983 2909 ostiatim
1007 2862 1102 2911 venales
1124 2861 1281 2919 circumierat,
1305 2866 1446 2914 mercatoris

324 2924 421 2982 tatione,
433 2934 461 2973 ut
476 2927 560 2973 morai
574 2941 616 2989 pro
630 2924 736 2974 saltare:
755 2923 788 2972 cl.
805 2925 848 2973 ruf.
881 2925 1033 2975 administer:
1053 2926 1099 2973 'am
1111 2942 1167 2975 varo
1182 2942 1237 2975 cum
1252 2928 1398 2994 temporibus
1412 2930 1444 2977 li-

287 2989 318 3038 ad
336 2990 413 3056 Epist.
427 2988 458 3037 sd
475 2989 528 3039 Pis.
541 3005 564 3038 r.
579 2990 636 3038 214.
671 2990 763 3045 Doceri,
779 3004 847 3037 sca
880 2988 942 3037 bera
965 2990 1047 3056 reipub
1058 2990 1101 3039 icae
1123 2990 1175 3056 ipss
1192 3000 1324 3041 momatur:
1341 2992 1445 3043 bonate

286 3054 447 3119 pantomimis,
462 3054 625 3111 histrionibus,
636 3054 673 3103 rel
690 3057 769 3103 luteris
784 3057 846 3101 arti·
878 3054 931 3102 cire
950 3056 1061 3105 Romano
1076 3054 1176 3119 indigna
1190 3056 1323 3112 haberetur,
1335 3072 1380 3107 nee
1395 3058 1444 3107 nisi

279 3123 376 3183 ficibus,
394 3128 422 3169 ut
442 3120 562 3185 ejusmodi
583 3118 695 3183 nequitias
721 3117 847 3181 magistros
879 3132 893 3166 a
915 3118 973 3168 lace
995 3119 1072 3185 plebis
1095 3119 1258 3184 libertinisque
1279 3131 1427 3171 exerceretur
1434 3140 1442 3183 ;

287 3200 302 3232 a
318 3186 395 3250 pellat
405 3185 478 3233 Osid.
490 3190 545 3234 Art.
557 3184 616 3232 Am.
627 3183 662 3238 iii,
674 3185 732 3239 ³51,
744 3182 786 3230 ubi
797 3181 845 3230 rid.
878 3182 963 3233 mulier
975 3198 1041 3239 sane,
1053 3183 1166 3232 institoris
1177 3184 1236 3233 adeo
1248 3185 1343 3233 libidini
1352 3202 1443 3236 rnorem

287 3203 371 3299 Bpurm.
405 3251 507 3305 Gaudet,
518 3248 542 3296 ri
553 3247 660 3296 libidinis
676 3261 761 3311 nempe
776 3260 846 3311 apa·
894 3262 970 3304 erens,
986 3248 1117 3313 turpissimi
1135 3249 1166 3296 fle
1183 3249 1218 3296 'tii
1234 3250 1330 3315 culpans
1347 3258 1440 3299 conue-

286 3314 392 3362 rentibus
402 3312 479 3361 insite
490 3311 638 3360 stimulante.
666 3310 846 3373 Fingitarnrti·
879 3262 934 3361 herc
952 3312 1069 3372 debebat3
1093 3312 1150 3361 hinc
1193 3314 1281 3362 oratius
1300 3315 1343 3363 inl.
1362 3316 1441 3381 Epod.

285 3380 436 3432 lamecum
469 3377 505 3423 nit
515 3376 546 3424 ad
557 3390 598 3423 eas
609 3384 679 3430 artes,
691 3374 780 3438 quibus
791 3374 846 3423 libi·
881 3377 920 3433 17,
938 3378 971 3426 20
988 3375 1158 3426 contumeliose
1173 3377 1203 3426 de
1225 3378 1337 3435 Canidia,
1357 3382 1442 3429 Amata

285 3440 424 3488 dinosossd
444 3438 541 3487 ibidinis
556 3439 647 3488 fructus
660 3439 724 3503 apud
740 3454 766 3487 se
780 3440 846 3505 capi·
879 3443 978 3489 rosaltum
996 3446 1076 3490 nantis
1090 3452 1111 3489 et
1131 3443 1282 3490 institoribus.
1315 3444 1362 3491 Seu
1375 3450 1442 3493 anuis

285 3505 359 3553 endas
370 3503 483 3569 pelliciat.
516 3506 612 3553 Artibus
623 3513 660 3551 est
673 3518 744 3552 casus
755 3503 846 3553 tertius.
879 3505 1112 3571 Hispanaemngistsr,
1122 3520 1164 3554 seu
1173 3506 1223 3571 ipsa
1232 3516 1363 3567 mercatam
1376 3508 1442 3557 iden-

287 3569 323 3617 De
345 3579 422 3617 tenero
444 3570 530 3632 ungri,
555 3567 581 3624 ἐξ
606 3567 714 3617 ἁπαλῶν
736 3568 845 3633 ὀνύχων.
878 3586 926 3643 que
947 3570 998 3619 sine
1016 3572 1080 3619 omni
1100 3570 1316 3626 discriminante
1337 3572 1444 3621 famulus

286 3632 389 3697 Egregie
400 3633 492 3681 adrem
503 3632 544 3681 Cl.
556 3632 725 3681 Mitsch.cum
745 3633 845 3683 Horatio
878 3649 926 3682 sive
938 3632 1115 3685 dominusseei
1126 3634 1209 3683 offerat
1218 3634 1360 3685 adulterum.
1385 3638 1441 3687 Ma-

285 3697 845 3836 lillpblhlllg‘imlld”lissdllii'alli
875 3699 1441 3830 t‘l‘ttttlitlttttllpthtitlttt

285 3825 410 3887 Jacobs),
421 3826 463 3875 ubi
475 3826 583 3876 Asiatica
593 3826 700 3875 saltatrix
711 3826 746 3874 sic
755 3825 844 3875 descri-
877 3826 921 3885 ris,
935 3828 1082 3877 naviculator
1093 3829 1131 3877 vel
1144 3839 1259 3879 mercator
1270 3829 1442 3894 intelligendus

285 3891 362 3941 bitur:
381 3894 435 3953 Tria
451 3890 506 3942 ἀπὸ
519 3895 566 3951 τῆς
580 3891 667 3953 Ἀσίης
684 3890 844 3957 ὀρχηστρίδα,
877 3900 921 3940 est.
942 3892 1060 3955 Hispone,
1072 3909 1114 3959 pro
1125 3894 1208 3956 quavis
1219 3894 1273 3942 nuri
1284 3896 1440 3958 mercatorie;

285 3959 335 4017 niv
354 3955 513 4038 rasorixporc
536 3954 720 4039 zxs'rpr'rssalss
735 3955 845 4039 draibi:
876 3964 1018 4031 mercatores
1034 3958 1098 4006 anim
1114 3958 1220 4006 Romani
1236 3958 1261 4006 in
1274 3958 1440 4025 Hispaniam·

283 4023 846 4149 lttllllllttttlltttttt
875 4022 1440 4159 lll‘ltttttmltti‘llltldt‘t}

285 4150 329 4201 ὦδε
340 4153 382 4201 rui
396 4150 441 4203 dte
456 4150 539 4216 χέρας·
555 4150 845 4200 clairmannum.
876 4149 982 4197 libidinis
992 4150 1071 4199 fructu
1080 4151 1183 4200 solvens.

284 4217 332 4265 rol.
343 4218 369 4275 ii,
381 4232 436 4283 pass
446 4216 472 4273 ii,
483 4232 508 4281 p.
521 4217 577 4265 129.
909 4216 1016 4263 33-44.
1034 4215 1160 4280 Ejusmodi
1168 4214 1291 4279 flagitiosis
1302 4216 1440 4281 parentibus

315 4284 422 4331 2542
433 4282 495 4338 Mor,
502 4280 591 4345 conjux
599 4296 684 4346 nempe
696 4281 772 4331 lacta:
785 4285 847 4330 inter
879 4279 942 4327 haud
953 4288 1003 4327 orta
1014 4288 1050 4328 est
1059 4280 1116 4329 olim
1126 4280 1169 4329 ills
1178 4281 1263 4355 pubes,
1272 4296 1328 4345 quse
1339 4282 1365 4329 in
1376 4280 1440 4329 bella

284 4350 365 4395 mariti
380 4349 444 4404 nno,
457 4345 482 4393 in
498 4346 680 4410 compotatione,
692 4347 731 4395 cui
746 4347 844 4395 maritus
877 4344 971 4393 Punico
988 4344 1063 4409 primo
1079 4360 1144 4394 mars
1160 4344 1268 4393 Siculum
1284 4345 1440 4407 Carthagini·

283 4409 389 4461 interest.
413 4412 459 4459 Cui
470 4413 537 4459 donet
547 4411 686 4470 impermista
693 4414 792 4475 gaudio,
803 4409 843 4459 cui
875 4408 969 4457 ensium
980 4410 1097 4471 sanguine
1107 4409 1198 4465 infecit,
1209 4418 1234 4457 et
1244 4409 1372 4473 Pyrrhum,
1384 4409 1440 4457 Au·

283 4475 363 4523 furtim
379 4474 416 4524 sui
433 4475 525 4540 copiam
543 4473 631 4534 iaciat;
650 4477 750 4537 gradis,
765 4475 796 4523 de
813 4474 843 4522 li·
875 4473 991 4528 tiochum,
1010 4473 1220 4537 Hannibalemque
1236 4474 1303 4528 vicit,
1321 4474 1363 4523 sed
1384 4490 1439 4539 pro-

282 4539 372 4588 bidinis
388 4541 466 4589 fructu
481 4540 588 4606 passim
604 4542 699 4600 ruptim,
710 4539 800 4597 furtim,
813 4554 843 4588 nc
875 4546 947 4600 gnate
961 4547 998 4586 est
1014 4536 1062 4586 ruri
1079 4553 1093 4586 s
1109 4536 1212 4587 robustis
1231 4538 1380 4602 parentibus,
1398 4539 1441 4603 qui
