3150 5200
576 332 740 399 LIBER
761 334 806 413 ll,
829 334 878 399 la
1242 333 1302 396 103

406 484 575 569 Sedesque
591 486 749 551 discretas
764 486 903 569 piorum,
919 497 952 552 et

450 586 570 653 AEoliie
588 588 709 652 fidibus
725 597 915 671 querentem

299 690 342 751 25
364 688 501 773 Sappho
516 689 633 773 puellis
649 690 691 753 de
706 688 937 773 popularibus3

363 789 410 853 Et
424 801 458 855 te
473 800 641 855 sonantem
655 789 782 875 plenius
797 811 909 867 aureo,

406 890 531 969 Alcaee,
547 891 672 976 plectro
688 892 770 955 dura
785 892 888 969 navis,

450 992 546 1057 Dura
561 992 648 1078 fugas
663 993 758 1071 mala,
771 994 854 1057 dura
867 992 955 1059 belli.

365 1093 550 1180 Utrumque
566 1116 658 1160 sacro
674 1096 774 1179 digna
787 1094 915 1159 silentio

300 1196 344 1259 30
365 1195 530 1260 Mirantur
545 1195 681 1261 Umbrae
697 1195 806 1261 dicere
815 1223 824 1275 3
848 1196 908 1260 sed
921 1197 1024 1281 magis

407 1296 542 1383 Pugnas
557 1308 591 1363 et
606 1306 739 1363 exactos
756 1308 910 1381 mannos

451 1398 600 1463 Densum
615 1398 759 1463 humeris
774 1397 859 1464 bibit
874 1422 953 1463 aure
967 1398 1094 1483 vulgus.

365 1500 457 1574 Quid
471 1501 608 1565 mirum?
631 1501 688 1564 ubi
704 1499 766 1563 illis
782 1502 977 1564 carminibus
994 1511 1128 1585 stupens

364 1602 517 1667 Demittit
531 1612 619 1667 atras
634 1601 743 1667 bellua
758 1601 923 1687 centiceps

299 1705 342 1767 35
407 1703 528 1782 Aures,
544 1716 579 1769 et
593 1704 706 1768 intorti
720 1704 845 1789 capillis

445 1805 666 1870 Eumenidum
678 1816 867 1871 recreantur
882 1829 1024 1891 angues3

364 1906 454 1979 Quin
468 1917 502 1971 et
518 1906 735 1973 Prometheus
750 1916 784 1971 et
800 1906 933 1992 Pelopis
946 1930 1065 1993 parens

366 2007 467 2072 Dulci
481 2008 629 2074 laborum
644 2010 807 2093 decipitur
823 2031 920 2073 sono:

178 2195 287 2243 iti-28.
305 2194 337 2243 Et
352 2206 373 2242 re
389 2207 505 2244 commem
520 2197 612 2257 plenior
629 2213 707 2251 narso,
740 2194 871 2243 densantur
887 2202 912 2244 et
929 2194 1098 2258 glomerantur,
1111 2203 1139 2244 ut
1149 2194 1254 2243 humeris
1263 2194 1301 2243 in·

141 2262 230 2316 Anae,
243 2261 339 2319 plectro,
352 2268 376 2307 et
390 2266 422 2317 te,
435 2258 528 2317 Alone,
539 2260 644 2323 graviore
655 2275 707 2308 car·
740 2258 816 2307 vicem
836 2275 861 2306 se
899 2267 991 2308 remant
1012 2267 1153 2324 terantque:
1178 2258 1212 2307 ci.
1232 2258 1301 2323 Virg.

141 2323 218 2371 minis
225 2338 311 2385 genere
318 2330 452 2371 cantantem
459 2321 532 2371 duros
540 2324 707 2387 labores,quos
740 2324 803 2372 Geo.
814 2323 847 2379 iv,
859 2276 907 2372 tls
919 2340 972 2397 sqq.
1005 2324 1070 2371 Aure
1080 2327 1146 2379 bibit,
1159 2321 1247 2387 cupide
1257 2338 1301 2371 au·

141 2387 172 2435 in
192 2386 244 2435 na'
279 2386 352 2443 tione,
368 2386 461 2443 exsilio,
478 2396 502 2437 et
520 2388 583 2436 bello
600 2388 707 2439 exantla-
738 2386 794 2434 dits
822 2387 930 2452 Propert.
948 2386 1020 2442 iri,6,
1036 2390 1061 2443 s,
1079 2388 1302 2449 summissioribus

142 2450 218 2501 veris.
272 2451 340 2514 angit
349 2450 420 2515 igitur
430 2460 570 2515 argumenta
581 2453 612 2500 ab
623 2452 708 2501 Alcaeo
741 2453 785 2498 ista
799 2452 855 2498 bibi.
888 2452 975 2516 Magis,
986 2451 1119 2515 grandioris
1128 2451 1192 2500 enim
1207 2450 1303 2514 spiritus

142 2516 174 2564 in
185 2514 328 2563 canninibus
344 2514 394 2563 suis
408 2522 517 2564 tractata.
549 2518 635 2565 Serme
645 2518 707 2579 pter·
741 2516 848 2563 carmina
860 2516 937 2579 magis
948 2515 1081 2580 percellunt
1091 2513 1238 2564 audientium
1249 2514 1302 2562 nni·

144 2591 187 2630 tro
206 2582 276 2638 mu,
292 2580 379 2638 lacere,
396 2588 423 2629 ut
440 2588 525 2630 sonent
541 2580 576 2630 vel
598 2588 709 2630 resonent
740 2594 800 2628 mos.
839 2580 944 2645 Pugnae,
965 2580 990 2628 h.
1010 2594 1032 2630 e.
1055 2580 1175 2637 Alcaeum,
1198 2593 1302 2645 pugnas,

165 2644 238 2694 lectra
254 2644 326 2701 mala,
339 2660 381 2709 pro
399 2645 516 2720 simplice,
533 2647 596 2693 mala
613 2661 707 2694 canere.
739 2645 828 2707 quibus
853 2643 948 2709 tyranni
967 2644 1047 2693 exacti
1072 2651 1138 2702 sunt,
1159 2652 1301 2704 canentem;

172 2710 254 2764 lenius,
276 2707 379 2772 gratim,
400 2708 492 2758 lortius.
530 2710 589 2774 Ipsa
612 2710 708 2776 Sapha
739 2708 829 2757 cecinit
843 2709 914 2773 igitur
933 2708 997 2758 bella
1015 2708 1103 2766 civilia,
1122 2724 1137 2756 a
1155 2707 1303 2772 Mitylenaeis

143 2771 212 2838 apud
224 2772 296 2821 ovid.
309 2771 407 2822 Heroid.
417 2790 455 2829 xv,
465 2775 505 2831 30,
515 2788 540 2822 se
551 2789 606 2822 cum
615 2727 706 2830 Aliso.
739 2781 822 2820 cenna
841 2780 954 2837 tyrannos
973 2780 1047 2828 mota,
1064 2789 1166 2836 quorum
1186 2771 1236 2837 ipse
1252 2771 1302 2820 dux

143 2837 230 2901 patrie
241 2839 346 2902 lyneque
356 2845 474 2894 consorte,
482 2853 630 2902 compmans,
638 2837 707 2887 illurn
740 2834 817 2886 lactus
828 2845 864 2885 est
871 2855 879 2898 3
896 2847 981 2885 cronos
993 2846 1002 2884 t
1021 2855 1112 2891 rennos,
1124 2836 1155 2885 ad
1167 2851 1208 2884 eos
1217 2843 1302 2901 praeter

141 2904 262 2964 grandius
272 2917 361 2956 entare,
372 2910 397 2950 at
408 2917 434 2950 se
444 2904 592 2950 bturrdinims
604 2906 707 2951 earmina
741 2899 863 2949 Pittacum
880 2909 905 2950 et
919 2854 1048 2964 Myrsilhm
1065 2900 1153 2966 plures,
1166 2898 1208 2964 qui
1224 2915 1302 2948 rerum

143 2963 226 3014 dicere
237 2965 279 3013 ait.
312 2967 398 3019 Aureo,
409 2965 530 3030 epitheton
543 2981 646 3025 ornans;
663 2965 706 3024 sic,
740 2965 810 3028 potiri
820 2971 942 3030 cuperent,
954 2963 1104 3030 pertinuisse,
1116 2980 1146 3014 ex
1162 2965 1240 3012 Strab.
1252 2962 1302 3020 xiii,

144 3037 176 3076 ut
186 3029 296 3078 observat
306 3029 345 3078 Cl.
357 3029 456 3078 Mitsch.
467 3028 565 3077 Pindar.
574 3029 674 3095 Pythti,
685 3033 707 3088 l,
740 3044 766 3092 p.
778 3028 827 3077 917
840 3027 942 3091 intelligi
954 3035 1040 3092 potest.

145 3093 257 3158 χρυσέαν
266 3093 401 3159 φόρμιγγα,
412 3102 437 3142 et
448 3094 520 3142 Nem.
532 3111 556 3151 v,
568 3095 608 3150 st,
620 3095 708 3160 χρύσε-
774 3093 881 3140 33-40.
898 3093 963 3145 Quid
980 3092 1086 3140 miram?
1108 3090 1205 3138 umbras
1222 3089 1302 3140 delec-

144 3176 180 3208 ον
189 3159 319 3222 πλᾶετρον
326 3156 435 3223 Apollini
446 3156 539 3206 tribuit.
564 3158 634 3206 Dura
643 3162 709 3208 ιιιιιιὶι
741 3156 785 3204 tari
802 3156 955 3211 carminibus,
968 3155 1054 3220 quibus
1069 3155 1187 3204 Cerberus
1203 3153 1264 3202 adeo
1278 3163 1305 3203 et

145 3221 332 3286 msia,intellige
339 3221 610 3287 tempestatesmarinas.
626 3223 707 3286 Fuge,
742 3221 820 3269 Furiae
831 3219 991 3269 delectantur!
1014 3221 1075 3269 Com
1093 3218 1303 3267 araomninocum

143 3285 237 3342 exsilii,
251 3287 277 3334 in
292 3285 357 3350 quod
375 3301 390 3334 a
407 3285 510 3336 civitatis
526 3301 576 3334 sure
593 3287 707 3350 tyrannis,
741 3285 841 3332 Horatio
853 3283 923 3348 virg.
932 3283 1035 3339 Geniv,
1044 3235 1092 3331 til
1104 3298 1157 3356 sqq.
1167 3282 1210 3330 nbi
1220 3281 1304 3331 cadem

145 3349 255 3413 Myrsilo
274 3357 299 3398 et
314 3350 417 3406 Pittaco,
434 3350 551 3416 expulsus
569 3350 647 3398 iuerat
662 3352 708 3399 Al·
740 3348 764 3396 vi
775 3348 840 3414 apud
851 3348 938 3397 inferos
948 3363 1036 3397 canens
1046 3347 1167 3395 inducitur
1177 3345 1304 3458 Orphens;

145 3427 224 3462 caeus.
242 3415 311 3462 Dara
321 3416 383 3470 beiti,
392 3413 482 3462 bellum
493 3414 642 3478 Mitylenaeis
654 3432 708 3464 cum
742 3428 786 3462 nec
797 3413 921 3478 utriusque
931 3420 1007 3478 poete
1019 3411 1148 3460 imitatores
1160 3411 1207 3458 Ovi
1225 3413 1305 3459 ,Μαι

147 3477 341 3526 Atheniensibus
357 3487 448 3542 gestum
464 3485 531 3542 puta,
543 3478 608 3552 quod
625 3479 709 3528 Alcaeo
743 3493 767 3534 x,
778 3479 808 3525 41
850 3475 1214 3542 q.;Senec.Herc.OEt.1065
1233 3491 1304 3539 sqq,

146 3541 270 3604 inprimis,
288 3541 329 3605 qui
346 3556 375 3590 es
394 3558 422 3591 eo
440 3543 503 3591 male
522 3541 622 3606 abjectis
639 3542 710 3592 annis
742 3543 830 3590 etBoe
858 3541 976 3590 .Consol.
987 3541 1081 3589 Philos.
1090 3539 1126 3596 iii,
1138 3547 1207 3587 metr.
1219 3540 1258 3594 12,
1271 3539 1304 3587 29

147 3605 275 3668 aufugisse
301 3605 435 3670 perhibetur
456 3606 586 3668 (Herodot.
607 3623 631 3664 v,
653 3607 709 3671 95),
742 3622 796 3680 sqq.
806 3605 936 3654 contulisse
947 3604 1046 3670 pigebit.
1081 3605 1211 3665 Centiceps:
1228 3603 1305 3652 inca-

146 3669 249 3734 plenum
268 3669 405 3736 periculose
424 3671 483 3719 aleae
503 3685 563 3736 opus
583 3670 657 3720 luisse
674 3672 709 3719 vi·
742 3681 827 3735 prtum,
864 3686 901 3718 ue
926 3671 1030 3719 Cerbero
1051 3669 1144 3716 affinxit
1165 3666 1304 3731 antiquitas,

148 3733 229 3782 dnus.
743 3750 841 3783 numero
847 3684 988 3798 discrepant
999 3742 1089 3798 poete3
1106 3732 1179 3842 vulpe
1194 3731 1237 3780 tria
1252 3743 1305 3780 tan-

184 3799 289 3846 att-³2.
322 3799 447 3847 Mirantur
473 3809 596 3862 utromque
626 3802 711 3858 dicere,
745 3805 795 3846 turn
806 3798 829 3848 ei
839 3798 917 3862 capita
928 3797 1073 3853 tribuuntur,
1082 3803 1110 3844 ut
1119 3797 1145 3845 in
1158 3795 1199 3852 .ii,
1207 3797 1247 3851 19,
1257 3798 1305 3854 31,

151 3877 208 3910 cum
229 3861 383 3911 admiratione
399 3871 448 3910 tam
466 3863 562 3929 Sappho
576 3879 647 3927 quarn
665 3865 711 3913 Al·
744 3862 786 3911 sed
804 3861 1122 3926 nsvrqrovrarripnvocille
1133 3867 1229 3924 apparet
1242 3857 1307 3923 apud

147 3941 227 3974 caeum
246 3927 349 3976 audiunt
366 3935 486 3983 canentes,
507 3931 579 3991 digna
597 3945 661 3976 sacro
679 3932 711 3977 si·
746 3927 846 3976 Hesiod.
860 3927 952 3989 Theog.
969 3928 1034 3984 3125
1051 3923 1165 3972 Horatius
1176 3923 1307 3970 Cerberum

148 3991 228 4046 ientb,
242 3990 348 4040 carmina
364 3999 413 4039 tam
428 3992 532 4055 egregia,
543 4001 571 4039 ut
581 3991 654 4055 digna
665 3993 713 4041 sint
745 3991 807 4039 sistit
817 3988 1056 4055 ἑκατοιηακάρηνον,
1065 3986 1130 4034 haud
1141 3985 1214 4033 dubie
1226 3985 1307 4033 Grreci

148 4069 205 4117 quse
222 4071 314 4104 summo
331 4053 426 4104 silentio
443 4056 623 4116 auscultentur3
639 4073 711 4112 sacro,
744 4055 872 4118 cujusdam
890 4061 966 4118 poeta
982 4051 1117 4115 exemplum
1134 4056 1240 4097 secutus.
1266 4049 1307 4097 Cl.

149 4125 265 4182 tanquam
281 4119 307 4168 in
323 4135 348 4169 re
365 4135 440 4176 sacra,
453 4119 503 4176 ubi,
515 4119 654 4185 quicunque
670 4121 712 4170 ad·
745 4119 871 4167 Miseno
888 4125 988 4181 portuno
996 4116 1020 4162 in
1029 4115 1091 4162 hanc
1102 4128 1151 4162 rem
1163 4112 1309 4162 aliertverba

148 4191 215 4238 sunt,
226 4182 316 4248 linguis
328 4183 407 4232 favere
421 4183 517 4233 debent.
551 4185 712 4234 Dsnranhn-
746 4183 864 4231 Tzetzoea
897 4179 1016 4244 Lycopbr.
1027 4177 1187 4232 67θ,ὁκύιιν
1199 4179 1242 4225 τοῦ
1257 4175 1307 4227 ’rti-

148 4249 327 4311 merisnnlgus:
342 4264 373 4298 en
399 4248 519 4297 rmclaram
529 4248 562 4297 rei
571 4247 711 4312 imaginem!
746 4245 798 4304 dev,
813 4249 841 4304 ὃς
857 4245 908 4309 ἔχει
923 4245 1012 4293 ἑκατὸν
1028 4241 1144 4308 κεφαλάς.
1176 4242 1262 4305 Itaque
1278 4243 1306 4290 rb

148 4326 233 4359 ornnes
255 4326 284 4360 ae
305 4265 407 4376 singuib
429 4313 519 4362 umbrae
542 4312 612 4377 (hinc
629 4315 714 4376 oatgrn
746 4314 857 4373 centiceps
866 4309 949 4357 malim
962 4307 1073 4372 equidem
1084 4305 1176 4371 proprie
1190 4305 1307 4379 accipere,

148 4373 221 4424 dieue
240 4377 313 4439 sunt)
335 4374 442 4440 undique
464 4385 600 4432 accurrunt,
621 4385 645 4426 et
665 4384 713 4426 tarn
746 4391 818 4439 quam
832 4382 915 4423 eontra
931 4389 1001 4421 usum
1016 4370 1130 4436 loquendi
1144 4386 1199 4418 cum
1210 4370 1266 4417 alus
1277 4371 1308 4418 ad

148 4449 215 4488 arcta
225 4441 297 4488 turba
313 4440 378 4489 eirea
394 4441 491 4505 Sappho
502 4450 526 4490 et
537 4442 648 4490 Alcaeum
666 4457 713 4505 pre
746 4438 870 4504 anguium,
881 4437 970 4502 quibus
983 4435 1080 4487 Cerberi
1093 4434 1175 4484 cervix
1191 4433 1309 4494 horruisse

147 4503 280 4570 cupiditate
297 4519 380 4553 eorum
399 4505 505 4555 earmina
524 4503 637 4555 audiendi
655 4520 713 4555 con·
747 4504 843 4561 dicitur,
858 4501 938 4569 capita
951 4502 1045 4552 referre.
1077 4501 1174 4563 Stirpem
1191 4499 1240 4547 iltis
1255 4517 1308 4548 cnr·
