3150 5200
196 398 201 409 .
290 340 356 405 370
709 332 1035 399 SATIRARUM

378 490 498 555 Utrum
514 488 715 553 imitabitur?
760 486 835 551 Hac
850 498 946 571 urget
959 486 1070 569 lupus,
1086 484 1149 549 hac
1163 484 1255 549 canis
1269 487 1373 569 angit.
1428 548 1432 553 .

314 594 357 659 65
381 591 530 656 Mundus
545 590 619 667 erit,
635 589 692 673 qui
707 612 772 653 non
787 588 934 653 offendat
949 587 1121 663 sordibus3
1143 597 1243 670 atque
1340 574 1350 591 ’

377 694 417 759 In
431 702 578 757 neutram
593 700 719 774 partem
734 690 840 753 cultus
855 690 963 753 miser.
1009 688 1077 753 Hic
1092 709 1198 771 neque
1213 689 1328 764 servis,

379 792 497 859 Albuti
512 793 599 856 senis
615 790 776 874 exemplo,
793 792 872 854 dum
885 791 996 854 munia
1009 790 1107 866 didit,

381 896 495 960 Saevus
511 896 585 970 erit,
601 914 720 975 neque,
736 892 822 955 sicut
835 891 974 975 simplex
987 888 1137 966 Naevius,
1152 902 1283 955 unctam

383 997 535 1061 Convivis
551 994 712 1078 praebebit
729 1014 865 1076 aquam:
889 994 1002 1057 vitium
1017 993 1080 1057 hoc
1094 1016 1226 1076 quoque
1240 1016 1406 1079 magnum.

318 1101 361 1165 70
382 1098 508 1181 Accipe
524 1117 621 1171 nunc,
637 1095 743 1159 victus
759 1095 865 1158 tenuis
881 1116 957 1177 quse
969 1104 1157 1177 quantaque
1172 1116 1283 1159 secum

382 1200 523 1264 Afferat.
570 1196 609 1260 ln
624 1197 735 1280 primis
751 1196 859 1261 valeas
873 1197 976 1259 bene:
999 1218 1075 1259 nam
1088 1197 1187 1259 variae
1202 1218 1256 1260 res

381 1301 430 1366 Ut
444 1310 583 1365 noceant
599 1298 731 1375 homini,
748 1298 876 1374 credas,
891 1318 1012 1361 memor
1026 1297 1111 1362 illius
1126 1319 1222 1373 escas,

336 1388 338 1402 ¹
381 1404 467 1477 Quae
482 1401 620 1486 simplex
635 1401 709 1465 olim
725 1401 785 1464 tibi
801 1398 941 1476 sederit3
965 1410 999 1463 at
1014 1399 1111 1463 simul
1125 1399 1208 1462 assia

382 1504 557 1568 Miscueris
572 1502 668 1578 elixa,
686 1502 781 1565 simul
795 1500 965 1583 conchylia
978 1502 1102 1578 turdis3

317 1608 361 1671 75
383 1606 503 1670 Dulcia
519 1627 554 1667 se
568 1604 602 1667 in
617 1603 715 1667 bilem
731 1612 868 1679 vertent,
885 1602 1118 1685 stomachoque
1132 1602 1304 1667 tumultum

383 1708 490 1772 Lenta
504 1706 586 1770 feret
600 1707 729 1789 pituita.
775 1705 894 1780 Vides,
909 1715 947 1767 ut
961 1703 1103 1787 pallidus
1118 1705 1222 1768 omnis

382 1810 487 1873 Coena
502 1808 659 1892 desurgat
671 1806 793 1871 dubia?
839 1806 930 1878 Quin
944 1827 1064 1889 corpus
1079 1816 1231 1869 onustum

380 1910 555 1975 Hesternis
571 1910 656 1973 vitiis
671 1909 813 1971 animum
827 1930 958 1992 quoque
973 1917 1157 1991 praegravat
1172 1926 1250 1984 una,

383 2010 496 2097 Atque
511 2011 614 2096 affigit
627 2009 726 2073 humo
741 2008 860 2073 divinas
875 2007 1066 2092 particulam
1081 2030 1180 2071 aurae.

296 2200 385 2257 slsum3
401 2199 475 2248 verba
484 2198 547 2247 enirn
557 2196 683 2263 jungenda
694 2202 752 2245 sunt
762 2196 813 2245 sic:
830 2203 857 2244 at
887 2194 941 2253 tia,
969 2210 1053 2245 sensus
1073 2192 1155 2258 igitur,
1178 2202 1290 2242 nsum
1318 2194 1452 2245 imitabitur

296 2263 386 2318 oleum,
397 2266 465 2325 cnjus
475 2266 563 2311 mmm
579 2262 682 2329 persam
693 2277 798 2324 nsum,
809 2261 857 2321 ipss
887 2259 991 2322 sspisns,
1004 2257 1141 2307 luxuriosus
1157 2258 1228 2331 anim·
1238 2258 1305 2331 lupp.
1321 2266 1347 2307 at
1364 2274 1452 2309 avarus

297 2326 407 2375 sordidus
417 2328 562 2385 convivator,
575 2342 622 2375 uon
634 2341 725 2381 servus,
736 2342 809 2373 cornu
820 2325 855 2370 bi-
887 2323 943 2371 cani
954 2322 1095 2371 estsimilis.
1132 2322 1215 2386 Urget,
1222 2330 1338 2378 imminet,
1349 2323 1453 2373 infestus

297 2391 352 2438 libri
364 2391 408 2453 (ex
423 2390 536 2453 gravioris
550 2390 660 2455 ponderis
678 2388 791 2455 amphora
804 2403 857 2436 eor·
889 2394 935 2443 ast,
946 2386 1061 2436 molestus
1071 2395 1117 2435 ast.

299 2468 345 2502 nes
355 2454 394 2503 vel
405 2452 503 2503 sucula
519 2469 613 2510 corneo,
631 2454 776 2517 elegantiora
792 2452 857 2501 anim
922 2451 955 2501 66
964 2466 1018 2525 sqq.
1034 2451 1140 2499 Mundus
1154 2452 1210 2504 erit,
1221 2457 1296 2499 cett:
1316 2452 1403 2503 transit
1417 2453 1452 2503 ad

299 2516 398 2565 vaseula
415 2532 463 2565 non
478 2517 578 2567 inveniri
588 2516 664 2567 soient
675 2516 739 2581 apud
749 2516 858 2565 homines
889 2514 974 2564 laudes
989 2523 1068 2564 victus
1083 2513 1172 2570 tenuis,
1186 2529 1235 2578 quo
1252 2514 1349 2578 sapiam
1368 2517 1453 2567 atim·

299 2580 419 2642 sdrdidos)
436 2584 536 2630 instillat
556 2584 670 2632 cautibus.
707 2580 792 2630 Veteris
811 2599 857 2630 noa
889 2578 1090 2644 Sensus‚sapiens
1097 2578 1451 2632 uuausrscudicetarm-

297 2661 382 2706 parcus
392 2648 459 2700 aceti,
488 2646 529 2693 uia
539 2654 654 2694 vetustate
663 2653 774 2710 corrupto
790 2653 858 2694 aceto
889 2645 942 2700 dus,
950 2651 1068 2708 quatenus
1077 2643 1191 2692 convivas
1201 2657 1249 2692 non
1258 2642 1364 2694 offendat
1373 2646 1452 2694 sordi·

299 2662 710 2773 ‘³
889 2705 1454 2836 daturum„

316 2851 360 2886 uos
378 2833 501 2910 descripsi,
519 2807 700 2892 Gallonium,
718 2833 759 2898 qui
777 2806 858 2899 spiens
889 2837 952 2899 erit)
964 2836 1051 2885 nimius
1062 2805 1100 2883 rel
1110 2834 1316 2901 rsprebandsndm
1324 2836 1381 2892 erit,
1390 2838 1419 2886 h.
1426 2854 1452 2888 c.

298 2853 363 2957 dida,
375 2915 405 2947 an
417 2900 571 2955 antianum.
583 2899 624 2964 qui
636 2897 729 2947 sordida
739 2897 806 2946 vivit.
890 2915 968 2964 nsque
983 2900 1008 2947 in
1023 2898 1147 2948 mundiora
1157 2899 1225 2947 cultu
1235 2899 1330 2950 niodum
1340 2901 1451 2958 axaadst,

333 2965 374 3012 64.
399 2963 451 3012 Hac
468 2975 538 3028 urget
556 2965 811 3026 luminosarum
830 2966 859 3011 it.
890 2978 970 3028 nequa
980 2963 1090 3012 sordibus
1098 2962 1234 3012 convivium
1242 2962 1364 3027 inquinari
1373 2965 1451 3030 patic-

300 3027 348 3078 Pro
359 3031 427 3076 ciunt
437 3027 492 3077 dedi
502 3030 579 3091 angit,
589 3027 653 3092 quod
664 3026 737 3075 estin
748 2981 860 3076 omnibus
892 3035 946 3086 tur;
962 3028 1002 3075 hic
1018 3027 1092 3091 igitur
1102 3042 1180 3091 nequa
1192 3027 1219 3074 in
1235 3041 1324 3083 servos,
1335 3027 1395 3076 dum
1406 3045 1451 3078 sna

300 3092 366 3158 apud
382 3092 456 3140 Fearn
476 3091 609 3142 codicibus.
648 3091 711 3140 Sans
727 3089 747 3136 si
764 3088 858 3152 legaris,
890 3091 931 3139 eui
948 3107 978 3140 us
989 3091 1120 3140 ministeria
1129 3090 1244 3154 assignat,
1255 3091 1287 3139 ad
1298 3090 1395 3141 Albutii
1408 3109 1450 3142 ex·

299 3160 377 3212 aiunt,
394 3155 477 3204 haberi
495 3155 591 3204 omnino
610 3154 662 3204 bac
678 3153 751 3202 verba
768 3153 857 3204 debent
888 3107 1003 3219 aradium,
1015 3155 1036 3204 si
1052 3155 1111 3219 quid
1125 3153 1327 3219 paccarsdntvsl
1343 3171 1450 3206 cumm-

298 3236 341 3286 pro
352 3219 483 3285 proverbio.
511 3220 567 3275 Sed,
577 3225 604 3267 ut
616 3217 675 3266 nibil
686 3217 774 3274 dicam,
783 3217 856 3282 hujus
888 3219 1030 3274 emanarint,
1048 3219 1140 3274 sevict,
1155 3233 1242 3292 usqua,
1254 3220 1318 3269 sicat
1333 3221 1452 3270 candidus

299 3282 416 3348 proverbii
435 3283 499 3354 apud
516 3283 610 3331 nullum
628 3280 702 3330 alium
720 3280 857 3346 scriptorem
889 3291 914 3332 et
930 3282 1030 3332 mitioris
1045 3283 1119 3331 animi
1131 3284 1241 3338 Nonus,
1252 3283 1390 3346 indulgebit
1401 3301 1450 3334 ser·

298 3354 391 3394 exstare
402 3345 538 3408 vestigium,
550 3347 602 3410 ipss
619 3361 712 3403 sensus,
724 3345 766 3410 qui
782 3345 804 3393 ei
819 3345 856 3394 in·
889 3345 934 3402 vis,
947 3346 968 3394 si
984 3362 1073 3411 squam
1087 3347 1205 3420 impuram
1218 3355 1244 3394 et
1253 3346 1322 3398 sorde
1332 3348 1450 3410 pollutam

299 3423 351 3457 asse
367 3409 446 3464 debet,
459 3409 500 3464 rei,
517 3409 547 3458 ds
565 3425 614 3474 qua
632 3425 708 3460 sermo
725 3417 770 3466 est,
785 3410 858 3474 plana
889 3409 996 3459 convivis
1010 3411 1169 3476 prabuannt;
1187 3411 1238 3460 hac
1255 3427 1353 3475 qnoque
1369 3412 1450 3462 indui·

302 3488 350 3520 non
361 3471 480 3520 convenit.
514 3473 605 3522 Nullus
615 3474 679 3524 enim
694 3473 756 3522 alius
772 3489 858 3524 sensus
890 3473 1203 3539 gantiaadvitiapsrtinst.

299 3551 329 3586 ex
341 3536 386 3584 hoc
397 3536 518 3602 proverbio
526 3537 582 3586 clici
594 3547 678 3602 potest,
686 3537 732 3586 nisi
744 3537 797 3585 hic:
813 3554 859 3601 ego
923 3539 964 3587 65.
981 3539 1037 3594 Pro,
1046 3543 1096 3600 qui,
1110 3538 1245 3595 Bentlaius,
1257 3547 1357 3588 assutus
1368 3539 1451 3588 Scbol.

300 3601 443 3664 abutraque
461 3611 527 3666 parts
542 3617 634 3666 premor
650 3611 675 3651 st
692 3602 717 3650 in
735 3602 859 3674 angustias
891 3602 960 3660 Aen,
978 3601 1044 3650 dedit
1060 3621 1107 3665 quc
1125 3603 1286 3666 (quatenus);
1304 3602 1348 3652 sad
1367 3602 1451 3656 eodan

301 3663 427 3725 detrudor,
444 3665 512 3731 inops
528 3664 600 3730 igitur
617 3683 669 3714 sum
684 3665 788 3720 consilis,
800 3665 858 3729 quid
890 3665 950 3715 redit
960 3669 1000 3728 qui
1011 3683 1065 3714 cum
1077 3667 1240 3731 conjunctivo.

299 3727 395 3778 luciam.
429 3729 476 3778 Sed
491 3733 579 3792 sapiens
596 3729 636 3792 (h.
652 3745 674 3778 e.
707 3729 857 3784 rudens‚der
921 3731 963 3778 66.
980 3729 1451 3794 Heindorfiusjungitcntmingeniare

302 3793 638 3857 Verstarurgefinunogatus,
647 3811 679 3858 qu
705 3792 855 3842 ivictuusu·
889 3809 945 3842 curn
965 3797 1041 3850 muer,
1059 3794 1124 3858 quod
1145 3804 1183 3842 cst
1201 3793 1372 3855 durissimum
1395 3809 1451 3843 nam

299 3872 347 3913 rus,
361 3865 438 3905 utrum
455 3857 601 3906 luxuriosum
620 3873 651 3906 nn
669 3873 764 3906 svamm
777 3855 856 3905 imita-
889 3859 1007 3922 exempla,
1020 3859 1091 3906 abeo
1103 3857 1186 3913 allata,
1193 3858 1240 3906 buc
1253 3873 1302 3908 non
1313 3859 1450 3921 quadrant3

299 3929 365 3970 turus
386 3921 425 3976 sit,
449 3937 495 3969 non
518 3921 587 3986 inops
607 3922 652 3970 erit
671 3921 774 3977 consilii,
798 3921 857 3984 quid
889 3936 934 3983 ego
958 3924 1036 3970 cuitus
1059 3922 1085 3970 in
1109 3922 1214 3985 gsnitiw
1236 3922 1266 3972 ad
1289 3926 1316 3971 is
1342 3933 1451 3972 nerum

299 3985 380 4042 iaciat,
392 3985 433 4034 sed
450 3985 529 4033 statim
545 4001 570 4034 se
588 3993 698 4034 neutrum
713 3985 860 4034 imitaturum
889 3995 980 4047 purtem
1002 3986 1086 4043 salaro,
1103 3995 1129 4034 et
1143 3989 1210 4034 mim
1226 4001 1277 4051 pm,
1293 3985 1393 4042 nimina,
1408 4003 1449 4037 ex-

300 4065 352 4098 esse
370 4049 529 4113 respondabit.
564 4047 595 4096 Et
613 4049 663 4098 bac
680 4048 801 4114 responsio
817 4065 859 4098 sx-
891 4049 964 4115 plico.

301 4127 382 4179 pressa
399 4122 437 4162 sst
455 4113 541 4170 verbis,
564 4113 616 4162 Hac
632 4124 701 4178 urget
723 4116 800 4174 lupus,
818 4114 860 4167 bac
925 4115 966 4162 67.
983 4115 1066 4162 Albuti
1087 4117 1155 4162 sanis.
1188 4114 1271 4164 Scbol.
1285 4114 1386 4178 Porpu„
1403 4112 1450 4160 Hic

300 4176 858 4305 tristit‘nttmtt‘i„‘enituisti
890 4179 1450 4293 iffiiii‘iiiffiitiim

301 4309 375 4370 digna
390 4258 654 4379 rapacitnsrraiupyia)
673 4320 727 4354 cum
747 4303 799 4370 lupi
816 4320 857 4352 vo·
890 4323 927 4354 vos
948 4260 1151 4369 (saffirus),
1170 4321 1235 4367 asper
1255 4309 1282 4354 in
1303 4309 1339 4354 esi
1400 4323 1417 4352 ι
1435 4323 1451 4352 a

301 4369 407 4426 racitata,
418 4378 442 4418 et
457 4369 528 4418 homo
540 4367 632 4417 sordide
650 4384 736 4418 avarus
746 4371 857 4431 (Avidio
890 4372 989 4435 asgadis
1004 4374 1070 4432 pansi
1084 4372 1175 4418 rationo
1184 4373 1369 4433 satagamque,
1385 4371 1450 4425 adas,

299 4451 352 4490 nm,
364 4437 402 4481 cui
420 4434 498 4488 Canu,
510 4449 535 4480 es
552 4448 604 4480 uero
621 4436 725 4490 ductum,
736 4449 858 4495 cognomen
889 4444 918 4482 ut
934 4451 1008 4483 seruos
1023 4451 1187 4497 nonnunquam
1201 4438 1325 4499 castigaret
1340 4437 1451 4495 priami

299 4499 414 4559 dbaeraet)
426 4512 480 4546 curn
492 4496 560 4546 canis
569 4495 685 4563 spurcitia
696 4507 721 4547 et
730 4495 857 4561 impuden·
890 4501 993 4556 cederet,
1004 4517 1072 4562 quasa
1087 4509 1224 4560 marest,
1236 4501 1323 4552 dum,
1333 4500 1409 4546 semi
1417 4513 1451 4552 se,
