3150 5200
53 2881 59 2892 ·
140 2851 169 2898 be

566 340 732 407 LIBER
753 339 799 417 ll,
817 342 849 403 2.

283 493 327 556 35
392 491 473 555 Νοιι
488 490 715 557 decoloravere
730 492 864 555 coedesl

437 592 523 666 Qua
537 603 626 658 earet
641 616 699 657 ora
713 615 829 658 cruore
843 598 979 659 nostroi

350 694 419 758 Sed
433 716 487 770 ne,
503 693 635 771 relictis,
652 694 752 763 Musa
766 716 902 779 procax,
912 697 1010 781 J'ocis,

352 795 429 861 ceae
443 805 600 861 retractes
616 818 750 861 munera
764 796 911 861 Naeniae:

394 897 529 961 Mecum
544 896 685 963 Dionaeo
700 899 762 963 sub
778 908 873 962 antro

286 998 329 1061 40
437 999 559 1072 Quare
574 1000 688 1065 modos
704 1000 824 1065 leviore
838 1000 975 1084 plectro.

575 1250 782 1316 CARMEN
806 1252 852 1317 ll.

421 1466 478 1513 AD
509 1463 695 1513 CRISPUM
726 1463 1006 1513 SALLUSTIUM.

356 1606 498 1669 Nunnus
513 1616 650 1689 argento
664 1604 753 1669 color
767 1616 818 1669 est
833 1607 938 1669 avaris

355 1706 483 1773 Abdita
498 1708 605 1785 terris,
621 1708 748 1781 inimice
761 1705 878 1771 lamnae

356 1810 472 1894 Crispe
488 1808 634 1887 Sallusti,
650 1809 713 1873 nisi
727 1818 907 1891 temperato

702 1909 882 1993 Splendeat
895 1934 970 1975 usu.

182 2078 202 2128 it
218 2079 299 2143 (quod
314 2094 344 2127 ex
355 2080 425 2127 verbo
441 2089 540 2129 testatur
555 2079 698 2129 eliciendum
731 2086 759 2126 ut
769 2095 823 2127 eam
835 2079 921 2143 Crispo
931 2079 1053 2136 Sallustio,
1059 2079 1197 2144 sapientius,
1204 2081 1292 2145 quibus

137 2152 172 2192 est
199 2144 315 2207 fragorem
331 2143 460 2192 conuentis
476 2144 568 2208 imperii
584 2143 698 2198 Romani,
731 2142 773 2191 ille
783 2144 931 2199 abundabat,
940 2142 1029 2191 divitiis
1038 2144 1209 2200 uso,vindicet.
1231 2147 1290 2195 Pro·

137 2207 221 2257 biedis
240 2207 300 2256 adeo
317 2208 358 2271 (h.
372 2223 395 2257 e.
406 2208 512 2263 Parthis,
526 2209 638 2256 Romano
655 2222 698 2255 no·
732 2206 805 2256 culeii
814 2207 894 2271 igitur,
906 2207 1039 2257 immortale
1049 2208 1192 2257 liberalitate
1207 2224 1251 2257 sus
1266 2211 1292 2259 in

138 2270 379 2333 miniiuiestissiruis)
392 2272 518 2322 audituml
554 2274 699 2384 Quetilumi·
732 2270 816 2319 iratres
832 2287 919 2321 nomen
934 2272 1116 2329 mutilandum
1131 2272 1292 2322 inhonoram

137 2352 178 2392 aa,
190 2334 332 2385 fluviieuim
344 2336 432 2401 passim
446 2352 461 2383 a
519 2337 698 2411 tisproeiorum
730 2334 1024 2400 exemplo,tammiseram
1032 2336 1192 2384 conditionem
1200 2352 1291 2396 eorum,

138 2407 210 2449 testas
226 2398 335 2449 adhiberi
351 2401 443 2449 solent:
462 2400 550 2449 c.ini.
565 2416 597 2455 ιι,
610 2403 634 2456 4,
648 2402 698 2461 ³83
731 2416 834 2463 quorum
859 2401 912 2449 lura
919 2400 1024 2448 habendi
1032 2400 1151 2465 cupiditas
1162 2400 1188 2447 in
1196 2401 1256 2456 dies,
1266 2411 1293 2451 ut

139 2463 234 2513 Catull.
243 2464 302 2522 lxiv,
313 2466 378 2523 3583
395 2464 488 2513 Tibull.
498 2464 516 2519 i,
526 2465 550 2519 7,
565 2467 592 2512 ll
604 2482 611 2525 ;
630 2466 699 2529 Virg.
732 2462 1292 2529 hydrops‚crescat,quamsummamielicitatem

139 2529 225 2584 Ecba,
233 2530 263 2575 21
273 2546 281 2589 ;
292 2528 397 2593 cogitare
409 2537 490 2577 autera
501 2529 558 2577 licet
567 2529 598 2578 de
609 2529 700 2595 proeliis
732 2538 756 2577 et
762 2529 892 2604 potentiam
900 2530 1038 2593 eorum,qai
1046 2530 1173 2593 exstirpata
1181 2528 1251 2593 piane
1262 2546 1292 2579 es

139 2591 170 2642 ad
188 2591 345 2649 Rhodanum,
361 2591 465 2650 Padum,
482 2603 507 2643 et
522 2594 619 2644 Iberum
634 2609 699 2642 com-
717 2623 720 2634 ·
732 2609 812 2642 animo
822 2594 891 2658 plura
901 2592 1005 2643 habendi
1014 2593 1145 2668 cupiditate
1155 2592 1200 2643 sibi
1217 2594 1291 2660 impe-

139 2658 228 2706 missis.
261 2659 362 2706 Daunia
378 2660 456 2713 eada,
468 2659 494 2708 b.
504 2674 526 2706 e.
539 2659 637 2723 sanguia
652 2675 699 2708 crs·
732 2674 784 2707 rare
795 2667 820 2707 at
830 2658 925 2707 fortuna
935 2675 978 2706 sua
988 2659 1023 2706 uti
1030 2657 1164 2713 didicerint,
1171 2658 1294 2708 describit.

138 2737 219 2770 soram
235 2721 325 2771 ciuium
340 2723 522 2782 Romanorum
539 2724 636 2770 Daunia
651 2724 701 2772 sive
734 2723 792 2770 Fuit
806 2731 885 2771 autem
902 2724 1001 2788 Crispus
1017 2723 1156 2779 Sallustius,
1169 2723 1293 2772 clarissimi

140 2785 249 2898 Appulia
269 2801 312 2862 pro
334 2795 383 2836 totu
405 2787 486 2835 Italia.
529 2787 623 2842 Terras,
645 2804 699 2852 quse
731 2787 880 2836 historiarum
892 2787 1294 2861 scriptorisexsororenepos,non

189 2851 297 2900 acivilra
307 2859 439 2906 senserunt,
451 2858 557 2900 recenset
569 2851 653 2900 Florus
666 2851 698 2908 iv,
732 2852 811 2900 solum
836 2867 852 2899 a
876 2851 1011 2900 divitiamm
1038 2867 1069 2898 au
1100 2850 1201 2898 ndarum
1223 2853 1293 2913 (nam

139 2916 164 2970 2,
202 2915 228 2972 6,
239 2917 266 2962 Si
282 2918 356 2964 laeum
370 2925 392 2964 et
406 2918 507 2978 spatium
522 2916 571 2980 (sc.
583 2919 699 2978 inspicias,
731 2915 828 2964 vivebat
837 2915 1041 2980 splendidissime)
1097 2915 1294 2963 etiambonorum

140 2979 203 3044 quod
218 2996 250 3028 ex
266 2979 463 3030 antecedentibus
479 2979 647 3044 repetendum)
661 2983 702 3028 ubi
735 2979 827 3044 (noluit
836 2979 900 3028 enirn
912 2978 975 3027 ultra
988 2978 1094 3026 ordinem
1107 2987 1241 3041 equestrem
1255 2995 1293 3027 aa·

139 3047 279 3093 mnarum
296 3054 338 3102 esi,
356 3047 421 3092 intra
438 3044 549 3102 ltaliam
566 3047 620 3092 inda
637 3061 659 3092 se
676 3047 701 3093 ia
734 3049 843 3108 surgere)
854 3043 934 3092 studio
944 3041 1112 3090 alienissimus.
1144 3041 1295 3090 Nobilissimi

141 3107 246 3156 Galliam
262 3109 446 3171 Hispaniamque
462 3109 563 3172 deflerit,
576 3125 701 3156 renaseun-
734 3107 843 3174 inprimis
852 3115 910 3155 sunt
922 3109 984 3154 horti
997 3107 1145 3161 Sallustiani,
1157 3121 1218 3179 quos
1233 3121 1294 3170 pne-

138 3190 182 3235 qas
196 3175 225 3222 ab
242 3189 331 3228 mua,
343 3175 397 3221 tatis
409 3174 498 3220 viribus
511 3175 537 3220 ia
549 3172 621 3235 Epiro
633 3173 700 3222 Tires-
733 3173 805 3221 claris
822 3170 971 3235 antiquitatis
990 3170 1150 3218 monumentis
1167 3176 1296 3218 susurratas

139 3238 243 3299 salisque
252 3239 369 3294 wnsedit5
386 3239 479 3285 linoln
490 3237 619 3300 AEgyptum
629 3239 703 3285 nubite
734 3237 893 3302 imperatores
903 3233 1126 3300 posteaobtinuisse
1137 3241 1238 3281 constat.
1263 3235 1294 3283 ln

140 3303 273 3358 trandum
284 3303 338 3349 inde
345 3302 541 3363 respuitdriarm
556 3303 610 3349 inda
617 3303 636 3348 A
632 3302 703 3368 frica
735 3300 957 3364 enenuamhujus
965 3298 1077 3348 carminis
1085 3297 1294 3363 comparant'l'be·

139 3367 250 3412 imbuit
256 3383 264 3423 ;
276 3374 384 3426 perirem
392 3367 419 3412 in
427 3365 567 3426 Hispaniam
574 3368 703 3430 regyravit,
735 3367 805 3414 ecrit.
816 3365 865 3419 rvi,
876 3366 909 3412 22
919 3380 973 3428 sqq.

140 3439 164 3476 et
176 3430 211 3476 ibi
222 3429 348 3490 aliquando
356 3427 448 3493 defecit.
768 3431 841 3477 1-4.
858 3431 962 3478 Sensus:
984 3427 1078 3476 nullum
1097 3425 1201 3503 pretium
1223 3426 1296 3476 babet

175 3492 285 3540 37-40.
302 3491 339 3539 Ne
348 3509 441 3540 sauma
453 3493 501 3540 Cea
513 3492 599 3542 Nauia
614 3502 701 3540 retrac·
735 3501 869 3556 argentum,
878 3492 943 3558 quod
954 3491 1032 3540 avaris
1040 3491 1179 3541 bominibus
1188 3491 1294 3540 abditum

142 3567 185 3610 tes,
203 3571 235 3604 ne
252 3571 327 3605 cauas
342 3557 442 3612 nauus,
460 3556 578 3620 θρήνους,
598 3556 704 3605 cumina
734 3566 771 3606 est
788 3557 814 3605 in
833 3565 910 3616 terra;
927 3557 983 3606 binc
1000 3556 1077 3606 invisa
1090 3556 1134 3604 tibi
1148 3563 1193 3613 est,
1210 3555 1296 3630 Crispe

140 3619 255 3683 lugubria
262 3627 287 3669 et
296 3619 470 3670 miserationem
480 3621 608 3678 moventia,
619 3619 702 3684 qualia
734 3621 844 3678 Sallusti,
861 3622 973 3686 pecunia,
992 3637 1047 3685 que
1067 3637 1116 3669 non
1132 3620 1251 3685 sapienter
1270 3637 1296 3669 in

141 3683 200 3732 olim
216 3683 304 3734 aeduis
318 3685 452 3734 Simonides
469 3687 527 3734 Ceus
544 3686 637 3749 (insula
653 3685 704 3733 Cea
735 3701 806 3734 usum
825 3685 978 3735 convertitur.
1011 3686 1100 3734 Nullus
1122 3694 1218 3748 argente
1235 3691 1296 3732 eoin

143 3747 281 3812 oriundus).
313 3749 453 3798 Simonidem
474 3753 590 3806 lacrimas,
612 3749 703 3797 flebiles
735 3761 776 3808 ast,
794 3750 921 3815 splendore
937 3765 990 3807 suo,
1005 3750 1031 3799 b.
1046 3766 1069 3798 e.
1085 3749 1159 3814 pretio
1176 3756 1243 3797 earet
1259 3765 1296 3796 ar-

144 3811 199 3860 illos
214 3821 238 3861 et
250 3812 396 3862 miserabiles
407 3813 535 3863 Simonidis
545 3814 625 3878 elegos
634 3822 705 3861 vocat
735 3823 843 3878 gentum
874 3817 910 3865 'id
919 3818 997 3863 auaris
1012 3830 1102 3870 omues,
1113 3827 1175 3878 quos
1189 3813 1247 3870 vidi,
1259 3813 1296 3860 in-

145 3875 238 3926 Catuli.
260 3877 359 3932 xxxviii,
382 3879 406 3925 8.
440 3879 480 3928 De
504 3877 625 3935 laudibus,
666 3893 703 3926 ute
736 3878 1296 3943 terpretesadterristrabunt,atauaramterrass

144 3937 270 4000 Simonidi,
281 3949 308 3989 ut
318 3948 405 4007 poete,
417 3941 561 4000 tribuuntur,
573 3942 621 3991 vid.
665 3957 703 3990 es·
736 3943 858 4009 explicant
867 3943 897 3991 de
907 3959 1006 4006 eaque
1014 3942 1079 3990 avari
1089 3941 1164 3989 instar
1171 3947 1297 4003 argentum

142 4003 268 4069 selmana
281 4004 383 4054 Diodor.
395 4005 445 4054 Sic.
455 4007 485 4055 T.
494 4006 512 4054 i.
523 4025 548 4072 p.
560 4009 617 4055 412.
647 4007 702 4054 liu-
736 4008 859 4057 conditum
878 4008 1012 4056 custodiat:
1039 4004 1150 4069 equidem
1171 4005 1250 4050 avaris
1272 4003 1297 4050 in

142 4085 199 4117 nera
224 4068 321 4125 Nauia,
341 4085 392 4134 pro,
412 4070 514 4120 nanum
536 4072 575 4120 vel
597 4070 703 4131 uaniss3
736 4086 794 4120 essu
805 4070 874 4119 tertio
884 4068 1027 4118 simnia
1041 4083 1100 4118 cua
1114 4075 1181 4115 sexto
1194 4065 1298 4130 posituim

142 4150 236 4190 nunus,
254 4143 282 4182 ut
300 4149 374 4198 sepe,
394 4133 490 4184 inservit
510 4135 657 4201 peripbmsi5
677 4143 706 4183 ut
736 4151 788 4186 esse
800 4135 908 4190 arbitror,
918 4133 961 4189 ita,
971 4141 999 4180 ut
1008 4141 1129 4195 argaman
1144 4132 1222 4178 amris
1231 4133 1298 4178 aidi·

142 4212 197 4263 sup.
210 4197 293 4248 Carm.
303 4197 321 4257 i,
330 4200 372 4256 28,
385 4199 410 4246 i.
738 4210 788 4248 tam
814 4202 882 4247 terris
908 4197 948 4254 sit,
977 4205 1109 4260 argentum,
1134 4194 1200 4260 quod
1223 4194 1300 4243 avaris

739 4262 875 4313 bominibus
884 4261 993 4310 abditum
1003 4269 1048 4318 est,
1057 4259 1095 4309 vel
1106 4258 1171 4324 quod
1181 4259 1245 4308 avari
1255 4260 1298 4307 ab·

322 4326 475 4376 CARMEN
493 4329 532 4376 11.
740 4329 796 4378 dere
806 4327 832 4375 in
843 4335 905 4375 terra
914 4326 1000 4374 solent.
1032 4327 1117 4374 aava
1126 4323 1300 4388 scilicetoppo·

176 4390 199 4438 A
218 4388 237 4438 't
248 4397 319 4455 poeta
329 4389 355 4439 in
367 4389 411 4440 boc
423 4391 527 4440 camnine
536 4392 567 4442 de
577 4408 640 4450 vera,
653 4409 708 4457 quse
742 4393 806 4442 nitur
827 4391 929 4457 Crispus
951 4391 1089 4445 Sallustius,
1112 4387 1164 4454 qui,
1182 4397 1210 4436 ut
1229 4387 1301 4454 paulo

142 4469 172 4503 er
194 4405 333 4504 datiarum
354 4455 392 4503 vel
415 4463 536 4505 contemtu
559 4457 595 4507 vel
616 4456 709 4506 liberali
743 4466 797 4523 post
806 4455 901 4512 dieitur,
912 4458 1006 4504 aeidum
1015 4457 1124 4518 spiritum
1137 4456 1228 4502 &more
1238 4451 1300 4500 didi-

143 4531 226 4568 earum
241 4519 543 4585 usucomparetur,gloria
557 4536 585 4570 eo
601 4521 709 4580 consilio,
742 4530 816 4571 cerat.
853 4521 963 4570 inimicus
983 4522 1072 4578 ianm
1092 4517 1134 4583 qui
1154 4516 1214 4566 nibil
1234 4525 1302 4566 curat
