3150 5200
272 361 336 426 260
730 347 957 412 EPODON

445 506 607 587 Priusque
623 501 740 566 coeluni
757 501 842 564 sidet
856 499 991 564 inferius
1008 502 1099 575 mari,

381 610 424 674 80
574 604 708 669 Tellure
725 613 876 687 porrecta
891 624 1002 685 super,

445 709 555 782 Quam
570 728 635 770 non
650 727 758 768 amore
774 706 821 768 sic
834 725 907 767 meo
921 703 1053 787 flagres,
1070 704 1118 766 uti

578 807 732 871 Bitumen
748 806 827 869 atris
842 806 984 888 ignibus.

448 911 517 974 Sub
533 908 605 972 haec
619 930 712 993 puer,
724 909 794 992 jam
808 929 884 982 non,
900 917 1038 983 utente,
1054 906 1206 970 mollibus

579 1009 699 1074 Lenire
714 1009 822 1073 verbis
838 1008 971 1091 impies3

382 1117 426 1180 85
448 1113 516 1178 Sed
531 1111 663 1186 dubius,
680 1111 767 1174 unde
784 1119 950 1192 rumperet
964 1108 1137 1184 silentium,

581 1212 675 1276 Misit
690 1211 875 1294 Thyesteas
891 1233 1022 1294 preces:

451 1316 589 1382 Venena
604 1335 755 1398 magnum
770 1311 819 1375 fas
835 1311 1003 1394 nefasque,
1019 1334 1085 1376 non
1099 1311 1207 1376 valent

580 1416 777 1480 Convertere
793 1415 966 1478 humanam
982 1415 1093 1478 vicem.

454 1521 545 1584 Diris
561 1539 654 1602 agam
670 1539 744 1581 vos:
769 1517 841 1579 dira
856 1515 1032 1579 detestatio

386 1625 431 1687 90
581 1619 684 1683 Nulla
697 1620 851 1701 expiatur
865 1619 1006 1682 victima.

451 1724 553 1800 Quin,
569 1721 626 1784 ubi
641 1721 749 1804 perire
759 1720 874 1802 jussus
889 1720 1109 1803 exspiravere,

582 1821 774 1886 Nocturnus
792 1843 960 1884 occurram
974 1821 1091 1895 Furor,

454 1925 633 2006 Petamque
648 1922 757 1984 vultus
772 1925 889 1986 umbra
903 1924 1010 1986 curvis
1025 1923 1202 2005 unguibus,

583 2025 669 2097 Quae
683 2025 731 2086 vis
748 2023 896 2088 Deorum
910 2035 962 2088 est
977 2023 1144 2099 Manium

281 2211 361 2260 crimis
372 2209 403 2259 ad
419 2227 458 2259 ma
472 2227 585 2266 recurres,
599 2225 643 2260 nec
656 2218 680 2258 te
692 2207 765 2257 semel
782 2207 841 2255 mibi
874 2216 918 2256 est.
957 2208 1049 2256 Venena
1070 2223 1180 2271 magnum
1194 2205 1238 2270 fas
1260 2205 1375 2270 aefasqrse,
1392 2223 1439 2254 aare

281 2277 422 2326 advocatum
437 2275 554 2338 sliasaga
569 2275 654 2323 iterum
670 2286 843 2322 ameavocare
874 2274 952 2322 salem
976 2273 1111 2319 Gmaertere
1134 2273 1258 2318 humanam
1275 2273 1360 2318 aioem:
1384 2286 1439 2318 sen-

282 2340 386 2388 carmine
401 2353 444 2387 suo
463 2339 558 2387 valebit.
595 2339 673 2386 Malta
683 2339 844 2402 fleturum,—
876 2351 932 2384 sus:
947 2336 1058 2384 venetica
1067 2334 1166 2399 quidem
1176 2333 1441 2383 incantationibussuis

284 2407 366 2458 malta,
381 2403 563 2466 pro,multum;
580 2403 614 2449 sic
647 2402 701 2450 lene
717 2403 791 2448 multa
809 2403 844 2447 ia·
877 2399 1029 2448 sanctissima
1037 2414 1142 2464 queque
1153 2398 1260 2462 polluere
1270 2406 1296 2446 et
1310 2398 1385 2446 fanda
1396 2413 1439 2447 ue·

282 2469 390 2520 emmane,
397 2464 460 2529 apud
470 2466 577 2513 Ennium
588 2465 612 2512 in
624 2419 759 2529 llragment.
768 2481 793 2530 p.
798 2465 845 2511 124
878 2463 957 2512 fandis
973 2463 1114 2529 permiscere
1130 2463 1219 2518 valent,
1230 2462 1273 2510 sed
1282 2461 1375 2512 eedem
1392 2477 1441 2512 uon

283 2529 341 2578 edit.
359 2527 455 2576 Hessel.
471 2529 537 2592 quod
552 2538 628 2577 exstat
644 2528 706 2594 apud
722 2527 802 2577 Cicer.
816 2527 847 2577 de
878 2529 959 2578 valeat
968 2537 1054 2577 sortem
1065 2535 1088 2576 et
1105 2541 1212 2592 poeuam,
1224 2543 1280 2591 quse
1292 2542 1376 2574 samm
1386 2543 1439 2576 sce-

285 2591 477 2647 Divinarum,
502 2592 633 2650 Fletaram,
646 2593 789 2641 doliturum:
802 2591 845 2641 int.
880 2591 930 2642 lera
947 2602 1035 2649 manet,
1055 2591 1182 2641 immutare
1200 2600 1224 2640 et
1246 2607 1261 2639 a
1280 2606 1305 2639 se
1325 2601 1441 2643 avertere.

285 2660 336 2705 Sat.
346 2657 372 2711 ii,
386 2659 409 2709 l,
422 2658 462 2713 46,
476 2656 523 2709 Qui
537 2673 571 2705 me
582 2657 809 2705 cammirit-Fiebit
824 2668 846 2705 et
880 2654 925 2707 Fas
951 2658 1060 2721 nefasque
1081 2667 1224 2705 conuenere:
1255 2654 1365 2705 similiter
1393 2656 1442 2705 sere

283 2723 382 2785 insignis
397 2729 445 2767 tota
461 2724 595 2769 cantabitur
606 2724 670 2769 urbe.
705 2721 792 2767 Marsis
808 2738 846 2767 aa·
880 2722 944 2786 apud
963 2721 1032 2785 Virg-
1047 2722 1109 2771 Geo.
1127 2720 1145 2776 i,
1162 2722 1219 2776 505,
1239 2720 1329 2783 Quippe
1345 2724 1386 2769 ubi
1395 2720 1442 2785 sas

284 2787 355 2839 aibas,
368 2799 409 2849 pro
425 2783 561 2848 quibusque
577 2784 721 2834 carminibus
736 2799 775 2831 ma
794 2785 846 2834 cis.
878 2803 968 2834 ameum
994 2795 1062 2849 atque
1087 2784 1162 2849 rujias.
1201 2784 1334 2833 Humanam
1361 2788 1442 2840 niceas,

286 2848 362 2897 Marsi
379 2856 406 2895 ut
422 2847 566 2914 serpentium
582 2854 749 2897 venenatorum
786 2848 846 2895 omi·
879 2858 966 2899 sortem
988 2849 1110 2897 bominum
1132 2848 1260 2897 sceleribus
1282 2847 1444 2907 destinatam

287 2920 350 2961 tores
374 2912 492 2978 precipue
520 2913 682 2962 celebrantur:
712 2911 761 2960 vid.
786 2912 846 2960 Aul.
880 2914 1001 2976 ἀμοιβὴν,
1017 2914 1175 2963 auricomos·
1194 2913 1293 2977 cl.sup.
1310 2913 1328 2969 i,
1342 2914 1384 2969 28,
1400 2914 1444 2962 33.

287 2976 353 3025 Gell.
367 2976 414 3032 rvi,
429 2976 536 3033 ll,binc
552 2978 672 3041 Virg.vii,
686 2978 742 3031 758,
761 2976 847 3024 Marsis
881 2977 949 3025 Diris
970 2994 1007 3026 aas
1031 2994 1109 3041 agam,
1133 2978 1204 3026 malis
1230 2976 1443 3035 exsecrationibus,

300 3044 365 3089 ussit
376 3043 507 3090 ementibus
519 3040 801 3099 berba,ubivid.Cerd.:
814 3040 847 3087 ci.
880 3040 969 3105 quibus
987 3055 1061 3106 poena
1079 3056 1094 3088 s
1113 3043 1196 3090 vestus
1217 3042 1348 3089 sceleribus
1368 3057 1443 3107 expe·

286 3058 499 3153 litationem
519 3106 593 3154 ovid.
611 3106 666 3155 Art.
683 3104 848 3161 am.ii.102,
881 3113 954 3160 tatur,
977 3121 1019 3153 vos
1039 3106 1128 3169 urgebo
1151 3114 1175 3153 et
1196 3121 1340 3170 peraequum
1364 3123 1444 3169 agere,

287 3168 331 3217 iul.
348 3168 406 3243 avii,
426 3186 449 3217 v.
469 3170 501 3218 29
522 3170 602 3217 Marsa
623 3173 699 3218 acaia
716 3168 803 3234 pariter
819 3168 850 3218 de
899 3185 933 3223 ro,
953 3186 1043 3233 urgere,
1062 3169 1181 3235 persequi,
1197 3176 1225 3216 ut
1242 3184 1318 3217 carm.
1332 3186 1371 3233 sq.
1383 3187 1406 3217 r.
1417 3172 1445 3219 7.

288 3234 650 3361 lilliinlorllilefflii'polelliffs
669 3235 850 3362 glllllllrinciilli
882 3234 1313 3347 tulliirl'iliisoelueiralllifliloetiriili
1326 3298 1330 3306 '
1345 3250 1445 3351 'litingi

289 3362 387 3427 perebo,
402 3369 427 3408 et
443 3360 496 3416 tibi,
512 3361 622 3425 quamvis
639 3360 713 3409 inviro
730 3369 754 3409 et
771 3360 849 3409 reluc-
884 3361 928 3410 Uti
950 3362 1029 3409 Furia
1050 3362 1165 3410 scelestos
1186 3361 1303 3417 homines,
1328 3361 1364 3410 its
1385 3378 1445 3428 puer

289 3425 359 3481 tanti,
379 3424 513 3473 infundam.
551 3426 666 3489 Priusqua
684 3426 766 3473 coelum
782 3427 850 3483 sidet,
884 3426 999 3474 veneficas
1010 3426 1119 3490 persequi
1130 3427 1199 3486 sult3
1215 3426 1267 3481 sed,
1278 3434 1306 3473 ut
1315 3441 1382 3491 puer,
1395 3442 1444 3475 nan

288 3496 346 3537 cett.
377 3490 410 3537 Et
425 3488 491 3555 prius
507 3496 572 3536 totus
589 3504 665 3536 rerum
686 3496 777 3537 naturae
794 3487 851 3537 ordo
884 3490 1022 3547 Furiarum,
1040 3490 1082 3538 sed
1100 3489 1196 3537 Furoris
1212 3504 1337 3554 personam
1356 3490 1445 3539 induit.

289 3551 418 3601 invertetur
432 3561 456 3602 et
472 3552 726 3617 confundetur,quam
742 3551 792 3599 lieri
806 3568 850 3663 po-
885 3554 1032 3619 Comparant
1059 3556 1159 3603 Sueton.
1180 3554 1240 3603 Ner.
1261 3569 1286 3603 c.
1308 3555 1349 3611 34,
1374 3572 1447 3617 neque

289 3616 345 3665 terit
359 3616 454 3675 boc,ut
472 3632 519 3664 uon
536 3625 611 3673 tauta,
624 3626 791 3680 quantsnunc
822 3632 851 3664 oc
884 3619 973 3667 sceleris
993 3618 1261 3683 asmantiam—serre
1281 3621 1368 3681 paruit,
1389 3635 1447 3681 repe

289 3678 407 3737 bitumen,
425 3681 512 3729 amoris
530 3680 575 3729 mei
595 3680 692 3728 flamma
707 3680 851 3745 corripiaris.
884 3681 997 3746 consessas
1013 3684 1127 3745 exagitari
1142 3699 1165 3730 se
1180 3693 1286 3729 materna
1301 3684 1381 3744 specie,
1392 3700 1446 3731 aer-

293 3742 415 3791 Biramea:
433 3744 462 3794 de
478 3746 597 3793 bituminis
613 3745 639 3792 in
656 3759 681 3792 re
696 3744 791 3807 magica
807 3759 852 3793 usu
885 3747 975 3793 bertius
998 3746 1128 3793 Feriarum
1149 3764 1177 3795 ac
1199 3749 1264 3795 tedis
1286 3748 1448 3799 candentibus.

291 3806 324 3854 cf.
346 3808 390 3856 Vir
409 3844 415 3855 .
435 3810 489 3857 Ecl.
507 3808 557 3864 viii,
575 3810 616 3857 82.
651 3810 724 3863 Atria,
745 3808 806 3856 refer
821 3808 853 3856 ad
885 3808 951 3857 Dido
972 3824 1068 3874 quoque
1088 3811 1160 3874 paulo
1181 3818 1238 3859 anta
1259 3818 1359 3858 mortem
1380 3810 1449 3875 apud

291 3878 368 3919 atrurn
391 3825 490 3928 lunum,
514 3888 585 3937 quem
611 3871 735 3920 bituminis
758 3873 853 3921 flamma
886 3874 955 3937 Virg.
975 3876 1035 3922 AEn.
1051 3874 1084 3929 iv,
1099 3875 1156 3931 384,
1173 3874 1260 3937 Sequar
1276 3877 1335 3922 atris
1352 3877 1448 3939 quibu

291 3936 366 3983 volvit
377 3944 494 4000 rotatque.
883 3939 970 3992 absens,
988 3938 1029 3995 Et,
1045 3956 1115 4003 quum
1124 3938 1223 4003 frigida
1241 3954 1300 3986 mars
1316 3942 1395 3987 amima
1413 3955 1448 3985 se·

324 4001 447 4049 tta-102.
464 4002 568 4049 Sabbas
582 4018 650 4063 puer.
663 4000 720 4047 dura
735 3999 788 4048 haec
802 4000 851 4048 Ca·
884 4003 976 4049 cluserit
991 4013 1066 4057 artus,
1080 4003 1191 4049 Ornrnbus
1204 4005 1285 4051 umbra
1301 4004 1355 4051 iacis
1368 4005 1448 4053 adera.

293 4063 359 4112 uidia
378 4066 513 4130 peragebat,
534 4074 558 4113 et
576 4080 634 4129 puer
656 4064 715 4111 nibil
735 4064 785 4129 spei
806 4064 853 4113 sibi
887 4065 1449 4129 Petamqaeaalrus:Ovid.inlbin146,Tuss

292 4128 403 4185 relietum
425 4144 476 4177 esse
499 4128 659 4193 intelligebat.
700 4129 793 4184 Leaire,
817 4144 852 4179 sc.
884 4146 971 4192 quaque
990 4132 1113 4194 jactorum
1140 4132 1230 4178 veniam
1258 4148 1341 4179 memor
1367 4133 1449 4178 umbra

293 4194 443 4255 tentaviuag
470 4208 537 4241 essus
548 4202 593 4248 est,
605 4192 642 4241 vel
655 4192 793 4257 simpliciter
802 4207 853 4265 pro,
886 4202 987 4249 tuorum,
1012 4196 1124 4259 Insequar
1145 4204 1167 4240 et
1192 4197 1271 4243 vuitus
1292 4210 1351 4243 anea
1365 4196 1452 4260 farma

293 4256 392 4305 lenibat.
451 4260 495 4305 nde
506 4268 620 4319 rumperet
630 4258 757 4311 siiortium,
767 4258 855 4319 quibus
887 4265 945 4306 tuas.
980 4259 1036 4312 Qua
1053 4263 1087 4307 vis
1098 4260 1201 4307 Deorum
1215 4269 1249 4307 est
1263 4260 1387 4306 blanciam:
1405 4273 1450 4323 sp-

293 4321 372 4369 verbis
387 4321 477 4387 justam
489 4320 519 4369 de
536 4320 645 4369 inaudita
655 4320 813 4369 veneficarum
829 4321 855 4368 in
932 4322 964 4371 ite
985 4323 1009 4370 in
1030 4324 1091 4371 hanc
1109 4339 1159 4371 rem
1179 4323 1220 4371 Cl.
1241 4322 1343 4371 blitscb.
1364 4320 1452 4378 laudat

295 4386 473 4435 secrudelitate
486 4384 544 4432 iram
556 4385 635 4458 palam
649 4383 745 4433 laceret.
774 4384 856 4432 Preces
914 4386 1154 4442 aumentarias.
1180 4386 1452 4435 Aauemmotmimus

296 4448 425 4513 Thyesteas,
447 4456 630 4505 exsecrationes,
653 4449 765 4511 qualibus
787 4448 854 4512 Thy·
887 4457 923 4497 est
945 4450 1013 4498 locus
1034 4452 1158 4499 Ciceronis
1180 4468 1222 4517 pro
1241 4450 1317 4500 Rosc.
1338 4450 1453 4501 Ameria.

295 4521 356 4560 estes
382 4514 476 4563 fratrem
500 4529 570 4563 suurn
594 4513 696 4561 Atreum
723 4510 855 4561 insectatus
888 4514 963 4571 c.24‚
976 4513 1019 4561 nbi
1035 4530 1069 4572 re,
1085 4530 1157 4578 quam
1174 4524 1251 4581 poete
1267 4530 1309 4581 per
1324 4514 1452 4563 Furiarum
