3150 5200
411 342 681 409 EPISTOLA
711 343 785 407 AD
817 343 1058 413 PISONES.

155 488 222 553 210
244 488 373 555 Placari
389 492 518 559 Genius
533 494 625 559 iestis
641 498 772 581 impune
788 498 917 575 diebus,

242 590 395 657 Accessit
409 597 615 679 numerisque
630 598 801 682 modisque
814 598 945 663 licentia
958 600 1071 685 major.

243 692 400 759 Indoctus
413 697 493 780 quid
508 699 594 761 enim
609 688 740 782 saperet
754 699 902 783 liberque
917 700 1065 765 laborum

241 794 401 861 Rusticus
417 798 542 863 urbano
556 798 723 877 confusus,
739 803 845 885 turpis
859 800 1020 867 honesto?

242 896 298 961 sic
313 900 430 981 priscae
444 912 630 983 motumque
645 912 679 965 et
693 902 855 967 luxuriem
870 904 998 968 addidit
1013 906 1076 969 arti

153 998 220 1061 215
241 998 392 1078 Tibicen,
409 1004 572 1087 traxitque
588 1025 689 1087 vagus
705 1026 766 1087 per
780 1004 909 1089 pulpita
922 1016 1055 1071 restem.

242 1100 297 1165 Sic
312 1103 410 1165 etiam
424 1103 546 1169 fidibus
562 1127 657 1169 voces
673 1127 805 1170 crevere
820 1108 952 1184 severis,

242 1201 289 1266 El
304 1204 378 1268 tulit
392 1204 557 1289 eloquium
570 1206 735 1271 insolitum
750 1206 904 1271 facundia
917 1230 1077 1293 proeceps,

241 1304 443 1390 Utiliutnque
459 1330 560 1391 sagax
573 1328 692 1383 rerum,
708 1318 742 1371 et
756 1308 867 1372 divina
882 1308 995 1387 futuri,

241 1406 412 1491 Sortilegis
426 1431 491 1473 non
507 1410 686 1492 discrepuit
703 1412 864 1473 sententia
880 1408 1032 1494 Delphis.

154 1508 220 1571 220
284 1508 434 1575 Carmine
450 1512 506 1593 qui
521 1510 644 1595 tragico
660 1510 753 1575 vilem
768 1511 903 1575 certavit
918 1512 960 1574 ob
975 1511 1112 1591 hircum,

240 1608 325 1674 Mox
339 1613 436 1677 etiam
451 1622 596 1697 agrestes
613 1612 748 1696 Satyros
763 1612 910 1691 nudavit,
925 1622 960 1676 et
974 1634 1072 1697 asper

151 1761 223 1822 pudet
241 1762 354 1819 recitare,¹
382 1762 460 1827 Epist.
471 1761 497 1819 ii,
511 1764 535 1817 1,
548 1762 588 1821 50,
600 1771 662 1810 arcto
672 1764 714 1810 sti·
748 1761 825 1821 mate)
843 1761 943 1811 humum
959 1772 1069 1813 teneret.
1101 1764 1189 1822 Motus,
1206 1765 1237 1815 de
1256 1782 1308 1816 cor·

151 1825 407 1887 potatieotroSpactat
420 1826 491 1873 Roma
502 1836 589 1888 poteris.
747 1826 811 1890 poris
834 1826 966 1890 jactatione
988 1828 1094 1884 mimica,
1117 1830 1155 1879 rel
1182 1829 1213 1879 ds
1233 1830 1306 1879 salta·

186 1888 243 1944 206,
254 1889 312 1937 207.
331 1890 381 1944 Quo
396 1889 434 1953 (iu
446 1890 530 1939 sedilia
546 1906 630 1955 nempe
648 1890 714 1939 thea-
748 1891 827 1939 tione:
844 1907 899 1956 sup.
917 1892 966 1940 Od.
986 1892 1021 1951 iii,
1038 1893 1063 1949 6,
1082 1894 1123 1950 21,
1136 1893 1215 1942 Motus
1232 1897 1307 1942 docem

154 1949 198 2014 tri)
217 1954 291 2001 coibat
306 1956 405 2016 populns
421 1970 475 2001 sane
489 1956 636 2003 namabilis
654 1956 714 2019 (uu·
745 1957 834 2019 gaudet
854 1955 942 2004 Ionicos
959 1956 1059 2005 Matura
1076 1960 1157 2021 uirgo,
1175 1958 1210 2006 sic
1230 1968 1303 2006 motus

153 2014 261 2064 mersbili
271 2017 354 2081 utiquo
365 2017 458 2083 copia),
468 2018 712 2083 sincerrimeque
743 2020 809 2074 dure,
820 2034 871 2083 pro,
885 2019 980 2075 saltare,
995 2021 1064 2083 Virg.
1075 2021 1138 2069 Gao.
1150 2020 1167 2078 i,
1179 2022 1236 2077 350,
1249 2021 1305 2069 Lir.

152 2094 240 2143 parvus
258 2089 316 2139 erat,
336 2098 384 2131 non
403 2082 472 2147 copia
490 2082 666 2137 innumerabili,
685 2091 713 2131 ιι
744 2082 784 2139 vii,
805 2084 839 2142 23
873 2083 948 2132 etsie
965 2084 1117 2139 mormius.
1134 2101 1158 2132 v.
1177 2087 1235 2140 232,
1254 2100 1305 2149 pro.

154 2159 242 2257 ιιιιιιιοοὲ1
253 2144 321 2258 istqua
336 2146 436 2211 (frugi)
447 2144 585 2203 industrius,
598 2146 710 2211 pudicus,
744 2146 847 2257 amatre:
866 2162 920 2257 sup.
938 2147 1060 2260 Epilss3tii,
1080 2150 1105 2205 2,
1127 2150 1183 2207 125,
1205 2150 1306 2259 Cycpopa

153 2222 211 2255 em
243 2224 318 2257 esus.
744 2228 854 2259 mossur.
909 2228 935 2259 er
968 2230 983 2258 u
1009 2229 1053 2268 ra,
1103 2227 1305 2261 rscensmum

185 2274 242 2321 209.
260 2274 351 2330 latior,
374 2272 446 2323 latius
470 2282 563 2341 patens,
584 2274 710 2330 extensior,
745 2274 834 2322 tabulis
845 2228 966 2322 stratumi
978 2228 1138 2325 clintiedv.
1149 2277 1207 2323 279.

153 2336 260 2401 amplior.
297 2336 395 2400 Vinaque
405 2341 499 2395 diurno,
511 2347 535 2387 et
547 2337 662 2387 conviviis
674 2340 712 2388 vel
778 2340 836 2387 216.
852 2339 890 2385 Sia
899 2341 982 2386 etiam:
994 2340 1027 2388 sic
1039 2340 1110 2388 etism
1121 2339 1211 2387 lactum
1223 2347 1268 2395 est,
1280 2349 1309 2389 ut

153 2399 366 2465 compotationibus
382 2405 410 2451 de
423 2405 470 2461 die,
483 2402 508 2449 h.
519 2418 541 2451 e.
554 2413 610 2451 aare
620 2413 712 2468 tempus
744 2402 804 2465 lyra,
823 2402 901 2450 auctis
919 2402 1015 2460 fidibus,
1030 2404 1110 2468 plures
1124 2418 1195 2451 sonos
1209 2403 1302 2453 ederem

151 2464 258 2521 solitum,
270 2464 307 2513 vel
318 2465 386 2531 justo
397 2466 558 2545 tempestivius
575 2466 712 2531 incipienti·
744 2467 798 2528 lyra
809 2466 896 2514 dicitur
910 2483 995 2523 sensrm
1007 2468 1066 2530 quia
1079 2484 1164 2524 nomn,
1176 2467 1203 2515 h.
1214 2483 1237 2516 e.
1249 2483 1303 2531 gra·

152 2525 214 2589 bus,
231 2528 265 2578 sic
285 2528 365 2578 Graeci
382 2530 398 2579 d
417 2530 533 2595 ἠμέρας
551 2531 643 2586 πίνειν,
662 2530 711 2580 vid.
744 2529 809 2579 viora
835 2541 860 2578 et
880 2529 1019 2578 sublimiora
1040 2530 1113 2579 canit.
1160 2531 1217 2579 Non
1245 2539 1304 2595 puto

151 2591 255 2642 amiciss.
267 2593 367 2644 Jacobs.
379 2540 416 2643 sti
419 2593 520 2644 Authol.
531 2595 611 2644 Grac.
623 2595 711 2653 'l'.riii,
743 2594 816 2650 enim,
839 2593 904 2659 quod
931 2593 1011 2660 plures
1037 2596 1181 2660 Interpretes
1206 2603 1302 2660 putant,

151 2671 176 2720 p.
186 2658 242 2715 144,
251 2657 339 2707 ethius
349 2658 467 2723 ejusmodi
478 2659 587 2708 convivia
597 2659 712 2709 dicuntur
743 2674 875 2707 sermonem
894 2657 934 2706 hic
951 2674 1004 2708 esse
1021 2658 1052 2707 de
1067 2659 1123 2723 lyra
1138 2659 1165 2707 in
1180 2659 1305 2723 tragoediis

152 2725 293 2783 tempestiva:
310 2722 358 2771 vid.
369 2723 494 2772 Ernest.in
506 2724 576 2773 clav.
587 2723 642 2772 Cic.
654 2739 675 2772 s.
684 2741 709 2772 v.
742 2737 798 2778 usu,
811 2722 876 2771 unde
887 2721 930 2770 illa
944 2721 1010 2772 dicta
1024 2722 1057 2771 sit
1065 2739 1159 2781 uuara5
1172 2723 1223 2780 sed,
1234 2734 1299 2788 post·

152 2785 222 2833 Dect
233 2786 395 2848 Tempestivus.
741 2802 815 2851 quam
827 2785 941 2834 Horatius
951 2785 1047 2835 locutus
1064 2795 1101 2835 est
1115 2787 1146 2835 de
1160 2787 1229 2835 novis
1240 2787 1302 2835 doti·

183 2849 240 2898 210.
258 2850 471 2909 Pacarium,-
491 2851 526 2900 sic
541 2867 594 2916 sup.
607 2850 656 2900 Od.
674 2851 710 2909 iii,
742 2850 787 2898 bus
816 2850 903 2914 quibus
925 2852 983 2898 tibia
1006 2850 1153 2915 locupletata
1174 2851 1214 2909 sit,
1236 2867 1302 2908 eum,

153 2911 192 2968 17,
207 2915 246 2969 15,
259 2913 359 2962 Genium
375 2932 436 2962 mero
454 2933 553 2964 curare:
571 2915 613 2979 qui
628 2915 709 2964 hilari·
742 2930 798 2963 cum
810 2913 867 2978 lyras
877 2929 982 2978 quoque,
995 2914 1071 2962 auctis
1082 2913 1179 2970 fidibus,
1189 2929 1261 2963 voces
1276 2924 1301 2964 et

150 2974 194 3023 tati
202 2977 287 3026 etrite
297 2977 443 3041 jucunditati
454 2977 588 3042 indulgent,
598 2979 710 3028 dicuntur
742 2978 795 3027 soni
816 2977 970 3042 multiplicati
995 2986 1084 3034 essent,
1111 2978 1136 3025 iu
1163 2977 1301 3027 universum

148 3040 243 3100 placare
265 3041 300 3090 vel
324 3059 408 3090 curura
430 3043 540 3099 Genium,
563 3042 621 3090 dum
643 3051 709 3106 grato
742 3042 833 3106 aliquid
850 3052 875 3090 et
892 3057 917 3090 se
934 3041 1018 3088 amtim
1033 3039 1190 3090 crescenica
1205 3042 1232 3089 in
1249 3042 1301 3090 lau·

150 3103 230 3176 animo
248 3105 360 3154 fruuntur
376 3105 513 3156 muneribus
531 3123 586 3171 qua
611 3108 708 3163 Genius,
742 3105 796 3154 dem
813 3106 870 3170 lyrae
887 3058 1059 3177 velpoetarum
1071 3104 1196 3177 lyricorum
1214 3104 1302 3178 addere

150 3181 238 3278 cGttrque
249 3167 342 3281 homi'p}
349 3169 453 3280 aldditus,
465 3169 601 3244 suppeditat
627 3170 707 3282 dlpinc
741 3169 844 3244 voluisse
864 3169 983 3280 esisttnplp.
994 3240 1004 3280 t
1014 3169 1206 3281 ⁸{lgregrtisacarta
1222 3169 1300 3235 opmi.

150 3247 620 3370 aii'iiiiri..¹?³“ii.iii’.‚¹¹⁸uii¹..,
640 3249 709 3347 idi}
740 3247 1300 3371 miliioer‘idiiniroiiiioeinuspoqn

150 3357 203 3420 legs
229 3359 285 3408 huic
304 3360 398 3408 vivendi
424 3361 483 3410 mori
506 3362 630 3411 obstante:
652 3377 708 3427 sup.
740 3360 818 3426 lyrici,
847 3371 952 3425 raecrprte
969 3376 1039 3424 quast
1052 3375 1125 3408 cursu
1139 3375 1225 3408 ruens:
1243 3359 1301 3408 hinc

150 3422 229 3487 Epist.
247 3423 264 3480 i,
284 3427 309 3480 5,
329 3427 368 3482 10,
386 3425 482 3487 impons
501 3427 577 3474 licebit
595 3427 706 3474 AEstivom
739 3440 794 3490 sup.
806 3379 854 3473 Od.
867 3424 899 3482 ir,
911 3428 936 3480 2,
950 3426 1029 3487 isqq.
1040 3422 1071 3472 da
1082 3422 1201 3473 Pindaro:
1221 3424 1300 3473 Maste

149 3502 248 3536 sumone
259 3489 355 3551 benigno
365 3491 456 3537 tardare
465 3499 561 3538 noctem.
739 3492 862 3537 decurrens
882 3491 946 3536 velut
967 3488 1156 3536 amitis-Fervet
1167 3490 1299 3536 immensus-

181 3553 239 3607 212.
261 3552 320 3600 213.
346 3553 453 3601 indoctus
493 3556 534 3601 uid
557 3556 626 3611 enim,
650 3561 707 3602 ceit.
739 3569 782 3615 qus
803 3555 854 3600 ruit
873 3551 990 3616 profando
1008 3552 1128 3600 Pindarus
1150 3567 1198 3599 ore.
1232 3552 1298 3600 Talis

150 3615 269 3678 quomodo
284 3615 349 3664 enim
367 3615 466 3665 couinsa
479 3571 610 3665 lominum
626 3619 705 3674 turba,
740 3615 866 3680 (protulit)
884 3617 1002 3687 eloquium
1017 3617 1153 3672 insolitum
1170 3614 1298 3688 11551115-

150 3678 191 3726 ubi
215 3679 317 3728 rusticus
337 3681 483 3742 (tridacna),
506 3680 577 3730 homo
599 3679 665 3728 rudis
683 3690 707 3729 et
739 3680 814 3728 ratius
835 3693 888 3742 sup.
910 3677 959 3726 Od.
978 3694 1014 3735 ιιι,
1030 3681 1072 3736 25,
1093 3679 1119 3732 7,
1136 3677 1166 3726 de
1190 3693 1216 3727 ss
1237 3693 1300 3743 ipso,

148 3751 203 3807 post
211 3753 318 3807 peractos
329 3743 420 3818 labores
431 3743 501 3808 genio
514 3759 557 3793 suo
568 3743 705 3817 indulgens,
739 3743 824 3820 Dicam
847 3745 947 3806 imigne,
970 3757 1055 3798 recens,
1075 3743 1159 3791 Adhuc
1185 3744 1299 3790 indictum

148 3807 705 3944 idliidulltiiidiciiltiisiirimispciirdlastuiiuiddld
742 3811 905 3943 mappam·
924 3867 1027 3940 Utiliass
1043 3885 1115 3933 sagas
1130 3885 1220 3941 ranam,
1240 3875 1298 3940 cett.

148 3933 179 3983 de
200 3934 245 3984 hac
269 3951 293 3985 re
312 3935 400 3984 sentire
419 3943 444 3984 et
463 3935 582 3986 subtiliter
597 3934 705 4000 judicata
737 3943 761 3984 et
775 3942 951 3987 sententiares
970 3933 1041 3980 utiles
1057 3939 1298 3995 mgamterpervestr·

148 4001 254 4062 poterat?
768 4007 805 4046 tas
820 3996 990 4060 complectens,
1002 4005 1026 4044 et
1036 3994 1150 4042 divinitus
1166 3991 1300 4069 predicens

180 4064 239 4119 211,
249 4065 308 4112 215.
323 4063 375 4112 Sic.-
387 4062 443 4112 hiuc
452 4063 543 4112 iactum
553 4073 598 4119 est,
610 4071 638 4111 ut
649 4061 704 4110 tibi·
749 4071 827 4119 utura,
838 4075 887 4109 non
898 4058 1027 4132 discrepuit
1043 4059 1074 4106 ab
1087 4057 1191 4107 oraculis
1202 4065 1227 4106 et
1236 4057 1298 4131 vati·

147 4140 193 4174 cen
212 4127 260 4191 (ci.
283 4143 338 4192 sup.
359 4126 436 4191 Epist.
453 4127 479 4184 ii,
502 4129 523 4182 l,
544 4127 591 4184 90)
611 4129 705 4188 (prisca
737 4125 809 4174 ciniis
824 4139 879 4188 qua
897 4122 1001 4187 Delphis
1017 4121 1157 4170 edebantur.
1202 4121 1297 4169 Vatscs·

146 4191 211 4252 arsi)
223 4190 328 4255 pristina
339 4189 494 4255 simplicitati,
506 4190 547 4239 nbi
557 4189 617 4238 tibia
627 4189 706 4238 tenuis
739 4197 828 4237 uantur
837 4197 918 4236 autem
928 4193 1004 4259 poeta
1015 4185 1092 4258 lyrici,
1105 4183 1259 4258 ut'Horatius
1267 4183 1297 4233 ds

147 4254 296 4382 sipnplerpue
328 4254 443 4382 iorapgpp
466 4269 543 4367 papo
560 4253 706 4380 tspsspipabap
738 4253 844 4364 ⁵T..il'⁸⁰’
867 4248 916 4300 Od.
934 4265 960 4305 u,
978 4251 1019 4306 20,
1038 4250 1116 4314 Epist.
1134 4263 1152 4305 1,
1169 4248 1211 4305 20,
1228 4255 1253 4296 et
1267 4246 1299 4298 da

148 4333 220 4366 coro
258 4333 287 4366 su
306 4353 312 4365 .
334 4335 358 4366 v.
446 4353 453 4374 ,
534 4333 558 4366 ro
604 4335 689 4365 moun
738 4332 801 4366 ans.

147 4381 254 4454 mimicos
275 4335 385 4455 giptuum
407 4390 487 4431 motus
511 4380 705 4455 etlluxuriosam
769 4375 1296 4451 220-250.PraceptumDecimquuar·

146 4445 706 4575 tonstrinis:esteten
738 4441 1296 4571 {taztmfft.t‘¹.lmnsmsz
