3150 5200
612 349 775 420 LIBER
798 351 826 435 1,
848 353 880 418 3.

255 497 292 563 Si
306 497 396 584 quod
412 497 454 563 sit
470 499 594 579 vitium,
611 525 676 568 non
691 503 858 568 fastidiret
882 491 1080 569 strabonem¹

187 599 232 662 45
254 597 412 684 Appellat
427 599 554 666 Paetum
568 615 672 687 pater,
688 613 723 669 et
738 604 880 681 Pullum,
895 603 978 668 male
993 626 1113 688 parvus

254 699 291 764 si
305 703 359 766 cui
373 701 459 766 lilius
474 713 537 780 est,
551 715 588 768 ut
603 705 769 770 abortivus
785 703 849 769 fuit
863 705 939 770 olim

254 801 433 886 Sisyphum
456 802 543 869 hunc
558 804 685 870 Varum
698 806 846 870 distortis
859 806 1022 883 cruribus,
1035 805 1126 870 illum

254 901 404 967 Balbutit
419 902 578 970 Scaurum
592 908 701 990 pravis
717 907 834 972 fultum
847 907 931 972 mele
947 907 1031 972 telis.

255 1002 390 1090 Parcius
404 1004 458 1069 hic
472 1007 566 1070 vivit:
591 1007 678 1092 frugi
693 1009 833 1074 dicatur.
881 1007 1018 1092 ineptus

190 1103 234 1166 50
255 1103 302 1168 Et
312 1105 488 1189 jactantior
502 1107 557 1173 hic
572 1109 681 1192 paullo
696 1120 766 1174 est:
791 1111 967 1175 concinnus
982 1110 1104 1186 amicis,

255 1205 405 1270 Postulat
419 1217 466 1285 ut,
482 1208 641 1274 videatur.
688 1211 736 1274 At
750 1221 802 1274 est
816 1211 1030 1277 truculentior
1044 1221 1142 1294 atque

255 1305 334 1371 Plus
349 1329 444 1390 aequo
458 1307 558 1374 liber:
582 1312 719 1396 simplex
734 1312 893 1395 fortisque
908 1313 1079 1376 habeatur.

255 1407 388 1473 Caldior
402 1419 470 1473 est:
493 1431 584 1476 acres
599 1413 684 1476 inter
699 1421 898 1477 numeretur.
944 1412 1084 1496 Opinor,

254 1508 337 1574 Haec
352 1533 405 1575 res
420 1521 454 1576 et
465 1512 585 1596 jungit,
597 1514 730 1597 junctos
745 1525 779 1578 et
794 1523 901 1577 servat
915 1513 1046 1577 amicos.

190 1610 233 1674 55
254 1608 302 1674 At
315 1633 374 1676 nos
390 1613 526 1676 virtutes
537 1614 625 1697 ipses
641 1615 841 1692 invertimus,
856 1624 955 1698 atque

255 1710 425 1776 Sincerum
439 1714 587 1797 cupimus
603 1737 659 1780 vas
673 1717 865 1781 incrustare.
912 1714 1042 1780 Probus
1056 1716 1130 1800 quis

253 1812 438 1878 Nobiscum
452 1815 540 1892 vivit,
556 1817 691 1880 multum
706 1818 867 1882 demissus
881 1815 995 1894 hom03
1018 1815 1065 1880 illi

253 1913 367 1979 Tardo
382 1937 561 2000 cognomen
575 1919 690 2002 pingui
703 1929 738 1982 et
751 1917 877 1981 damus.
924 1916 990 1981 Hic
1006 1917 1090 2002 fugit
1105 1939 1216 1984 omnes

254 2015 405 2093 Insidias,
422 2015 564 2099 nullique
579 2018 663 2083 malo
675 2019 761 2082 latus
777 2018 871 2082 obdit
886 2028 1046 2102 apertum,

165 2147 247 2222 igitur,
255 2154 282 2197 ut
292 2148 331 2197 hie
342 2163 405 2197 error
415 2157 546 2198 amatorum
557 2149 583 2197 in
594 2151 724 2199 amicarum
757 2149 1005 2223 qui,dumineptere
1045 2149 1318 2216 rendintioneplacara

166 2211 231 2260 vitiis
245 2213 324 2261 locum
339 2212 437 2262 heberet
450 2213 522 2262 etiam
536 2213 561 2262 in
576 2214 725 2272 amicitiast
757 2213 845 2271 studet,
864 2213 990 2279 disphcet:
1030 2213 1196 2279 escriptiouern
1214 2215 1317 2264 bominis

166 2291 209 2340 pro
226 2277 358 2326 honestiore
373 2291 449 2326 errore
465 2276 589 2327 haberetur
605 2279 725 2328 arirtntis
757 2278 797 2326 ine
813 2277 832 2326 ti
842 2277 909 2326 dedit
919 2277 1004 2327 Cicero
1014 2277 1045 2326 de
1057 2279 1125 2326 Orat.
1136 2277 1162 2334 ii,
1175 2280 1200 2327 ⁴.

166 2341 358 2405 preceptoribus.
824 2343 885 2397 ,oh
903 2343 1034 2389 Concinitur
1051 2344 1140 2397 amicis,
1153 2341 1261 2391 Postulat
1279 2353 1316 2400 ut,

199 2405 293 2460 tuit.
310 2407 342 2453 As
352 2405 404 2468 jum
415 2407 603 2468 prominens.-
621 2417 688 2470 poter
697 2417 725 2454 ut
758 2407 880 2454 videatur:
903 2404 1055 2461 levideatur,
1068 2415 1097 2454 ut
1112 2405 1186 2454 videri
1203 2407 1317 2470 postulet,

164 2471 243 2531 giuti,
251 2475 308 2516 cett.
317 2469 404 2534 junge:
419 2476 444 2515 ot
453 2477 521 2530 poter
530 2479 558 2517 ut
565 2473 634 2534 gnati
641 2469 724 2518 vitiurn
757 2469 837 2525 homo,
847 2470 889 2535 qui
901 2469 994 2533 placere
1005 2478 1029 2517 et
1039 2469 1179 2517 commodus
1189 2484 1242 2518 esse
1251 2470 1318 2534 cupit

167 2546 216 2579 uon
227 2531 326 2590 fastidit,
334 2534 367 2580 sic
376 2547 424 2586 nos,
434 2533 453 2578 ti
464 2536 522 2595 qaod
534 2535 617 2582 uitium
627 2538 658 2584 sit
666 2537 724 2582 ami·
758 2533 855 2594 amicia;
868 2533 936 2599 posui
946 2531 1020 2596 igitur
1027 2532 1126 2608 adhunc
1133 2532 1316 2609 explicationem

166 2595 724 2717 ti1:‘⁰:¹itsltt“‘²⁶⁶‘'”dilituit:
758 2596 1317 2736 etunirutzit‘sumtun2

167 2732 208 2772 net
223 2723 318 2772 brevis:
336 2674 415 2772 ordii
431 2726 481 2773 Sat.
494 2724 513 2780 i,
524 2726 549 2783 2,
562 2726 602 2774 30.
635 2728 724 2784 Suebo,
758 2740 812 2774 care
828 2725 923 2781 malint,
934 2725 1041 2790 postulat
1052 2724 1176 2791 (ineptus)
1193 2733 1220 2774 ut
1236 2726 1319 2775 etnicis

183 2788 208 2835 ui
230 2788 354 2851 detorquet
377 2787 476 2836 oculos:
500 2802 553 2845 nos,
574 2792 616 2837 der
636 2792 725 2839 relisit.
757 2788 807 2837 auis
819 2789 952 2839 concinnus
963 2788 1079 2838 videatur.
1109 2791 1316 2838 Atesttrucuicu·

166 2802 253 2909 ietm,
260 2851 387 2917 interprete
397 2859 476 2901 vetere
488 2851 630 2909 Scholiasta,
637 2856 726 2903 dicitur
758 2856 812 2910 tior,
824 2862 879 2903 cctt.
890 2862 916 2901 ut
931 2853 1033 2902 ferocius
1049 2862 1073 2901 et
1086 2852 1228 2902 insolentius
1242 2869 1268 2903 se
1282 2852 1316 2903 ei-

167 2917 207 2977 qui
218 2917 323 2963 immotis
334 2925 366 2963 est
377 2917 449 2964 oeulis
459 2926 481 2964 et
493 2918 576 2965 imiter
586 2920 724 2977 distinctim
758 2916 811 2974 tert,
823 2925 856 2974 et,
868 2917 984 2983 quicquid
999 2916 1025 2965 iu
1041 2918 1143 2966 buccam
1159 2918 1232 2975 venit,
1243 2918 1318 2983 poulo

168 2979 333 3034 nosiere‚der
342 2982 522 3028 munatiinrelt.
757 2979 856 3030 liberius
882 2990 907 3031 et
930 2980 1146 3030 inconsiderantius
1173 2980 1269 3041 etiutit3
1296 2981 1317 3029 is

200 3045 241 3099 45,
253 3044 294 3091 46.
312 3042 344 3089 Et
358 3043 463 3099 Pullum,
474 3051 530 3092 cett.
542 3052 566 3093 et
577 3043 597 3093 si
609 3044 664 3109 quis
681 3045 724 3093 he·
755 3046 851 3107 simplex
867 3044 931 3119 (qui,
943 3044 1009 3118 quod
1024 3045 1106 3101 sentit,
1123 3044 1252 3108 loquitur),
1258 3046 1315 3110 jin·

167 3104 208 3155 bet
222 3105 300 3155 filium
319 3108 377 3155 mole
392 3107 431 3171 (h.
443 3122 465 3155 e.
477 3116 561 3173 preter
581 3109 686 3165 modum,
699 3118 727 3157 ut
757 3109 830 3171 tismie
842 3108 898 3173 (qur
908 3108 968 3156 nilul
980 3109 1060 3173 timet)
1073 3111 1193 3157 iubeatur.

166 3186 191 3218 v.
201 3173 242 3228 45,
260 3171 292 3219 ci.
310 3170 341 3218 ed
356 3186 380 3218 v.
390 3174 437 3231 25)
453 3186 559 3236 parvum,
571 3173 652 3235 quella
668 3173 725 3221 olim
790 3173 831 3220 53.
850 3174 945 3221 Cnidios·
961 3182 1002 3227 est,
1020 3172 1040 3219 si
1057 3181 1093 3221 est
1110 3172 1181 3220 borno
1196 3170 1317 3220 calidioris

166 3233 214 3281 init
224 3234 340 3300 Sisyphus
356 3234 475 3283 abortivus
486 3235 583 3299 (abortu
599 3237 663 3285 enirn
675 3236 725 3285 neti
757 3244 782 3283 et
804 3235 936 3284 fervidioris
957 3235 1056 3300 ingenii,
1077 3252 1140 3284 ocrea
1163 3238 1233 3292 inter,
1257 3234 1319 3283 inter

166 3297 248 3360 exigui
259 3297 361 3363 corporis
374 3298 453 3347 solent
466 3314 517 3348 esse
529 3299 660 3363 homines),
671 3316 726 3349 eum
758 3300 830 3362 paulo
841 3300 1042 3349 vehementiores:
1059 3316 1119 3356 acer,
1132 3313 1183 3355 nos,
1195 3302 1233 3346 eia
1249 3298 1317 3348 leicltt

167 3368 235 3426 pater
249 3360 336 3410 blanda
352 3362 458 3427 appellat
475 3364 579 3420 Pullum,
607 3364 725 3419 errulum,
758 3363 1070 3430 rcirborer,ttwcsbqtlivtr
1082 3364 1184 3411 Metisci.

184 3440 341 3490 upum;,uoa
370 3427 426 3482 lere,
453 3427 566 3485 Putrisn,
589 3380 727 3477 iiiiirrcicu.
792 3430 898 3476 55-62.
917 3430 949 3477 iit
963 3406 1280 3484 coruinum-incrustare,
1293 3436 1319 3475 at

166 3441 293 3553 iisypiur:
311 3490 393 3539 Schol.
407 3492 494 3554 Cruq.‚
506 3491 543 3539 M.
556 3494 656 3539 Antonio
672 3492 725 3540 Tri·
760 3504 804 3539 nos
824 3491 889 3557 ipsas
908 3490 1007 3541 virtutes
1031 3501 1171 3558 prepostero
1194 3507 1234 3557 pro
1253 3490 1318 3539 vitiis

166 3556 255 3601 umoiro
265 3556 363 3616 pumilio
369 3554 447 3619 fuisse
457 3558 546 3602 duitor
556 3558 621 3603 intra
632 3558 725 3617 bipeda·
758 3554 883 3613 habemus,
895 3555 965 3605 etsie
985 3555 1086 3603 iacimus
1098 3555 1171 3611 idern,
1185 3571 1213 3604 ac
1226 3555 1247 3603 si
1258 3554 1318 3603 veli-

167 3618 210 3665 tem
220 3628 344 3674 staturum,
355 3636 420 3681 quem
431 3620 477 3681 ipse
487 3620 610 3682 Sisyphum
621 3620 724 3681 appella·
759 3634 814 3667 mua
831 3636 873 3667 ras
890 3619 1018 3683 integrum,
1036 3628 1149 3683 tanquam
1166 3619 1276 3668 vitiatum
1293 3628 1318 3667 et

166 3682 205 3728 iat
215 3684 241 3729 ob
253 3684 277 3728 iu
296 3685 343 3730 mii
354 3685 515 3731 calliditatem.
757 3682 879 3739 rimosum,
890 3683 1012 3733 oblinere:
1030 3688 1168 3738 incitatore,
1181 3683 1243 3749 pice,
1253 3697 1316 3737 cera,

197 3698 304 3794 tr-ti.
324 3746 393 3795 Hauc
402 3747 487 3795 Varum
495 3748 605 3802 distortis,
614 3754 670 3796 cett.
680 3746 724 3797 ali·
757 3755 854 3813 stuppa,
865 3749 903 3796 vel
914 3747 962 3795 aliu
973 3764 997 3796 re
1011 3754 1128 3810 tanquam
1144 3756 1225 3795 crusta
1240 3746 1317 3796 obdu·

165 3808 726 3874 utulilium,cujuscruradistortasunt,mollius
757 3826 820 3860 cere.
854 3812 943 3859 Probus
966 3815 1025 3875 qun,
1043 3818 1100 3859 cett.
1134 3811 1208 3859 Hunc
1227 3811 1317 3867 locum,

170 3874 255 3921 Verum
270 3876 354 3936 (cujus
366 3877 441 3935 pedes,
453 3883 479 3921 ut
490 3873 594 3940 loquitur
604 3874 724 3923 Scholies-
757 3890 829 3938 quem
840 3875 928 3923 rectius
939 3874 1134 3938 distinguendum
1143 3874 1233 3929 curem,
1240 3873 1318 3937 ejecte

166 3944 210 3992 tes,
222 3941 347 3986 introrsum
359 3942 524 4003 morcarum)
533 3958 542 3999 ,-
560 3938 643 3995 alium,
654 3940 725 4005 cujus
757 3953 816 3988 voce
826 3949 858 3987 est
869 3948 923 4003 post
933 3942 1041 3993 multam,
1049 3939 1084 3986 ita
1094 3938 1216 3999 intelligo:
1234 3935 1318 4001 siquis

166 4000 209 4047 teli
228 4000 291 4049 mele
310 3999 432 4065 depravati
452 4012 517 4059 sunt,
539 4003 685 4051 balbutiente
702 4012 727 4052 et
758 4004 854 4068 probus,
863 4002 934 4050 multi
943 4001 1041 4067 pudoris
1053 4011 1077 4050 et
1092 4001 1226 4048 timiditatis
1236 4000 1315 4058 bomo,

166 4072 290 4128 paternum
307 4080 409 4113 amorem
426 4067 572 4131 exprimente
583 4082 640 4116 voce
654 4069 725 4115 Scau·
759 4066 884 4115 uobiscum
895 4066 961 4123 vivit,
973 4066 1041 4114 illum
1053 4064 1162 4113 tardioris
1171 4072 1196 4113 et
1207 4064 1316 4130 pinguio-

166 4145 220 4175 rum
240 4128 298 4194 (qui
320 4128 382 4176 talos
404 4130 476 4179 habet
495 4131 629 4191 exstantes)
650 4140 728 4179 vocat.
760 4130 793 4178 ris
807 4128 896 4194 ingenii
908 4129 1028 4178 hominem
1040 4128 1203 4195 appellamus:
1221 4139 1254 4177 est
1264 4136 1319 4192 post

166 4192 265 4241 Scilicet
282 4200 371 4267 patres,
387 4194 408 4241 si
424 4210 473 4259 qua
490 4194 594 4260 corporis
608 4195 665 4243 vitia
683 4195 726 4242 he·
759 4197 857 4243 multam
868 4201 930 4243 recte
938 4194 988 4242 Fen
999 4210 1043 4242 nee
1055 4195 1106 4242 sine
1118 4193 1205 4241 idonee
1215 4193 1318 4240 unctori-

166 4256 224 4305 bem
249 4256 301 4313 filit,
324 4256 432 4309 molliore
452 4258 572 4307 locutione
597 4274 627 4307 ea
649 4260 727 4307 levare
759 4266 807 4308 tate
823 4258 919 4318 omisit,
936 4256 1088 4307 Heindorfius
1104 4272 1146 4322 pro
1162 4266 1193 4304 cst
1205 4256 1272 4305 dedit
1286 4266 1316 4314 et,

165 4320 281 4381 student;
299 4319 371 4369 imici
386 4321 458 4397 igitur
468 4332 546 4388 patres
563 4322 589 4371 iu
605 4323 728 4371 elevandis
759 4322 823 4388 quod
834 4322 887 4371 ferri
901 4330 987 4387 potest,
998 4322 1040 4371 sed
1057 4337 1104 4369 non
1120 4337 1179 4395 opus
1194 4330 1245 4369 est:
1280 4323 1316 4367 in-

166 4385 297 4434 amicorum
318 4384 383 4433 vitiis
403 4386 487 4435 imitari
507 4386 603 4437 debent.
641 4388 726 4452 Frugi,
757 4390 834 4453 goiet
846 4403 888 4452 pro
899 4390 1024 4450 erpingai,
1036 4387 1125 4434 utSat.
1137 4386 1237 4442 1,4,51,
1281 4386 1316 4431 ri·

165 4449 207 4513 qui
227 4448 345 4515 prudente
366 4450 510 4514 parsimonia
529 4460 554 4499 et
572 4451 618 4499 sibi
636 4463 660 4499 et
678 4452 728 4501 suis
762 4470 787 4500 us
800 4460 822 4498 et
832 4468 873 4517 pro
889 4460 910 4499 et
921 4454 1007 4499 ebrius.
1041 4452 1154 4499 Ceterum
1164 4451 1228 4511 proti
1243 4456 1267 4497 et
1278 4451 1318 4497 de·

164 4514 293 4579 prospicit:
312 4516 589 4578 noa,aingaterli'irtlt.
624 4515 727 4578 ineptus,
763 4518 823 4565 missi
838 4515 902 4581 apud
915 4515 1055 4565 Ciceronem
1069 4529 1164 4580 quoque
1178 4513 1322 4579 junguntur,
