3150 5200
707 348 1005 417 CARMINUM

674 655 879 722 CARMEN
905 653 1037 718 XXVI.

641 869 714 916 AD
761 863 1078 914 VENEREM.

501 1011 586 1074 v1x1
602 1009 718 1095 puellis
734 1031 840 1092 nuper
855 1008 1002 1082 idoneus,

503 1113 550 1176 Et
563 1112 695 1192 militavi
710 1133 776 1174 non
792 1111 860 1173 sine
875 1107 994 1192 gloria:

543 1214 643 1278 Nunc
658 1234 747 1275 arma
761 1209 1014 1290 dehmotumque
1029 1207 1115 1271 bello

589 1314 749 1378 Barbiton
763 1312 817 1375 hic
832 1312 939 1395 paries
951 1309 1098 1382 habebit,

448 1419 468 1478 5
503 1415 637 1479 Laevum
652 1415 783 1478 marinae
799 1414 854 1496 qui
869 1411 1009 1476 Veneris
1024 1410 1109 1473 latus

503 1515 666 1580 Custodit.
712 1515 789 1590 Hic,
805 1513 858 1577 hic
874 1514 985 1597 ponite
1000 1511 1108 1576 lucida

544 1615 691 1692 Funalia,
707 1627 741 1679 et
754 1625 875 1689 vecteS,
891 1625 924 1678 et
939 1635 1034 1677 arcus

589 1717 761 1801 Oppositis
776 1715 902 1780 foribus
917 1716 1068 1778 minaces·

503 1819 536 1882 Ο
552 1842 625 1902 quae
639 1821 778 1894 beatam,
796 1817 893 1892 Diva,
911 1827 1001 1880 tenes
1017 1815 1172 1899 Cyprum,
1186 1827 1219 1879 et

443 1921 482 1984 10
504 1920 676 2004 Memphin
691 1927 853 1983 carentem
870 1916 1018 1980 Sithonia
1031 1917 1114 1992 nive,

291 2070 370 2119 duleis
385 2078 422 2118 est
437 2068 479 2118 ille
492 2069 556 2117 furor
572 2086 621 2134 quo
635 2069 689 2135 quis
702 2067 848 2134 percilitatur
880 2067 1020 2126 bit,n1unit,
1038 2083 1079 2133 pro
1090 2065 1190 2130 vulgari,
1201 2065 1244 2130 qui
1262 2075 1299 2116 ent
1309 2067 1346 2115 vel
1362 2075 1411 2116 rtet
1425 2084 1441 2116 a

290 2135 361 2183 deum
377 2132 460 2198 eequi5
482 2133 518 2181 tie
535 2150 588 2200 nup.
605 2133 639 2190 iii,
659 2136 683 2190 4,
701 2136 726 2188 6,
743 2135 849 2180 ornabitis
880 2132 941 2180 lava
974 2139 1023 2180 arte
1039 2132 1130 2196 templi,
1141 2131 1167 2178 in
1185 2145 1233 2195 quo
1246 2132 1331 2179 Venus
1347 2135 1441 2180 marim

289 2201 391 2247 intonit.
426 2198 560 2261 cingentem
576 2201 649 2246 viridi
664 2208 765 2259 tempora
782 2214 847 2258 pem·
882 2195 946 2258 (ἀνα
961 2195 1059 2259 υομὲνη,
1078 2195 1109 2244 el.
1128 2195 1324 2258 hiumam)
1342 2195 1441 2245 colitur.

288 2265 364 2323 pino:
385 2262 502 2316 rimiliter,
518 2262 563 2311 inl.
581 2262 614 2318 iv,
634 2263 658 2318 8,
676 2264 717 2320 33,
736 2261 850 2308 Bacchus
883 2259 975 2307 Laevum
991 2263 1068 2308 latur:
1087 2258 1188 2308 Venerit
1208 2274 1293 2332 nempe
1314 2259 1442 2309 simulacro

290 2335 387 2373 ornatur
398 2329 469 2372 viridi
479 2335 580 2387 tempora
587 2329 695 2388 pampino
705 2324 850 2389 depingitur.
883 2323 922 2371 hio
933 2322 1018 2388 parier,
1033 2339 1080 2388 quo
1095 2337 1160 2370 arma
1170 2336 1214 2370 sut
1225 2333 1343 2387 positurus
1353 2332 1413 2380 erat,
1427 2340 1443 2372 a

883 2388 951 2444 leva,
970 2387 1060 2451 templa
1081 2402 1136 2434 vero
1158 2385 1299 2434 intrantibus
1322 2401 1335 2434 a
1355 2385 1443 2436 dextre

437 2453 590 2500 CARMEN
608 2453 707 2500 XXVI.
883 2451 955 2500 fuitne
967 2450 1068 2500 videtur.
1101 2451 1157 2506 Hie,
1168 2452 1205 2498 lie
1213 2453 1299 2511 ponite,
1311 2459 1367 2498 cett.
1379 2450 1441 2500 allo·

324 2516 400 2562 Poeta
411 2530 436 2562 se
447 2530 562 2571 amorum,
574 2515 662 2578 quibus
676 2514 755 2562 ndhuo
769 2515 850 2563 indul·
883 2515 964 2578 quitur
979 2514 1137 2570 administros,
1147 2529 1208 2578 quos
1225 2529 1289 2562 mnne
1303 2514 1354 2578 jam
1372 2513 1442 2562 dedi·

291 2577 356 2632 terit,
368 2577 460 2627 lusibus
476 2593 541 2628 nune
557 2578 696 2628 defunctum
712 2594 764 2628 etse
780 2580 850 2645 proli-
884 2578 961 2627 cauda
980 2587 1100 2644 apportare
1116 2578 1228 2627 'ussemt
1245 2581 1330 2640 peralto,
1348 2593 1390 2643 pro
1421 2579 1443 2630 'e

290 2651 362 2691 tetur.
395 2644 524 2707 Compemt
545 2652 625 2691 autem
650 2659 676 2691 te
697 2658 754 2691 oum
777 2644 854 2692 milite
884 2642 914 2691 de
936 2645 1005 2692 rebus
1027 2660 1081 2708 quie
1103 2595 1260 2701 delineatum
1283 2642 1317 2690 ric
1339 2644 1385 2691 Ovi
1404 2644 1444 2693 ius

291 2708 405 2763 emerito,
426 2714 451 2754 et
470 2706 669 2780 quemadmodum
694 2707 763 2756 miles
787 2722 854 2756 arma
885 2708 961 2755 Amor
976 2708 993 2765 i,
1007 2710 1046 2762 ll,
1062 2708 1103 2763 26,
1121 2707 1234 2755 tabellam
1251 2705 1337 2761 verbis,
1352 2708 1444 2771 quibus

337 2778 347 2817 t
360 2778 454 2844 partam
469 2770 515 2817 nbi
531 2787 573 2836 per
586 2786 614 2819 ea
629 2770 655 2845 ip
672 2771 738 2844 bello
752 2771 852 2834 gloriam
884 2788 898 2818 o
915 2771 989 2845 tabet,
1000 2785 1015 2819 a
1026 2771 1132 2819 Corinna
1147 2771 1306 2881 scriptumne
1323 2770 1402 2821 media
1411 2773 1445 2849 ‘in

291 2836 852 3009 irrffiuiiiieidimii‘iuiiiuiiiiiifeiiss
882 2834 1055 2955 ainaiffsssaide,
1071 2834 1445 2963 ffii‘jdiiis‘sshrfsiiii'ii

291 2970 430 3019 tentaverat,
447 2970 488 3010 tan
507 2978 562 3011 uam
578 2962 733 3022 ἀναθήματα
749 2962 850 3011 wemni
899 2961 1090 3011 reselerebant.
1119 2962 1299 3026 Vecter,quibus
1307 2962 1445 3027 puellarum

293 3041 357 3075 more
379 3026 468 3075 Veneri
489 2979 597 3076 (dedicet.
642 3026 743 3076 Videtur
768 3035 850 3075 nutem
882 2977 1077 3088 iirreteffringere
1090 3025 1334 3074 nolebantamatoret.
1366 3028 1446 3077 Areus

291 3090 365 3155 hujus
379 3090 444 3154 cepti
457 3089 552 3138 consilii
566 3105 640 3138 cauta
655 3088 763 3153 inprimit
775 3088 850 3138 luisse
884 3088 998 3197 Oppositis
1004 3090 1099 3151 foribus
1110 3091 1220 3137 minaces:
1238 3090 1345 3153 quamvis
1359 3108 1445 3141 areum

293 3154 379 3211 Chloe,
400 3155 471 3219 cujus
491 3162 597 3202 extremo
622 3168 729 3201 amorum
752 3168 850 3200 auorum
883 3166 897 3197 a
931 3150 1026 3199 clausas
1042 3151 1175 3217 puellarum
1193 3153 1254 3201 lorea
1271 3152 1447 3217 diffringendan

292 3218 545 3283 temporeruperbiam
559 3224 670 3281 expertus
687 3216 777 3274 luerat;
795 3216 851 3263 hinc
883 3215 913 3261 ab
937 3215 1080 3263 amatoribus
1099 3214 1230 3264 adhibitum
1251 3216 1325 3265 luisw
1344 3218 1447 3271 aliunde

291 3281 402 3346 precibus
411 3280 515 3328 adilliut
524 3279 681 3344 arrogantiam
692 3278 852 3327 ulciscendam
883 3293 931 3327 non
947 3286 1048 3335 constet,
1059 3280 1109 3327 fieri
1119 3287 1198 3327 tamen
1213 3280 1326 3344 potuisse,
1337 3292 1364 3330 ut
1375 3296 1444 3332 una-

292 3344 454 3408 rpectantibus
470 3358 589 3391 armorum
604 3357 701 3390 tuorum
722 3340 852 3391 dedicatio·
883 3352 954 3398 toret,
965 3356 1058 3389 tumme
1068 3343 1091 3390 vi
1102 3342 1126 3389 in
1154 3344 1270 3391 uellamm
1285 3345 1347 3393 edes
1362 3348 1443 3413 irrup-

293 3422 348 3454 nem
359 3405 458 3470 peregit.
491 3408 603 3455 Ceterum
614 3405 660 3453 hoo
671 3412 745 3451 totum
755 3418 852 3455 cannen
883 3405 939 3461 turi,
957 3404 1095 3468 sagittarum
1112 3420 1126 3453 a
1143 3422 1171 3455 eo
1185 3408 1253 3472 jactu
1270 3408 1364 3458 clauses
1380 3410 1446 3461 lorea

293 3471 421 3518 exGraeoo
438 3467 541 3531 quodam
559 3468 649 3516 laetum
665 3468 850 3526 enteLntinum,
883 3469 1230 3545 diffinderentmegarinequit.
1263 3472 1361 3522 Frustra
1370 3474 1447 3537 igitur

293 3532 382 3580 nemini
388 3531 613 3587 facile,Gmoorum
621 3540 743 3598 poetarum
751 3531 852 3583 lectione
884 3533 923 3581 hio
939 3533 1007 3582 locut
1020 3534 1163 3583 sollicitetur
1179 3551 1231 3584 eree
1241 3536 1334 3584 videtur
1348 3540 1445 3589 eCun·

292 3596 393 3652 imbuto,
403 3594 502 3643 dubium
514 3595 568 3643 erit.
883 3597 979 3659 ingamo
1003 3608 1028 3645 et
1050 3598 1166 3655 Bentleio,
1184 3615 1284 3663 quorum
1303 3600 1343 3650 hic
1362 3618 1403 3667 pro
1420 3616 1445 3652 et

329 3661 399 3707 1-8.
427 3657 522 3722 Cogita,
544 3666 639 3723 poetam
661 3667 716 3706 ante
737 3660 852 3723 templum
884 3678 952 3709 orout
965 3661 1038 3726 paulo
1049 3662 1171 3719 audacius,
1186 3680 1323 3727 teruntque,
1334 3666 1376 3715 ille
1387 3668 1445 3714 ller-

295 3722 397 3771 Veneris
417 3730 487 3779 stare,
510 3729 535 3770 et
556 3722 617 3770 inter
636 3720 711 3786 ipsam
734 3737 853 3772 armorum
882 3740 1056 3788 purproareur
1066 3727 1181 3775 tentabat.

293 3800 390 3834 suorum
402 3785 574 3834 dedicationem
588 3786 632 3834 hoc
643 3800 738 3834 carmen
764 3802 851 3834 rouun-
917 3790 1007 3836 9-12.
1026 3790 1106 3853 Oquoe
1121 3793 1217 3847 beatam,
1231 3792 1375 3848 Dionnum
1393 3794 1444 3857 Cy-

293 3850 365 3899 cinre.
398 3849 521 3907 Militum
536 3848 742 3915 namquiarnunt,
776 3850 853 3899 euerir
882 3868 967 3912 prum:
985 3852 1091 3902 similiter
1107 3868 1160 3918 nup.
1172 3856 1189 3911 i,
1202 3856 1226 3911 ³,
1242 3858 1264 3912 l,
1279 3858 1363 3905 Venus
1378 3858 1445 3905 Diua

294 3914 333 3963 vel
353 3913 482 3979 Cupidinis
498 3922 576 3962 creua
593 3912 661 3977 requi
680 3912 808 3961 dicuntur:
827 3914 852 3962 in
882 3925 960 3977 potem
984 3916 1058 3980 Cypri
1079 3916 1180 3965 dicitur:
1204 3921 1301 3976 bertam,
1319 3919 1408 3969 divitiis
1430 3938 1446 3970 e

293 3978 381 4042 vulgus
390 3984 473 4025 notum
484 3986 520 4026 eet
535 3977 598 4026 illud
608 3976 689 4027 Ovidii
701 3980 784 4025 Amor.
796 3976 813 4031 i.
825 3980 850 4034 9.
884 3987 1025 4035 mercatura,
1037 3996 1091 4045 quae
1103 3981 1140 4028 vel
1153 3981 1256 4031 maxime
1271 3983 1296 4031 in
1307 3983 1351 4031 hec
1362 3984 1445 4034 imula

298 4045 320 4099 l,
346 4042 439 4090 Militat
465 4044 535 4090 omnir
559 4059 647 4096 amour,
668 4050 691 4089 et
716 4042 781 4088 habet
810 4059 852 4090 tua
884 4044 1046 4098 exercebatur,
1060 4044 1210 4105 affluentem
1227 4047 1284 4094 hinc
1299 4046 1444 4105 intanta,

294 4106 477 4166 umacupido.
508 4106 593 4153 Anno:
610 4105 694 4170 qualia
702 4103 745 4153 illa
754 4104 851 4163 luerint,
884 4108 925 4162 60,
942 4124 1024 4155 mercer
1042 4108 1142 4171 Cypria.
1175 4110 1324 4165 Eustnthiur,
1345 4120 1446 4161 notante

293 4168 850 4282 nertin-numnam·
884 4170 1085 4297 tunm

294 4298 348 4346 he.
358 4295 744 4360 amanti,tonabat,persuuoturn;
759 4296 852 4345 dedux-
886 4300 915 4347 τὸ
932 4299 1174 4363 θαλαττοκρατῆσαι·
1191 4317 1239 4365 qua
1255 4302 1286 4350 de
1302 4256 1378 4351 caue:
1394 4302 1445 4365 Cy·

294 4372 344 4410 erat
355 4376 438 4427 nempe
452 4358 483 4408 ad
496 4360 571 4423 lyram
590 4359 673 4407 modos
688 4359 787 4409 leviores
804 4362 853 4410 nive
883 4378 942 4423 prus
953 4362 1086 4427 antiquitus
1092 4372 1177 4412 vocata
1187 4364 1233 4413 tuit
1241 4366 1358 4414 Macaria:
1375 4364 1446 4415 Plin.

294 4426 402 4473 carmina
423 4421 546 4473 amatoria.
579 4423 671 4472 Laemtm
696 4426 792 4472 marine
814 4428 854 4488 qni
886 4426 920 4473 H.
934 4426 1056 4482 N.v,al.
1091 4428 1385 4489 Memphimiuhacurbe
1396 4430 1446 4479 Ξ-

297 4488 391 4537 Venerit
406 4491 466 4538 lotus
484 4488 598 4543 Custodit,
614 4488 639 4536 h.
650 4502 672 4537 e.
687 4486 786 4543 claudit,
803 4502 853 4536 arn·
886 4488 950 4554 gypti
968 4489 1116 4539 nobilissima
1130 4493 1203 4539 Venus
1217 4492 1314 4553 Hospite
1326 4492 1446 4557 ternplum
