3150 5200
286 332 350 396 eso
539 330 810 397 amsronn
837 328 912 395 Ao
941 282 1188 398 rrsouns

371 484 430 549 Ille
446 484 548 569 dapes
562 484 675 547 laudet
689 506 809 547 mensae
823 484 944 560 brevis,
959 482 1014 547 ille
1029 483 1192 547 salubrem

371 586 550 663 «Iustitiam,
565 584 731 669 legesque,
747 596 782 649 et
796 586 918 669 apertis
933 584 1000 648 otia
1014 585 1137 668 portis,

285 688 351 751 200
372 687 431 751 Ille
448 698 538 773 tegat
552 689 734 764 commissa,
751 688 910 770 Deosque
924 696 1077 769 precetur
1091 696 1125 749 et
1140 695 1222 763 oret,

372 788 550 867 Utredeat
564 789 701 866 miseris,
717 790 813 852 abeat
828 787 960 852 fortuna
975 787 1137 871 superbis.

415 890 515 955 Tibia
529 913 606 970 non,
621 900 659 953 ut
673 911 770 966 nune,
786 887 949 953 orichalco
964 888 1083 964 vincta,
1099 890 1253 971 tuboeque

372 992 518 1069 AEmula,
536 994 595 1057 sed
611 993 717 1057 tenuis
733 991 948 1075 simplexque,
962 989 1119 1055 foramine
1133 1011 1251 1074 pauco,

371 1094 553 1177 Adspirare
569 1104 603 1159 et
618 1094 734 1157 adesse
750 1092 859 1157 choris
874 1102 946 1156 erat
959 1092 1059 1168 utilis,
1076 1102 1175 1175 atque

285 1195 350 1258 205
371 1194 531 1259 Nondum
547 1196 652 1280 spissa
666 1196 759 1259 nimis
775 1194 937 1277 complere
953 1193 1067 1257 sedilia
1081 1193 1180 1271 flatu;

373 1296 450 1370 Quo
466 1319 543 1363 sane
558 1296 699 1381 populus
715 1295 935 1371 numerabilis,
950 1305 1065 1379 utpote
1080 1318 1200 1379 parvus

372 1398 419 1462 Et
431 1397 529 1482 frugi,
546 1410 721 1484 castusque
735 1398 1016 1481 verecundusque,
1033 1400 1153 1464 coibat.

372 1500 552 1583 Postquam
566 1500 668 1583 coepit
682 1522 778 1584 agros
794 1499 973 1563 extendere
989 1500 1102 1577 victor,
1118 1512 1153 1565 et
1167 1503 1283 1565 urbem

371 1601 486 1666 Latior
501 1601 650 1685 amplecti
666 1624 788 1679 murus,
805 1602 945 1685 vinoque
960 1601 1077 1666 diurno

286 1752 326 1800 De
340 1752 413 1817 hujus
430 1752 546 1802 machinas
560 1753 649 1802 affabre
663 1759 805 1802 constructe
821 1760 846 1801 et
910 1753 967 1801 199.
986 1751 1018 1800 Et
1029 1754 1117 1814 apertis
1132 1755 1180 1801 otia
1190 1753 1271 1812 portis,
1282 1767 1326 1863 pro
1337 1752 1444 1816 vulgari,

285 1814 315 1863 de
332 1816 384 1864 loco
402 1816 520 1881 superiore
533 1832 655 1882 suspense
670 1816 695 1865 iu
710 1832 734 1865 re
750 1816 846 1865 scenica
876 1824 900 1865 et
910 1831 1010 1881 pacem,
1026 1831 1085 1880 pace
1096 1816 1160 1865 emm
1172 1814 1281 1863 nonclau
1300 1823 1377 1863 untur
1384 1833 1441 1881 por-
1545 1835 1546 1854 ι

286 1895 341 1937 usu,
361 1881 410 1929 sive
428 1884 456 1929 de
473 1898 538 1929 scena
556 1884 659 1930 ceratiti
674 1892 696 1929 et
713 1883 808 1937 diretili,
820 1883 845 1927 in
877 1888 924 1939 tae3
940 1880 975 1928 sic
993 1896 1047 1944 sup.
1065 1878 1115 1928 Od.
1136 1879 1170 1932 iii.
1188 1882 1214 1934 h,
1230 1880 1262 1927 23
1280 1880 1397 1943 Regulus
1412 1883 1444 1930 de
1545 1891 1546 1894 ’

285 1948 352 2005 enjus
367 1949 482 2007 superiore
498 1956 565 2007 parts
584 1950 676 1994 dem-um
693 1947 753 1994 sedes
769 1954 844 1999 siunt,
878 1943 1032 2009 Carthaginis
1054 1942 1189 2001 securitate,
1206 1943 1375 1991 cidi—Portas
1397 1963 1445 1993 son

286 2007 440 2072 Boettigerus
456 2025 532 2064 meus,
544 2009 585 2074 qui
602 2009 627 2057 in
639 2010 677 2058 his
691 2009 761 2057 rebus
777 2008 845 2056 habi·
878 2011 976 2057 clauus.

285 2078 329 2127 tat,
339 2072 434 2147 copioso
445 2080 469 2121 et
478 2073 547 2123 docte
559 2073 689 2138 disputavit
697 2073 721 2120 iu
733 2071 847 2137 peculiari
909 2073 967 2120 200.
995 2072 1076 2136 Tegat,
1101 2070 1149 2136 tegi
1171 2070 1308 2134 (mcultari,
1329 2072 1445 2137 recondi)

285 2134 678 2191 Prolusrone.Deumexlllaehina
686 2137 709 2184 in
720 2136 848 2185 rescenica
875 2135 970 2199 jubeat.
1006 2138 1135 2191 &marusa
1156 2150 1191 2183 sc.
1212 2134 1277 2191 fidei,
1298 2136 1364 2201 quod
1386 2152 1446 2202 sup.

284 2208 391 2248 veterum
410 2200 552 2250 illustrante.
575 2202 667 2251 Vimar.
682 2202 752 2249 1300.
789 2199 846 2247 Vin·
879 2202 929 2248 Sat.
941 2199 958 2254 i,
970 2202 995 2254 3,
1006 2202 1039 2249 95
1050 2199 1152 2248 additur.

284 2264 343 2321 dice,
355 2263 408 2322 deo,
420 2265 461 2329 qui
472 2280 520 2313 rem
533 2266 563 2314 ab
573 2264 730 2315 inextricabili
741 2262 843 2311 difficul-
907 2266 1047 2314 202-219.
1064 2265 1214 2329 Preceptum
1233 2261 1364 2311 Decimum
1380 2265 1443 2313 Ter·

285 2334 334 2376 tate
344 2330 453 2385 vindicet,
465 2328 557 2384 liberet,
570 2330 612 2393 qui
625 2328 712 2378 nodum
727 2328 811 2377 salvat.
875 2327 953 2376 tium:
978 2329 1036 2375 Cum
1056 2330 1088 2375 ad
1106 2344 1133 2375 so
1153 2345 1211 2391 quc,
1227 2329 1326 2389 paulatia
1348 2330 1445 2390 inuria·

319 2392 375 2439 192.
392 2393 500 2449 laboret,
511 2393 634 2443 sustineat.
669 2392 783 2441 Horatius
799 2407 843 2439 su·
877 2391 1077 2455 llamanifisihus
1090 2402 1112 2440 et
1126 2392 1284 2453 suatopopuii
1296 2408 1403 2448 aum,
1416 2398 1444 2441 is
1545 2397 1546 2404 ’

285 2462 332 2502 tem
349 2464 457 2517 quartam
474 2472 599 2521 personam
611 2456 664 2505 ideo
678 2457 703 2505 in
717 2454 847 2520 colloquiis
877 2457 992 2503 ciuitatem
1016 2459 1190 2519 immigrcrunt,
1210 2457 1327 2517 pertineat
1352 2472 1444 2519 quoque

284 2516 352 2566 silere
375 2519 454 2581 jubet,
477 2535 507 2568 ne
529 2530 631 2585 quatuor
657 2521 845 2585 colloquentium
877 2524 950 2583 major
962 2521 1063 2576 lieentia,
1075 2537 1124 2582 qua
1136 2521 1206 2567 mulis
1218 2522 1444 2581 numeriqueeaun·

284 2596 361 2631 sermo
369 2583 499 2646 permixtus
506 2592 531 2633 et
539 2585 664 2650 perplexus
673 2585 751 2634 minus
763 2582 845 2650 capia·
877 2595 971 2633 cuntem
980 2586 1157 2647 temperantibus
1167 2584 1273 2640 ασιιιιίις
1289 2592 1355 2645 posta
1363 2601 1444 2634 ansus

284 2652 322 2692 tur
333 2646 363 2693 ab
375 2646 531 2696 auditoribus.
876 2650 907 2696 sd
925 2658 1037 2696 mutatam
1054 2652 1111 2696 artis
1129 2651 1219 2696 musice
1235 2649 1391 2709 disciplinans,
1407 2653 1443 2697 ad

319 2711 455 2758 199-195.
475 2713 566 2759 Actoris
585 2721 663 2774 partes
678 2714 768 2770 chorus,
786 2721 843 2761 cett.
876 2721 973 2761 mutatos
989 2722 1101 2768 moreset
1120 2713 1146 2759 in
1164 2715 1297 2760 sumntum
1315 2715 1347 2759 ad
1364 2716 1443 2762 etate

283 2772 370 2821 chorus
384 2774 615 2840 actorispartes,et,
628 2774 693 2840 quod
706 2775 844 2825 decctsho·
876 2778 996 2841 lugarium
1013 2779 1136 2832 meduaci,
1154 2777 1442 2842 consummatorem-
1545 2776 1546 2805 ³

284 2851 345 2893 rum,
358 2846 455 2887 strenue
467 2847 571 2896 tueatur,
584 2839 617 2888 ita
627 2838 732 2904 quidem,
745 2849 772 2888 ut
784 2839 844 2887 nihil
876 2856 930 2887 nere
939 2843 1012 2889 actea

284 2899 410 2950 intercinat
437 2902 501 2966 quod
523 2919 571 2952 non
593 2913 657 2952 arcte
679 2919 734 2952 cum
754 2904 843 2953 labala
907 2905 964 2961 202,
977 2905 1034 2954 203.
1048 2905 1114 2952 Tibia
1128 2912 1225 2959 manu
1242 2904 1441 2958 sunuarielralm

283 2974 422 3028 argumento
440 2967 567 3016 cohaereat.
599 2969 676 3016 Totus
695 2967 782 3016 chorus
799 2983 843 3016 au·
874 2969 961 3016 vineta.
995 2970 1151 3025 Metabum,
1168 2966 1205 3015 vel
1219 2968 1388 3022 ausaausa,
1402 2980 1443 3016 est

283 3037 332 3077 tem
352 3030 499 3096 conjunctim
522 3035 605 3081 ouans
630 3043 707 3093 partes
732 3031 843 3087 sustinet,
876 3031 1000 3081 metallum
1011 3032 1253 3097 pretiosius,colorem
1261 3030 1314 3078 auri
1324 3031 1439 3088 referens,

284 3093 353 3158 quia,
372 3094 429 3144 dum
447 3095 512 3144 canit
528 3113 583 3162 quas
598 3096 687 3144 fabule
706 3105 844 3160 argumento
876 3095 927 3143 sive
943 3112 976 3144 es
994 3096 1095 3154 luteum,
1109 3095 1187 3144 simile
1205 3095 1254 3143 lere
1270 3094 1293 3142 ei
1313 3093 1379 3158 quod
1394 3111 1441 3146 nos

283 3159 425 3222 respondeat
447 3168 471 3208 et
489 3159 667 3209 accommodata
685 3169 749 3215 sunt,
771 3159 843 3208 simul
874 3158 975 3208 dicimus
1001 3160 1122 3225 Messing:
1153 3159 1202 3207 vid.
1234 3159 1375 3206 Beckmann
1406 3160 1440 3209 ad

284 3221 351 3285 agit:
374 3223 422 3271 vid.
434 3223 608 3273 eruditissimus
624 3224 702 3286 llgen,
720 3223 751 3272 ds
763 3224 843 3274 Choro
876 3222 950 3272 Arist.
972 3223 1062 3272 Mirah.
1082 3241 1107 3289 p.
1124 3225 1166 3280 98,
1185 3225 1241 3278 132,
1261 3223 1315 3279 133,
1331 3233 1356 3271 et
1373 3223 1438 3273 cele·

282 3283 308 3332 in
326 3286 461 3350 Tragoediis
473 3289 587 3336 Veterum
605 3286 632 3334 in
648 3289 740 3354 Opusc.
753 3288 843 3336 Philol.
875 3287 939 3336 herr.
950 3287 1066 3337 Heinrich
1083 3288 1113 3336 ad
1132 3286 1232 3336 llesiod.
1246 3288 1314 3335 Scut.
1326 3288 1401 3336 llere.
1413 3304 1440 3338 v.

283 3350 313 3395 Τ.
325 3348 342 3404 i,
373 3351 485 3414 .60sqq.
876 3352 932 3398 12⁸2.
966 3352 1087 3400 orichalca
1104 3354 1181 3400 visrcta
1200 3351 1287 3399 dicitur
1303 3354 1372 3406 tibia,
1388 3352 1440 3401 sire

317 3413 327 3458 1
366 3414 455 3461 -202.
472 3414 517 3462 llls
526 3413 682 3526 houbdfovsat,
692 3423 747 3464 cett.
756 3415 841 3465 iuver·
874 3414 939 3478 quod
956 3414 1009 3470 illa,
1029 3431 1043 3464 e
1061 3414 1169 3479 simplice
1186 3415 1276 3479 duplex
1296 3415 1370 3471 lacta,
1390 3417 1438 3464 ori·

282 3475 349 3524 sibus
360 3475 515 3541 sequentibus
527 3492 581 3540 que
599 3491 637 3525 am
648 3493 739 3535 eorum,
751 3479 776 3526 in
788 3479 842 3544 qui·
875 3478 960 3527 chalco
981 3479 1130 3528 vinciebatur
1150 3487 1176 3528 et
1196 3479 1362 3543 copulabatur,
1385 3479 1438 3529 sive

283 3539 328 3588 hus
347 3539 487 3604 peragendis
504 3549 528 3589 et
547 3542 741 3591 commendandis
758 3543 844 3592 versari
876 3541 940 3605 quod
951 3542 1016 3592 tibia
1029 3551 1108 3617 partes
1119 3559 1160 3608 per
1170 3541 1304 3591 internodia
1317 3541 1439 3592 orichalco

282 3603 390 3667 inprimis
406 3603 491 3654 debeat
510 3605 604 3664 chorus,
625 3607 765 3655 nominatim
782 3623 843 3672 pre·
876 3606 970 3655 munita
987 3607 1204 3670 distinguebantur,
1220 3607 1270 3655 sive
1292 3607 1357 3670 quod
1379 3607 1440 3657 tibia

282 3665 411 3780 cipiqntur.
445 3669 593 3726 Consilium,
611 3686 662 3736 pro,
680 3672 800 3726 consulat,
818 3679 845 3719 ut
876 3669 979 3782 vipqqplis
1004 3670 1149 3782 qpiqusdm
1172 3671 1210 3744 vel
1235 3672 1382 3782 omamtena's
1378 3687 1438 3784 1³3

282 3747 307 3780 vr
323 3746 383 3780 eur.
875 3749 924 3782 one
966 3749 995 3783 co
1028 3750 1089 3784 acis
1113 3751 1173 3784 cons
1190 3750 1245 3784 rcua
1270 3749 1312 3784 eta
1429 3771 1436 3792 ,

316 3797 373 3844 197.
401 3798 457 3852 Pro,
479 3808 538 3846 ornet
563 3815 657 3860 percos-s
679 3801 788 3854 sinentes,
811 3813 842 3846 ex
874 3800 952 3846 vincta
968 3797 1056 3865 recepit
1072 3752 1307 3862 Bentleidsjuncm5
1324 3799 1368 3848 sed
1386 3799 1436 3848 brae

281 3859 383 3909 urorum
403 3861 480 3911 Codd.
500 3860 640 3910 auctoritato
659 3861 785 3910 Bentleius
806 3878 841 3910 re-
874 3861 946 3910 lectio
955 3861 1022 3910 illius
1033 3863 1255 3912 miliivideturesse
1267 3863 1437 3927 interpretatio.

282 3923 359 3980 finxit,
382 3935 404 3974 st
424 3935 484 3974 amet
503 3943 588 3987 pacare
611 3935 729 3974 tumentes.
776 3927 842 3974 Amet
876 3925 987 3988 Tuhaequs
997 3929 1102 3982 AEmula,
1112 3926 1170 3974 dum
1187 3927 1246 3975 tibia
1257 3929 1437 3990 equeactuba

281 3987 394 4054 explicat,
412 3989 497 4045 soleat,
521 3988 585 4054 quod
607 3987 735 4037 admodum
755 3989 841 4053 friget:
874 3989 940 4036 sonis
951 3990 1097 4039 acutioribus
1107 3998 1132 4039 et·
1142 3991 1291 4056 gravioribus
1301 4007 1370 4040 aures
1380 4007 1435 4056 per·

280 4051 394 4116 explicari
422 4061 484 4102 certe
507 4054 617 4110 debebat,
640 4062 664 4102 et
686 4053 731 4101 sibi
750 4053 845 4117 placeat
875 4052 989 4101 cutiebat.

281 4114 307 4163 in
328 4116 443 4180 pacandis
463 4117 498 4165 irs
518 4117 684 4175 tumentibus,
698 4116 740 4164 sed
760 4134 844 4180 pacare
908 4119 965 4173 204,
976 4119 1035 4166 205.
1052 4118 1186 4179 Adspirare,
1198 4119 1318 4194 eleganter
1329 4135 1380 4184 pro,
1391 4134 1433 4169 ac·

281 4190 392 4228 tumentes
408 4179 459 4246 J'am
479 4195 616 4246 expressum
636 4189 672 4230 est
698 4195 748 4245 per,
766 4197 845 4244 regere
875 4181 964 4238 cinere,
1000 4181 1041 4229 uia
1059 4181 1118 4231 tibia
1133 4185 1220 4244 spiritu
1236 4184 1342 4231 inflatur.
1375 4183 1436 4232 Erat

281 4245 428 4300 iratos,nam
444 4245 486 4308 qui
500 4255 586 4309 regunt
603 4247 673 4293 iratos
691 4244 787 4292 eosdem
800 4260 842 4310 pa·
875 4248 950 4302 utilis,
974 4197 1094 4308 eleganter
1119 4261 1171 4310 pro,
1194 4247 1294 4302 solebat,
1321 4245 1436 4311 adjuncta

281 4315 347 4354 eant.
872 4310 985 4357 utilitatis
1008 4307 1113 4357 notione.
1146 4312 1223 4374 Atque
1240 4311 1358 4367 Nondum,
1377 4321 1436 4361 cett.

315 4373 371 4419 193.
395 4372 471 4434 anes
493 4387 571 4420 mense
594 4370 783 4428 brectanorum
805 4379 839 4421 te·
874 4374 967 4436 lunge:
986 4383 1053 4436 atque
1071 4376 1266 4424 sedilianonduss
1281 4378 1436 4437 aistisspiass

281 4433 490 4499 nusm,quibrevi
503 4443 607 4500 ternpore
622 4435 737 4494 sumitur,
753 4435 837 4484 simili·
871 4438 1061 4501 complereflstu.
1088 4437 1165 4500 Spiris
1174 4441 1272 4487 sedilia:
1288 4437 1434 4504 sup.Epist.

282 4501 317 4546 ter
327 4513 382 4564 sup.
396 4498 473 4564 Epist.
485 4498 502 4554 i,
516 4499 555 4556 lt,
567 4500 607 4556 ³5,
620 4501 774 4550 cambresis.
872 4500 890 4559 i,
905 4502 944 4558 19,
954 4503 996 4557 41,
1011 4502 1092 4564 Spissis
1107 4503 1207 4566 indigna
1226 4505 1322 4551 tlcstsis
1340 4503 1434 4565 Scripta
