3150 5200
721 330 1016 402 CARMINUM

508 495 620 578 lpsum
634 512 684 555 me
696 487 812 553 ‘melior
826 508 927 570 quum
940 494 1069 569 peteret
1082 483 1211 561 Venus,

509 596 617 660 Grata
631 590 771 657 detinuit
786 586 943 671 compede
958 584 1100 669 Myrtale

445 699 485 761 15
507 696 689 769 Libertina,
705 690 799 757 fretis
814 690 919 754 aerior
934 686 1073 753 Hadriae

813 790 987 854 curvantis
1002 788 1160 855 Calabros
1175 789 1276 854 sinus,

671 1091 877 1161 CARMEN
902 1089 1071 1156 XXXIV.

470 1306 605 1370 Paucos
621 1302 769 1367 Deorum
784 1295 889 1361 cultor
903 1305 937 1359 et
950 1292 1149 1376 infrequens,

469 1404 664 1471 Insanientis
679 1402 757 1465 dum
773 1397 940 1481 sapientiae

511 1504 687 1571 consultus
702 1522 787 1577 erro,
804 1518 890 1562 nunc
905 1507 1083 1560 retrorsum

554 1603 640 1670 Vela
655 1604 745 1679 dare,
761 1610 859 1683 atque
874 1598 992 1665 iterare
1006 1618 1121 1662 cursus

333 1758 436 1807 13-16.
454 1758 539 1807 Melior
551 1757 634 1813 Venas,
662 1750 728 1802 uella
741 1747 856 1799 mollioris
888 1746 978 1795 icoru'm
992 1747 1144 1814 disciplinam
1158 1745 1281 1796 traducere
1293 1746 1371 1811 (quod
1387 1763 1452 1796 non·

298 1831 322 1873 et
333 1821 432 1871 mitioris
446 1818 553 1885 ingenii3
570 1834 626 1867 nam
668 1813 856 1886 yrtale,cuiop·
890 1810 998 1867 nulli,ut
1013 1812 1113 1861 aliorum
1149 1876 1155 1886 Ι
1187 1810 1231 1860 tias
1247 1818 1347 1884 taceam,
1359 1812 1454 1875 opinati

298 1886 404 1997 ppnitur,
423 1885 470 1933 fuit
488 1882 648 1935 vehementior
668 1888 692 1930 st
714 1877 857 1929 iracundior.
889 1874 969 1938 sunt),
982 1876 1024 1924 sed
1039 1891 1134 1941 gravem
1177 1890 1217 1922 um
1229 1874 1400 1939 Epicureorum
1411 1891 1451 1924 er·

297 1941 858 2075 atttta'fflffitttairlaiut
886 1938 1454 2068 {tnt’mtlttttttttlaltttt

298 2092 329 2127 na
344 2078 379 2126 ita
393 2092 432 2125 me
444 2084 548 2141 ceperat,
561 2083 588 2123 ut
604 2082 695 2123 ceteras
711 2084 794 2121 ornnes
807 2085 856 2134 pre
889 2082 948 2133 puro
964 2084 994 2116 au
1012 2068 1071 2115 itum
1088 2069 1120 2115 sit
1136 2067 1234 2123 tonitru,
1251 2066 1322 2130 quale
1340 2066 1367 2115 in
1385 2068 1454 2117 coelo

297 2156 328 2190 ea
346 2149 536 2191 contemnerem:
554 2152 718 2201 comptaque
741 2134 801 2183 alias
821 2140 858 2181 est
889 2147 949 2196 puro
970 2130 1047 2180 audiri
1067 2148 1137 2197 posse
1157 2131 1166 2179 i
1194 2132 1203 2178 i
1223 2146 1319 2195 quoque
1337 2130 1454 2197 Epicurei

298 2204 359 2253 dura
374 2214 399 2255 et
413 2205 521 2262 molesta,
531 2203 599 2252 suavi
607 2215 721 2275 prymorc
734 2198 785 2265 jam
797 2195 857 2245 dici-
891 2197 1045 2270 (Lucrenri,
1057 2198 1106 2269 115
1120 2204 1145 2269 et
1159 2148 1221 2259 dds)
1236 2196 1365 2260 negabant,
1379 2195 1452 2245 refel-

298 2260 857 2396 rrectae”narraretur
889 2260 1450 2396 irruerent,,naaman

298 2396 341 2451 24,
352 2394 419 2444 dives
432 2394 542 2459 quaedam
557 2401 582 2442 et
591 2392 682 2441 lesciva
697 2390 778 2457 puella
787 2390 858 2439 Tele·
891 2388 969 2437 adhuc
984 2388 1144 2451 neglexeram,
1156 2388 1218 2435 falsa
1231 2386 1324 2435 scrlroet
1334 2388 1450 2452 Epicure-

299 2457 374 2523 phum
387 2470 459 2523 grato
473 2460 575 2519 compede
588 2460 691 2504 virutum
706 2462 786 2502 tenere
798 2452 859 2501 dici·
891 2468 958 2500 orurn
969 2453 1089 2517 opinione,
1099 2455 1150 2499 deor
1159 2454 1312 2499 uillicurnre
1323 2454 1450 2501 rechamu-

299 2528 346 2570 tur.
379 2524 471 2579 Acrior,
487 2520 631 2577 iracundior,
649 2518 774 2569 ferventior
791 2516 857 2581 (nos,
890 2533 931 2564 aas
950 2516 1073 2581 deceptus,
1092 2530 1166 2572 nunc,
1183 2514 1281 2564 meliora
1298 2515 1404 2573 edoctus,
1422 2516 1451 2567 in

298 2584 693 2651 rinBrausekopjianfrtiirmsnd).
722 2582 798 2630 Fretir
806 2581 856 2630 Ha·
890 2579 953 2630 viam
973 2589 1103 2637 reclama
1137 2594 1169 2629 ua
1186 2581 1356 2636 aberraveram,
1373 2578 1452 2632 redire

299 2651 356 2698 driae
368 2650 494 2698 &wantis
506 2650 614 2697 Calabros
626 2647 734 2702 sintmh.
746 2645 858 2695 attacti·
891 2661 971 2709 cogor.
1004 2647 1094 2694 Parcus
1140 2661 1216 2692 eorum
1237 2645 1314 2692 cultor
1329 2655 1351 2694 ct
1373 2647 1450 2712 infre·

299 2711 346 2760 bus
360 2712 432 2762 maris
442 2710 575 2762 Hadriatici
589 2711 621 2760 ad
630 2711 688 2759 litus
699 2708 818 2759 calabrie
833 2710 858 2758 in
890 2727 969 2772 quem,
981 2710 1023 2774 qui
1032 2725 1085 2758 raro
1095 2708 1152 2757 deos
1165 2708 1232 2765 colit,
1243 2721 1287 2756 nec
1297 2723 1379 2758 eorum
1390 2716 1451 2759 tenr-

299 2775 379 2824 sinum
396 2792 422 2826 aa
438 2776 574 2836 curvantia3
597 2775 657 2834 sive,
673 2773 739 2839 quod
755 2773 785 2822 nd
801 2773 858 2823 litus
891 2774 932 2838 pla
943 2775 1090 2838 frequentat,
1105 2774 1134 2823 τὸ
1143 2788 1228 2836 porcus
1238 2772 1269 2821 ad
1279 2788 1386 2829 munera,
1394 2790 1452 2884 pun

300 2839 429 2900 Calabriae,
445 2848 473 2889 ut
488 2857 543 2889 cum
556 2840 626 2906 Virg.
645 2839 705 2888 AEn.
721 2837 738 2894 i,
758 2839 801 2886 161
822 2836 857 2886 lo·
977 2837 1107 2887 manudiis
1123 2835 1260 2894 offerantur,
1272 2836 1356 2886 referre
1366 2853 1398 2884 no
1408 2838 1452 2888 im.

300 2919 368 2968 quar,
385 2905 526 2968 Frangitur,
544 2907 614 2967 inque
631 2905 695 2952 sinus
710 2904 796 2951 scindit
814 2918 859 2951 resa
905 2906 1031 2950 munientis
1052 2904 1170 2964 sapientie
1193 2902 1325 2955 encoma,
1344 2900 1452 2951 imbutus
1477 2951 1483 2954 ,

299 2971 365 3015 unda
379 2971 482 3018 reductos
489 2986 498 3028 ,·
515 2967 558 3017 nbi
573 2967 637 3018 enim
652 2966 697 3016 hoc
708 2965 743 3022 fit,
754 2965 788 3013 ibi
800 2980 858 3016 sanc
889 2966 1014 3040 preceptis
1029 2965 1172 3030 sapientum,
1191 2964 1216 3013 h.
1230 2981 1254 3014 e.
1268 2963 1451 3029 Epicureorum,

299 3045 364 3081 mare
380 3033 456 3082 multo
471 3031 635 3083 vehementius
651 3031 740 3081 fervet:
763 3029 796 3078 cl.
813 3028 857 3082 int.
890 3045 916 3077 ιιι
934 3029 973 3086 iis,
986 3046 1041 3093 qum
1058 3037 1142 3078 contra
1156 3029 1261 3078 divinam
1279 3029 1452 3095 providentiam

299 3093 333 3151 iii,
347 3097 372 3153 9,
382 3097 424 3146 23.
890 3092 1021 3160 disputant,
1041 3093 1228 3142 insanientium:
1251 3095 1368 3142 insaniens
1387 3098 1452 3158 supi·

890 3161 954 3205 entia
968 3159 1071 3224 pertinet
1084 3157 1115 3206 ad
1131 3172 1252 3222 oxymora,
1263 3157 1293 3206 de
1309 3158 1397 3220 quibua
1413 3159 1452 3207 in-

433 3225 586 3274 CARMEN
605 3223 729 3272 XXXIV.
891 3229 985 3285 gentem
995 3222 1157 3286 exemplorum
1166 3220 1260 3286 copiam
1269 3222 1452 3285 congessitdili·

332 3287 455 3343 Horatius,
467 3302 532 3343 cunr,
545 3287 654 3352 neglecto
667 3286 765 3335 deorum
781 3285 858 3343 cultu,
892 3286 973 3349 gentis
983 3285 1137 3335 Rittershusii
1149 3285 1180 3334 ad
1191 3285 1296 3351 Oppian.
1307 3301 1331 3350 p.
1342 3287 1451 3346 29-32,

299 3357 387 3399 temere
413 3366 503 3406 ennam,
525 3351 567 3415 qui
590 3349 681 3398 nullam
702 3349 760 3398 deos
781 3365 860 3399 rerum
892 3349 954 3399 adde
973 3351 1043 3400 Jens.
1063 3349 1094 3398 ad
1112 3350 1215 3399 Lucian.
1233 3351 1312 3399 More.
1329 3349 1453 3402 Conduct-

298 3413 458 3461 humansrum
472 3429 553 3462 curam
564 3413 652 3463 habere
667 3421 806 3470 statuerent,
820 3429 859 3463 aa·
891 3415 922 3462 T.
940 3415 957 3471 i,
994 3451 1001 3464 .
1017 3415 1074 3473 698,
1088 3421 1113 3463 et
1128 3429 1190 3480 quos
1207 3412 1291 3462 laudat
1311 3412 1404 3464 Albert.
1420 3417 1452 3464 ad

299 3475 706 3592 {reinserantur
721 3479 859 3591 aaran
890 3431 1453 3605 garilianam-taam

298 3617 352 3652 esse
373 3611 460 3658 narrat,
481 3613 510 3651 ut
529 3601 643 3651 divinitus
664 3621 732 3669 quasi
753 3606 859 3655 monitus
889 3608 988 3663 relictos,
1002 3579 1077 3656 rddire
1092 3606 1119 3655 in
1132 3605 1196 3654 viam
1213 3579 1330 3664 relictam,
1345 3606 1452 3673 ararat-

298 3666 380 3714 statim
394 3665 510 3732 abimpia
520 3667 566 3714 ista
579 3667 652 3714 animi
662 3670 813 3732 perversitate
828 3671 858 3719 ad
890 3689 955 3736 χειν.
988 3671 1096 3734 Vulgata
1111 3670 1183 3720 lectio
1200 3686 1257 3719 cum
1271 3685 1368 3720 sensmn
1384 3687 1451 3720 corn·

299 3737 404 3780 mentem
415 3730 532 3779 saniorem
542 3729 618 3780 redire
630 3733 738 3795 coeperit.
771 3735 803 3782 In
813 3734 858 3784 hac
890 3734 988 3783 modurn
1016 3733 1111 3792 tandm,
1139 3750 1184 3784 nec
1213 3733 1273 3783 mihi
1299 3734 1452 3785 sollicitanda

300 3809 362 3842 nova
374 3793 455 3858 igitur,
466 3794 523 3843 deos
538 3793 634 3842 omnino
650 3809 710 3850 esse,
722 3796 762 3857 qui
779 3799 859 3848 omnia
890 3798 990 3848 videtur.
1024 3798 1073 3848 Sed
1088 3797 1130 3863 qui
1147 3799 1316 3849 immoderatos
1328 3799 1392 3848 risus
1405 3801 1452 3848 tol-

299 3859 440 3923 gubernent,
454 3857 613 3924 persuasione,
630 3857 759 3906 sententias
775 3859 805 3908 de
820 3862 857 3911 di·
890 3862 952 3921 lunt,
987 3863 1035 3911 uod
1049 3863 1102 3928 jam
1118 3878 1134 3911 a
1152 3863 1187 3912 N.
1206 3861 1307 3913 Heinsio
1326 3863 1359 3912 ad
1377 3864 1452 3914 Ouid.

298 3922 355 3971 vina
373 3922 398 3972 in
419 3937 456 3972 res
476 3922 593 3972 humanas
611 3921 717 3988 potentia
734 3923 860 3988 subjungit
890 3926 953 3976 Met.
963 3927 1014 3984 nii,
1028 3929 1075 3976 173
1086 3926 1230 3993 propositam
1241 3926 1368 3977 lectionem
1379 3929 1452 3977 relec-

298 3986 458 4051 gravissimas.
495 3987 552 4036 Jam
575 4001 629 4036 vero
656 4001 712 4034 cum
734 3986 857 4045 Horatius,
890 4000 923 4039 tos
934 4007 976 4057 pro
984 3994 1238 4056 raticrmtamoperose
1248 3991 1374 4041 defensum
1385 3991 1454 4042 iverit

316 4051 407 4100 uamvis
417 4051 443 4100 in
455 4051 546 4100 nullius
556 4049 661 4115 magistri
672 4051 744 4099 verba
754 4051 796 4115 (ut
805 4051 856 4117 ipse
888 4055 1021 4114 Bentleius,
1033 4072 1071 4104 naa
1085 4054 1122 4103 illi
1137 4055 1280 4115 adoctrlna,
1294 4072 1349 4130 que
1361 4055 1453 4123 passim

298 4067 386 4164 detetur
398 4115 442 4166 inl.
454 4115 532 4181 Epist.
543 4114 560 4171 i,
574 4117 597 4171 l,
609 4116 652 4181 1³)
661 4113 785 4179 juraverit,
796 4115 822 4164 lr.
834 4132 857 4166 e.
888 4117 967 4167 fraudi
981 4119 1027 4168 fuit
1040 4135 1127 4184 niagno
1139 4121 1259 4178 Bentleio,
1272 4136 1359 4168 mirum
1372 4136 1454 4186 qnan-

298 4178 360 4228 nulli
381 4178 538 4246 philosophia
560 4186 630 4228 sectae
652 4179 723 4228 unice
747 4178 858 4228 addictus
889 4190 941 4230 turn
955 4182 1105 4249 discrepant!
1140 4184 1207 4232 Nam
1221 4188 1306 4234 iterare
1320 4202 1453 4235 corruere·

298 4243 378 4299 luerit,
401 4244 572 4308 Epicureorum
597 4251 677 4292 tamen
704 4243 801 4308 placita,
827 4246 858 4293 ad
891 4247 956 4295 lectos
974 4250 1079 4313 prolecto
1100 4264 1149 4297 non
1170 4257 1216 4308 est,
1234 4257 1262 4298 ut
1279 4247 1320 4297 isti
1340 4258 1453 4316 carpunt,

297 4307 353 4356 vita
366 4307 542 4371 jucunditatem
553 4315 578 4356 et
588 4307 733 4372 voluptatem
746 4315 856 4371 spectau-
890 4325 975 4359 cursus
992 4311 1089 4360 iteratos
1107 4312 1207 4372 iterare,
1226 4313 1270 4363 sed
1288 4328 1373 4362 cursus
1392 4314 1454 4364 rele-

298 4371 340 4427 tia,
352 4370 457 4420 studiose
468 4371 592 4436 amplexus
603 4371 651 4430 sit,
667 4369 778 4435 equidem
788 4371 857 4420 illum
890 4373 968 4436 gendo
986 4384 1098 4441 repetere.
1114 4385 1143 4426 ut
1152 4378 1230 4441 flexos
1241 4393 1311 4426 arcus
1327 4381 1455 4428 incoram

298 4443 405 4483 nontam
417 4436 524 4500 abjurem
531 4435 673 4498 Epicuream
683 4433 857 4499 philosophiam
890 4435 953 4502 apud
972 4438 1042 4503 Virg.
1060 4441 1121 4488 AEn.
1141 4457 1165 4497 r,
1186 4442 1243 4500 500,
1264 4457 1315 4506 pro,
1335 4441 1455 4492 flectendo

292 4507 321 4573 ¹et
334 4497 364 4546 ad
375 4499 478 4548 Stoicam
490 4513 515 4548 se
529 4505 673 4554 convertere,
684 4499 722 4548 vel
733 4496 793 4547 adeo
803 4500 857 4548 Sto·
890 4515 960 4550 arcus
978 4501 1117 4553 incurvare:
1141 4503 1172 4554 de
1191 4505 1312 4554 locutione
1332 4507 1406 4571 proba
1427 4515 1455 4556 et
