3150 5200
630 332 795 399 LIBER
816 332 844 412 1,
868 336 894 399 1.
1274 336 1340 399 139

275 482 391 547 Rides.
438 482 551 556 Quid?
574 506 646 548 mea
660 507 733 549 cum
748 496 875 571 pugnat
889 486 1049 551 sententia
1064 490 1196 551 secum?

275 584 376 657 Quod
391 584 496 668 petiit,
513 585 654 668 spernit3
680 586 811 671 repetit,
827 588 917 671 quod
932 610 1038 672 nuper
1052 588 1181 652 omisit?

275 685 423 763 AEstuat,
439 696 473 750 et
487 686 562 751 vitae
575 687 777 753 disconvenit
792 689 906 753 ordine
923 690 1015 754 toto?

190 786 252 851 100
274 786 397 862 Diruit‚
414 786 567 864 aedificat,
582 798 687 852 mutat
701 790 863 873 quadrata
876 790 1049 855 rotundis?

274 888 421 953 lnsanire
435 900 533 973 putas
550 888 705 953 solemnia
720 912 783 966 me,
800 912 907 975 neque
921 891 1021 967 rides,

272 988 347 1053 Nec
361 990 479 1054 medici
494 990 613 1067 credis,
629 1012 689 1055 nec
704 992 865 1055 curatoris
879 1014 978 1076 egere

274 1088 307 1153 A
322 1100 462 1174 praetore
477 1091 556 1168 dati,
573 1112 681 1155 rerum
696 1090 799 1157 tutela
812 1114 955 1157 mearum

273 1190 385 1263 Quum
400 1191 456 1268 sie,
472 1202 505 1257 et
519 1214 619 1275 prave
635 1202 758 1257 sectum
775 1194 986 1259 stomacheris
1001 1196 1045 1259 ob
1059 1218 1201 1281 unguem

188 1292 250 1357 105
272 1292 326 1356 De
342 1302 374 1357 te
390 1293 574 1376 pendentis,
591 1304 623 1359 te
638 1295 842 1378 respicientis
857 1297 969 1361 amici!

271 1392 328 1457 Ad
343 1416 508 1471 summam,
523 1396 652 1479 sapiens
667 1418 733 1460 uno
748 1397 853 1461 minor
867 1408 919 1461 est
932 1397 1027 1475 Jove,
1043 1399 1147 1475 dives,

271 1494 384 1571 Liber,
399 1494 589 1573 honoratus,
603 1494 751 1579 pulcher,
768 1518 828 1562 rex
843 1498 984 1582 denique
999 1520 1131 1583 regum3

271 1594 441 1680 Praecipue
457 1618 567 1673 sanus,
582 1597 644 1659 nisi
659 1618 758 1679 quum
774 1599 892 1682 pituita
907 1597 1043 1663 molesta
1056 1610 1117 1664 est.

181 1799 248 1850 enim
262 1797 359 1849 divitem
378 1798 486 1855 triremis,
501 1813 574 1863 qaam
586 1798 633 1847 sibi
644 1799 689 1873 ipsi
700 1814 741 1865 pa·
775 1799 898 1850 bominum
916 1816 1006 1851 morem
1020 1800 1133 1851 munire.
1167 1802 1274 1851 insanire
1288 1804 1335 1851 ali·

184 1873 258 1913 ratam
269 1862 382 1936 possidet,
392 1862 425 1911 ita
433 1878 561 1927 pauperem
572 1862 668 1927 navigii,
678 1864 742 1927 quod
774 1866 841 1927 quid,
853 1874 880 1913 at
896 1881 949 1939 sup.
963 1867 1015 1913 Sat.
1026 1865 1051 1923 ii,
1064 1867 1089 1921 3,
1102 1867 1143 1922 63,
1155 1869 1258 1915 insanire
1272 1882 1336 1915 erro·

182 1928 229 1976 sibi
245 1926 361 1975 conduxit
377 1934 479 1982 tantum,
492 1942 575 1991 capere
594 1928 655 1976 solet
670 1928 742 1975 satie·
774 1943 830 1983 rem,
839 1929 917 1993 Epist.
927 1945 944 1985 ι,
952 1932 976 1985 2,
988 1932 1027 1986 14,
1036 1932 1145 1992 quiequid
1153 1932 1256 1978 delirant
1262 1946 1336 1993 reget.

183 2000 230 2039 tas.
264 1990 381 2038 Nauseat:
399 1989 454 2038 hinc
473 2005 527 2055 sup.
546 1990 596 2039 0d.
611 1991 646 2048 iii,
662 1994 683 2047 l,
700 1992 741 2048 37,
809 1993 863 2040 103.
882 1993 1003 2041 curatoria
1019 1995 1039 2041 A
1057 2003 1153 2055 pretore
1171 1997 1238 2041 dati:
1258 2001 1337 2042 mente

183 2058 331 2117 minusque
348 2063 414 2101 terre
432 2054 591 2111 Fauianam
608 2064 633 2103 et
644 2054 692 2103 Od.
704 2054 740 2110 iii,
772 2055 858 2119 captis,
878 2056 923 2103 nisi
940 2072 1022 2105 eorum
1036 2072 1118 2105 curam
1132 2068 1239 2120 gererent
1255 2056 1337 2121 agnati

183 2121 225 2175 29,
234 2121 260 2175 9,
273 2118 423 2166 Fastidiasarn
439 2120 513 2165 desere
527 2122 621 2179 captam
658 2118 741 2167 Prtuus
772 2127 798 2167 et
807 2120 916 2181 gentiles,
929 2119 962 2169 rei
973 2119 1096 2167 familiaria
1106 2129 1337 2185 cumtorapratore

182 2182 214 2231 de
230 2183 301 2231 rebus
317 2197 418 2245 quarum
437 2181 531 2246 propria
547 2190 583 2229 est
599 2182 672 2231 alicui
686 2198 741 2249 pas·
773 2182 825 2230 dari
836 2184 943 2233 solebat:
962 2183 994 2231 ci.
1004 2199 1059 2247 sup.
1071 2183 1102 2232 sd
1112 2186 1164 2231 Sat.
1174 2184 1201 2240 ii,
1212 2186 1238 2238 9,
1250 2186 1308 2232 213.

182 2247 272 2297 sessio:
290 2245 338 2295 vid.
351 2246 435 2293 Lamb.
811 2248 864 2294 104.
884 2248 966 2302 l’raue,
982 2246 1053 2303 male,
1071 2248 1160 2313 inepte,
1173 2248 1236 2311 negli
1284 2255 1333 2296 ter:

214 2310 337 2359 94-105.
366 2309 497 2365 Sententia,
523 2324 595 2373 qusnr
621 2318 691 2375 poeta
716 2308 741 2357 in
771 2326 844 2371 praue
860 2320 944 2358 uotiua
960 2313 987 2357 ab
1004 2327 1114 2375 augures,
1130 2313 1161 2360 ob
1177 2327 1226 2359 rem
1251 2310 1335 2361 cuissi-

181 2374 338 2439 sequentibus
349 2373 632 2439 amplificavit,esthssc:
651 2373 743 2436 siquid
774 2388 847 2430 mam,
863 2390 917 2437 que
935 2373 1024 2423 recedit
1040 2376 1070 2422 ab
1087 2382 1184 2423 esterna
1206 2374 1335 2438 elegantia.

181 2438 247 2505 apud
270 2454 309 2487 me
328 2436 503 2491 animadvertis,
527 2438 657 2493 blesense,
677 2436 742 2500 quod
775 2437 806 2483 ln
827 2452 896 2485 versu
914 2439 946 2486 st
968 2439 1092 2485 Mrecenas
1114 2438 1146 2485 ab
1159 2438 1259 2504 capillos
1275 2439 1335 2486 ina·-

179 2513 284 2552 externaa
305 2500 400 2550 vivendi
416 2500 501 2549 ratium
521 2508 645 2565 repugnet,
665 2500 727 2549 rides
734 2518 742 2560 ;
775 2499 878 2565 qualiter
900 2510 1001 2549 resectos
1023 2504 1108 2557 ridere,
1130 2518 1195 2550 nunc
1217 2502 1248 2549 ab
1270 2502 1335 2551 male

179 2574 214 2623 at.
230 2568 305 2631 siege
317 2564 387 2614 homo
398 2580 451 2614 sam
461 2565 542 2614 varius
556 2572 580 2614 et
593 2563 740 2622 inconstans,
773 2572 865 2614 sectum
875 2580 979 2629 anguem
989 2566 1125 2614 armachan·
1133 2564 1229 2614 dicitur.

180 2632 239 2680 dum
262 2645 301 2680 rna
323 2630 353 2678 ad
374 2628 491 2679 solemnes
509 2629 631 2676 bominum
653 2645 742 2677 encres
810 2629 863 2679 105.
893 2631 929 2678 De
953 2639 974 2677 te
994 2631 1122 2692 pendentia,
1147 2639 1169 2676 te
1194 2631 1335 2692 respicientis

181 2711 250 2760 agere
271 2703 350 2760 putas,
373 2709 421 2742 nou
444 2693 514 2742 rides.
547 2693 661 2741 Horatius
680 2693 740 2756 jam,
773 2691 1335 2758 antei.-amicisnututuoplanependentis,te

181 2768 210 2808 at
228 2759 317 2826 passim
335 2758 403 2814 elias,
421 2757 451 2805 ad
470 2773 496 2805 se
514 2757 593 2812 relert,
611 2757 674 2820 qaod
694 2772 741 2805 non
774 2757 800 2804 in
830 2757 906 2806 oculis
932 2756 1056 2819 gestantis,
1078 2757 1117 2806 vcl
1144 2758 1244 2819 gratiam
1268 2763 1334 2804 tuam

180 2823 273 2888 proprie
288 2821 320 2870 ad
336 2822 423 2888 ipsum,
436 2820 477 2870 sed
490 2820 520 2868 ed
534 2835 739 2884 unumquemque,
772 2821 910 2883 sequentis,
936 2820 970 2868 sie
986 2829 1049 2870 certa
1067 2823 1177 2882 respicere
1196 2819 1258 2886 apud
1281 2819 1335 2869 Jnl.

179 2887 224 2950 qui
241 2887 284 2942 ita,
303 2894 329 2934 ut
346 2886 477 2942 scribitis
494 2883 617 2950 publicum
634 2883 740 2958 prodest,
773 2885 838 2933 Cas.
855 2885 930 2934 B.C.
946 2885 964 2940 i,
980 2887 1004 2940 l,
1020 2887 1062 2932 Sin
1082 2885 1192 2932 Camers
1209 2885 1334 2947 respiciant

180 2952 217 3000 vel
237 2949 411 3006 inconstantia,
433 2948 528 3014 qualem
547 2948 668 3006 describit,
689 2947 741 2997 cul·
773 2959 841 3010 atque
851 2953 900 3011 ejus
909 2951 1013 3012 gratiore
1021 2958 1156 3011 sequantur.

180 3013 293 3080 pamsibi
308 3014 441 3068 contrahat,
457 3012 605 3061 referendum
617 3020 662 3060 est.
695 3013 742 3062 Pra
810 3013 864 3067 106,
875 3013 930 3060 107.
949 3013 1110 3066 stammam,
1121 3020 1208 3061 utrem
1219 3012 1244 3061 in
1256 3025 1335 3075 pauca

178 3079 272 3143 vulgari
288 3078 389 3127 lectione
404 3087 511 3124 curtatus
521 3094 544 3124 v.
555 3077 597 3131 94,
609 3075 638 3124 ad
656 3085 740 3124 sueto-
772 3076 908 3126 conseram:
929 3075 1040 3124 similiter
1056 3089 1112 3139 sup.
1127 3077 1178 3122 Sat.
1199 3076 1215 3130 i,
1234 3077 1259 3130 3,
1278 3075 1333 3130 137,

179 3142 273 3191 ritatem
300 3141 454 3208 plurimorum
477 3139 555 3189 Codd.
578 3141 642 3206 apud
669 3141 741 3188 Feam
774 3141 810 3188 Ne
831 3142 923 3204 lougius
937 3141 1039 3204 faciam.
1072 3140 1129 3188 Jam
1150 3138 1242 3187 videtur
1264 3146 1334 3202 poete

178 3207 235 3256 dedi
256 3217 359 3260 curatus,
379 3214 404 3254 et
424 3220 485 3254 vers.
506 3220 542 3268 sq.
562 3204 671 3261 Occurra,
690 3220 741 3269 pro,
773 3204 889 3268 subjicere
900 3202 1058 3253 lereroluisse
1068 3201 1128 3250 hoc:
1147 3209 1164 3230 ⁴⁴
1172 3202 1238 3250 solus
1253 3201 1334 3265 is,qui

181 3271 294 3327 Oeeurri;
312 3277 412 3333 atraque
428 3268 492 3318 enim
507 3268 578 3317 lectio
592 3267 692 3316 orationi
704 3275 741 3316 est
773 3268 804 3316 ad
826 3267 948 3332 sapientia
971 3275 1091 3333 praecepta
1112 3265 1185 3314 vitam
1203 3265 1333 3329 componit,

178 3334 264 3383 atior.
307 3334 333 3382 st
363 3343 458 3382 euratru
488 3334 590 3394 capillos,
620 3347 650 3380 ax
684 3339 741 3380 noto
772 3331 866 3382 saliret
879 3333 964 3380 beatem
979 3331 1048 3390 est;'’
1067 3346 1146 3395 proeo
1162 3328 1243 3395 posuit
1252 3329 1333 3386 verba,

178 3394 741 3524 cellmtttltttttlltitt?
773 3393 1335 3520 tlttfflttlsffltttftllttz

179 3525 284 3590 qualiter
292 3525 393 3590 capillos
403 3523 494 3572 tondet.
770 3535 803 3572 eat
821 3523 886 3578 Jare,
898 3523 924 3570 h.
935 3538 957 3571 e.
968 3522 1065 3588 sapiens
1080 3521 1123 3570 uni
1140 3522 1196 3572 Jovi
1215 3521 1334 3585 dignitate

210 3592 252 3640 95.
269 3591 396 3646 Sitioenta,
407 3587 479 3636 sestis
494 3587 598 3642 interior,
610 3601 664 3650 quse
677 3585 738 3648 geri-
771 3586 849 3636 cedit:
867 3586 897 3634 de
912 3586 1033 3636 locutione
1050 3589 1124 3633 minor
1135 3597 1167 3635 est
1185 3587 1269 3648 aliquis
1286 3586 1332 3632 ali·

178 3661 219 3702 tur
241 3653 321 3702 subter
340 3652 431 3700 tunica.
467 3651 543 3707 Trita,
565 3651 658 3706 detrita,
679 3649 738 3697 nibil
771 3668 815 3714 qua
836 3664 904 3698 exam
922 3649 946 3697 la
964 3649 1031 3698 dedit
1051 3650 1135 3698 lamb.
1169 3651 1217 3698 Res
1236 3651 1334 3712 ἀιηίφω

177 3715 283 3783 amplius
293 3717 355 3764 lanas
367 3715 466 3770 habeus,
476 3715 652 3778 (algesehabt,)
663 3728 737 3778 appo·
769 3731 863 3778 regum:
880 3666 922 3762 ed
925 3729 980 3777 sup.
992 3715 1042 3762 Sat.
1054 3713 1072 3769 i,
1083 3715 1108 3767 3,
1122 3715 1168 3761 125
1179 3720 1204 3762 et
1215 3713 1271 3761 136.

178 3781 244 3829 nitur
258 3779 345 3829 tunica
362 3797 429 3842 praa,
440 3778 497 3827 lana
512 3787 590 3827 comta
604 3777 683 3827 adhuc
694 3779 737 3825 ob·
805 3779 859 3826 103.
874 3779 991 3838 Praeipue
1000 3793 1080 3824 sanun
1092 3792 1148 3838 ergo
1158 3775 1261 3841 corporis
1272 3789 1333 3838 quo-

178 3854 256 3900 tsctss,
280 3845 357 3892 adhuc
381 3843 489 3891 villosa:
515 3843 623 3891 Martisl.
643 3841 669 3896 ii,
696 3843 737 3898 50,
770 3856 818 3906 que
836 3840 961 3888 sanitatem
977 3839 1110 3888 reserabant
1125 3837 1200 3888 Stoici
1215 3838 1245 3886 sd
1259 3838 1332 3894 boam

181 3909 282 3956 Pexatus
290 3909 385 3970 pulchre
393 3909 454 3954 rides
464 3924 522 3963 mea,
535 3907 605 3963 Zatle,
619 3909 685 3954 trita.
772 3922 827 3970 quae
850 3903 983 3968 disciplima
1002 3918 1053 3951 sura
1068 3905 1184 3964 precipue
1203 3900 1332 3959 deberent;

211 3973 252 4028 96,
260 3973 303 4020 97.
323 3971 363 4018 Vel
372 3975 455 4044 rittega
466 3973 559 4018 dissidet
571 3974 653 4032 impar,
665 3970 740 4017 altera
772 3969 814 4018 sed
831 3967 898 4016 addit
914 3967 982 4041 ⁸²l⁸⁰t
1005 3969 1050 4038 piei
1071 3983 1123 4014 earn
1137 3967 1225 4026 pituita
1242 3965 1335 4012 archeta

177 4034 740 4162 mt‘lzttttltttttttttt
771 4029 1257 4157 statutttlsstltffiitlt
1269 4028 1334 4139 tlt

177 4177 234 4210 cum
250 4162 357 4211 mihimet
372 4161 427 4228 ipsi,
444 4161 513 4210 modo
530 4161 575 4210 boc
594 4161 664 4210 modo
680 4159 741 4208 illud
772 4161 823 4225 apti
850 4167 927 4218 suut;
955 4157 1022 4213 binc,
1054 4168 1082 4206 ut
1107 4108 1241 4204 ‹liisrvavu
1270 4155 1333 4203 Ges-

178 4226 308 4292 appetenti,
334 4241 391 4291 rapu
425 4241 455 4284 o;
481 4241 538 4274 cum
563 4240 648 4292 sperno
674 4223 739 4288 quod
773 4240 852 4278 uerus,
867 4225 996 4278 helecines,
1014 4220 1079 4286 apud
1097 4221 1196 4268 Grecos
1211 4219 1333 4282 κορυζῶν·

177 4290 244 4363 petii,
256 4298 336 4355 repeto
346 4306 378 4354 qu
421 4290 492 4338 modo
507 4289 651 4346 omisi,cum
666 4287 741 4336 animi
772 4305 828 4347 rem
843 4303 912 4335 sansu
923 4285 996 4349 igitur
1007 4283 1056 4334 'am
1068 4299 1140 4332 sensu
1150 4283 1271 4356 ambiguo,
1283 4289 1333 4354 tam

178 4363 269 4418 impetu
288 4362 313 4402 et
333 4353 421 4404 iarvora
440 4353 487 4403 huc
504 4353 563 4402 illuc
582 4353 665 4416 agitor,
684 4367 739 4400 cum
772 4352 803 4400 de
820 4359 899 4400 mente
914 4364 984 4414 quam
1002 4301 1033 4398 de
1049 4362 1155 4413 corpore,
1164 4347 1256 4395 dictum
1266 4344 1332 4393 rida-

177 4425 253 4466 totum
263 4416 319 4466 vita
328 4417 434 4467 ordinem
446 4417 561 4474 disturbo,
573 4425 630 4466 cett.
773 4426 819 4465 tur.
852 4415 964 4463 Ceterum
973 4428 1020 4460 vox
1037 4415 1125 4474 pituita
1140 4410 1215 4458 tribus
1224 4408 1332 4473 syllabis,

213 4482 268 4530 101.
292 4481 399 4530 lusanire
417 4484 533 4538 solemnia,
555 4482 585 4530 sd
609 4481 739 4532 soleinnem
773 4488 808 4529 ut.
817 4495 871 4543 sup.
882 4479 932 4526 Sat.
944 4477 970 4536 ii,
982 4478 1008 4532 2,
1021 4478 1062 4532 76,
1074 4473 1254 4542 pronuncianda
1264 4480 1308 4522 est.
