3150 5200
580 346 745 413 LIBER
769 347 797 425 Ι,
820 351 851 412 6.

228 498 308 564 Non
322 498 427 562 minus
443 498 571 582 ignotos
586 500 764 582 generosis.
810 500 888 572 Quo
901 500 974 575 tibi,
990 499 1091 577 Tulli,

163 600 209 663 25
230 599 366 663 Sumere
382 599 566 681 depositum
581 599 717 675 clavum,
730 599 868 683 fierique
880 600 1034 664 tribuno?

229 700 357 766 Invidia
372 699 524 777 accrevit,
542 700 669 783 privato
685 722 759 783 quae
774 701 878 764 minor
890 712 989 765 esset.

229 802 318 866 Nam
333 811 370 865 ut
384 801 522 884 quisque
535 802 668 866 insanus
683 802 784 885 nigris
799 801 940 866 medium
954 802 1102 886 impediit
1116 824 1191 866 crus

230 903 388 978 Pellibus,
404 913 438 967 et
452 902 552 966 latum
568 903 696 967 demisit
711 914 845 985 pectore
860 903 1001 980 clevum3

230 1003 336 1069 Audit
351 1006 515 1081 continuo,
532 1005 617 1078 Quis
632 1004 729 1067 homo
744 1004 810 1080 hic,
825 1017 883 1069 eut
897 1027 964 1088 quo
977 1015 1070 1089 petre
1084 1008 1204 1069 natust

165 1107 210 1170 30
232 1104 290 1183 Ut,
308 1106 406 1189 siqui
422 1116 569 1190 aegrotet‚
586 1128 651 1188 quo
667 1107 780 1170 morbo
796 1105 932 1183 Barrus,
948 1105 1063 1169 haberi

231 1208 278 1271 Et
291 1208 403 1291 cupiat
417 1205 588 1282 formosus,
603 1217 656 1269 eet
670 1228 875 1289 quecunque,
891 1205 1008 1289 puellis

231 1310 360 1394 lnjiciet
375 1330 486 1374 eurem
500 1306 668 1391 querendi
685 1307 830 1392 singulm
852 1306 941 1391 quali

233 1411 283 1474 Sit
297 1410 391 1487 fecie,
406 1431 492 1486 sure,
508 1408 596 1492 quali
610 1409 707 1492 pede,
724 1409 834 1486 dente,
849 1408 984 1492 eupillo:

233 1512 299 1587 Sic,
316 1512 373 1594 qui
386 1511 557 1595 promittit,
573 1510 671 1585 cives,
687 1511 801 1574 urbem
817 1510 879 1573 sibi
894 1532 993 1585 curae,

166 1614 212 1677 35
232 1612 408 1697 imperium
423 1611 503 1688 sore,
519 1621 553 1675 et
569 1610 706 1687 Italiam,
722 1620 756 1675 et
770 1611 908 1675 delubro
922 1610 1087 1689 Deorum3

234 1715 310 1787 Quo
325 1724 418 1798 petre
433 1714 476 1776 sit
490 1722 597 1788 natus,
613 1734 690 1775 num
705 1714 817 1796 ignota
831 1723 934 1777 matre
948 1711 1151 1791 inhonestus,

234 1816 359 1879 Omnes
373 1812 525 1877 mortales
541 1834 654 1877 curare
670 1824 704 1877 et
719 1835 865 1896 quaerere
880 1814 978 1897 cogit.

234 1916 330 1980 Tune
346 1914 432 1999 Syri,
449 1913 576 1991 Demre,
592 1925 649 1978 aut
665 1914 807 1999 Dionysi
821 1914 919 1992 filius,
934 1915 1037 1980 eudes

233 2018 388 2102 Dejicere
403 2039 421 2081 e
437 2038 517 2079 sexo
532 2017 630 2092 cives,
645 2026 702 2079 aut
717 2016 847 2081 tradere
863 2017 1009 2080 Cadmo?

148 2206 210 2263 buit,
227 2204 286 2269 quid
302 2218 355 2259 nos,
373 2202 414 2267 qui
434 2202 473 2250 lon
524 2203 612 2252 restim
634 2203 706 2277 vulgo
740 2202 791 2256 Quo
805 2202 978 2267 mibi,fortuoo
995 2206 1015 2251 ri
1030 2220 1076 2251 nors
1093 2207 1227 2255 mordicus
1241 2208 1298 2256 uti?

147 2269 234 2319 sentire
255 2267 372 2323 ridemur,
395 2266 425 2315 de
448 2282 479 2315 no
496 2266 572 2317 ilitete
594 2267 706 2322 bominis,
741 2266 1092 2330 Tutti(rittt,Benrt.1³ea):
1112 2268 1193 2318 Scbol.
1211 2271 1296 2335 Cmq..

147 2333 227 2397 qualis
246 2342 284 2381 est
304 2331 427 2386 Laevinus,
443 2331 551 2394 judicare
573 2332 705 2379 debemusl
739 2330 832 2379 Tullius
857 2333 895 2378 bic
919 2340 1001 2379 unctu
1024 2342 1097 2380 metus
1118 2343 1151 2380 est
1172 2352 1188 2381 o
1211 2334 1299 2383 Cerere

148 2398 173 2447 N
176 2412 262 2461 nmque
277 2396 403 2469 fingemus,
417 2395 530 2469 populum
545 2395 616 2443 malle
628 2396 705 2443 Levi·
737 2398 803 2457 quasi
819 2396 986 2457 Pompeimus:
1002 2398 1074 2443 occiso
1088 2412 1140 2444 vero
1158 2398 1246 2446 Cerere
1261 2416 1298 2448 rr·

148 2458 707 2587 lntltt.‚¹32f¹.tlt”lt¹..¹:tts''ltsstl
738 2460 1299 2587 &similinlttulnttfflt

147 2605 187 2639 rue
203 2589 266 2644 ideo,
285 2587 343 2652 quia
360 2603 409 2635 non
425 2602 502 2635 essem
520 2595 586 2651 petre
602 2587 707 2650 ingenuo
740 2587 814 2634 bunne
824 2589 925 2636 militum
932 2587 1017 2653 factm
1033 2598 1075 2635 est.
1109 2588 1300 2644 Summotis

148 2663 228 2710 neme,
256 2660 341 2701 senatu
368 2666 477 2711 movere;
501 2650 614 2714 quidnam
640 2651 706 2714 judi·
740 2649 841 2714 integro.
875 2653 1017 2713 Depositum,
1037 2659 1123 2700 senatu
1140 2652 1205 2700 enim
1220 2662 1300 2703 motus

149 2717 253 2766 candum
264 2717 344 2764 essetl
360 2713 471 2779 equidem
480 2714 622 2788 judicarem,
634 2713 658 2762 id
669 2714 708 2764 rel
739 2713 857 2778 deponere
876 2715 978 2764 debebat
994 2716 1089 2780 insigne
1104 2725 1248 2773 senatorum,
1264 2721 1300 2766 la-

149 2781 233 2830 merito
244 2780 334 2829 iactum
345 2793 406 2832 esse,
416 2793 529 2843 quomam
541 2779 671 2827 noluissem
681 2778 707 2827 in
740 2787 791 2824 tum
811 2781 901 2826 clavem
923 2779 1039 2842 (limbum
1060 2795 1205 2846 purpureum
1228 2782 1300 2831 vestis

149 2855 211 2894 sorte
234 2859 286 2893 mes
309 2851 332 2892 et
354 2842 407 2890 vite
428 2857 487 2890 mee
510 2841 644 2890 conditione
667 2857 707 2890 ee·
740 2856 806 2889 orem
825 2841 998 2905 ambientem:
1016 2843 1048 2890 ei.
1064 2843 1094 2891 ed
1113 2847 1163 2892 Set.
1182 2844 1199 2899 i.
1216 2849 1241 2900 5,
1258 2847 1300 2896 ³6.

149 2910 289 2975 quiescers;
305 2921 386 2954 verum
402 2907 521 2954 enimvero
538 2907 607 2969 (red)
621 2905 655 2954 sic
671 2915 709 2955 est
742 2905 853 2962 Tritum,
867 2907 953 2955 Graece
970 2921 1022 2972 pro,
1038 2906 1181 2955 tribunum:
1198 2909 1230 2956 el.
1245 2925 1300 2984 sup.

149 2973 273 3022 hominum
294 2969 425 3034 ingenium,
448 2969 566 3034 ignobiles
589 2985 657 3034 eque
679 2985 707 3018 uc
740 2968 771 3016 ad
789 2971 842 3018 Set.
858 2969 876 3024 i,
892 2973 914 3024 l,
928 2972 967 3018 19.
994 2971 1052 3017 Erat
1069 2979 1149 3020 eutem
1166 2987 1239 3036 penes
1258 2983 1300 3022 tn·

151 3037 243 3085 nobiles
254 3043 310 3084 sunt
324 3033 406 3098 glorie
421 3049 436 3081 a
452 3031 617 3098 potentissimi.
651 3033 707 3089 Nos,
739 3033 818 3081 bunos
839 3049 936 3098 quoque
948 3036 993 3095 jus
1016 3035 1059 3081 toti
1080 3037 1160 3082 clavi.-
1180 3035 1235 3085 Cic.
1258 3053 1301 3102 pro

150 3115 187 3149 sc.
198 3115 236 3148 me
247 3108 272 3147 et
281 3097 350 3153 elios,
363 3098 405 3162 qni
422 3051 486 3146 ultra
497 3098 584 3160 vulgus
601 3097 707 3161 sepiunt.
741 3096 841 3145 Cluent.
852 3112 875 3145 c.
886 3099 928 3145 54.

151 3164 236 3212 Decio:
254 3161 424 3226 intelligendus
440 3169 476 3210 est
493 3162 524 3208 P.
541 3159 634 3208 Decius
651 3161 710 3208 Mus
773 3163 815 3208 27.
835 3162 876 3215 Ut,
926 3169 1031 3225 stqnem,
1046 3161 1158 3211 simules.
1192 3162 1300 3222 Insanus,

151 3227 223 3291 (Lis.
238 3225 289 3282 viii,
307 3225 347 3287 9),
360 3226 410 3289 qui,
422 3233 450 3273 ut
464 3223 558 3279 Cicero,
578 3224 648 3272 homo
666 3225 711 3272 luit
741 3223 783 3286 qui
792 3225 865 3273 stulte
873 3225 893 3272 si
911 3225 1005 3290 iplacet
1013 3225 1038 3272 in
1045 3225 1148 3273 externis
1157 3224 1301 3289 insignibus,

151 3288 404 3354 novur,h.e.priruus
419 3289 461 3353 qui
478 3303 492 3337 e
509 3288 601 3336 familie
617 3303 661 3336 sue
680 3287 710 3336 sd
742 3287 813 3335 homo
835 3304 929 3348 vanus,
958 3289 1014 3337 bine
1037 3288 1082 3336 inl.
1104 3291 1155 3337 Set.
1179 3289 1204 3346 ii,
1226 3291 1251 3345 2,
1275 3295 1300 3348 5,

150 3354 313 3418 magistratum
325 3354 466 3418 perveniret.
499 3353 605 3415 Appius.-
621 3351 710 3400 intelli·
735 3351 854 3416 sulgores‚
895 3352 966 3400 uibus
990 3352 1185 3417 exsplendescere
1206 3353 1303 3404 student

152 3419 246 3482 gendus
258 3427 294 3466 est
305 3417 400 3490 Appius
412 3416 530 3466 Claudius
541 3415 655 3473 Pulcher,
668 3415 710 3480 qui
744 3415 868 3470 beatiores,
878 3369 998 3465 dicuntur
1014 3419 1100 3464 insani.
1135 3418 1217 3482 Nigris
1231 3421 1301 3480 pelli-

151 3497 244 3531 summs
259 3489 383 3530 serentete
397 3496 521 3530 censuram
537 3479 638 3543 gessisse
650 3479 711 3527 ‹lici-
743 3480 798 3526 bus:
817 3480 846 3528 ad
857 3479 962 3544 insignis
973 3481 1115 3528 nobiliorum
1131 3491 1155 3530 et
1165 3491 1302 3532 senatomm

150 3555 203 3595 tur:
230 3545 481 3601 CicdeDiv.i,16.
514 3545 547 3600 Si,
560 3543 622 3598 ideo,
635 3542 709 3607 quod.
742 3543 893 3606 pertinebant
902 3560 999 3619 quoque
1012 3544 1074 3620 nigri
1089 3545 1176 3593 coloris
1185 3546 1302 3612 corrigie,

151 3611 181 3658 ln
205 3613 300 3672 propria
323 3611 400 3671 pelle:
421 3623 463 3674 per
487 3609 569 3671 pellem
594 3611 711 3670 propriam
743 3607 831 3671 quibus
846 3609 945 3657 interse
959 3608 1080 3673 impeditis
1091 3610 1157 3658 eruci
1169 3609 1302 3675 adstringe·
1331 3641 1334 3647 -

150 3673 258 3737 intellige
272 3681 359 3722 sortem
373 3673 462 3737 cuique
478 3673 605 3784 proprium,
625 3679 711 3720 sortem
743 3671 831 3719 bantur
841 3673 926 3720 celcei.

151 3737 176 3786 in
198 3752 247 3801 qua
286 3739 324 3786 uis
346 3745 415 3786 nutus
437 3745 482 3784 est.
539 3749 629 3784 memus
651 3735 713 3783 bunc
777 3737 884 3784 stt-³5.
903 3736 945 3793 Ut,
957 3739 986 3793 si,
999 3745 1056 3785 cett.
1068 3753 1169 3787 senem:
1187 3742 1302 3804 quemad·

151 3753 322 3867 proverbialem
340 3800 484 3849 locutionem
501 3799 584 3864 repetit
599 3814 613 3846 n
629 3798 714 3846 fabule
744 3798 850 3854 modum,
863 3799 883 3846 si
900 3799 955 3862 quis
972 3799 1054 3848 eodem
1075 3817 1123 3865 quo
1140 3803 1231 3851 Barrus
1246 3803 1304 3853 vitio

153 3865 240 3931 AEsopi
263 3865 294 3914 de
318 3864 386 3913 esino
410 3866 529 3919 Cumeuo,
553 3862 595 3926 qui
616 3861 713 3911 leonine
744 3861 844 3918 laboret,
868 3863 894 3910 b.
918 3878 940 3910 e.
961 3863 1077 3913 formosus
1104 3865 1185 3914 heberi
1213 3867 1303 3940 cupiet,

152 3930 215 3996 pelle
236 3929 336 3978 indutus
360 3930 397 3977 leo
421 3929 502 3976 heberi
520 3927 605 3975 voluit.
651 3927 712 3973 Gon·
745 3941 826 3974 curam
865 3926 945 3985 uellis,
969 3943 1115 3991 quacunque
1138 3937 1186 3984 eat,
1210 3929 1304 3993 injiciat

150 3997 260 4052 strictos3
277 4009 333 4042 nem
351 3991 435 4041 Gloria
447 3991 550 4041 vinculis
568 3989 638 4055 quasi
655 4005 712 4038 eon·
745 3943 867 4054 querendi
878 3989 981 4053 singule,
999 3991 1065 4054 quali
1080 3992 1112 4038 sit
1122 3991 1190 4048 iscie,
1203 4001 1260 4042 cett.
1269 3993 1304 4043 sic

151 4057 246 4122 stringit
265 4057 312 4105 sibi
329 4056 442 4115 deditos;
458 4071 500 4121 pro
511 4055 612 4118 vulgari,
631 4070 660 4103 ce
677 4062 713 4102 tos
745 4053 774 4110 is,
794 4054 836 4128 qui
852 4053 952 4102 summis
968 4055 1096 4102 bonoribus
1112 4064 1211 4103 ornatus
1226 4072 1304 4106 rerum

151 4121 277 4186 splendore
294 4121 392 4186 glorie:
410 4120 453 4168 inl.
472 4120 550 4185 Epist.
568 4119 594 4174 ii,
614 4121 638 4174 l,
658 4072 713 4172 lii,
746 4118 895 4181 publicarum
917 4116 1064 4166 defensorem
1086 4118 1124 4165 rel
1144 4134 1222 4167 rerum
1243 4119 1304 4169 divi·

150 4203 235 4234 eurrns
255 4186 341 4233 Glorie
358 4183 713 4240 dicituroeutesus,h.e.vnno
746 4196 830 4229 nurum
851 4189 983 4230 curatorem
1010 4195 1036 4229 se
1064 4181 1192 4245 profitetur,
1216 4199 1305 4233 unum-

151 4249 324 4315 splendoreiul
342 4265 394 4298 ens.
421 4249 518 4314 Ignotus
529 4263 580 4313 pro,
592 4245 713 4311 ignobilis,
744 4259 816 4309 quem
834 4261 866 4294 ue
877 4245 907 4295 ds
918 4261 963 4294 sua
972 4243 1071 4307 origine,
1083 4252 1163 4293 utrum
1174 4247 1263 4297 nobilis
1274 4265 1305 4300 un

152 4265 463 4380 pessimapudlloratiurn.
744 4263 857 4373 ignobilis
880 4310 920 4366 sit,
937 4324 1042 4372 querere
1057 4308 1130 4373 cogit.
1171 4312 1211 4359 De
1229 4313 1307 4362 Burro

184 4380 292 4426 24-29.
311 4377 361 4430 Quo
378 4375 499 4441 (entique,
516 4383 544 4424 ut
557 4373 657 4430 videtur,
671 4389 713 4438 pro
745 4374 777 4422 cl.
796 4389 849 4439 sup.
869 4373 900 4421 ad
918 4373 969 4421 Sat.
988 4374 1053 4429 1,t‚
1076 4375 1132 4423 110.
1165 4375 1254 4424 Haben*
1274 4379 1306 4426 Et

151 4445 214 4505 quoi,
227 4441 282 4498 eui)
295 4443 347 4496 tibi,
359 4437 456 4490 cuinam
468 4439 593 4488 commodo
605 4437 712 4492 nuituis,
746 4440 826 4498 ereptae
842 4437 975 4503 formosus:
999 4437 1059 4495 vitii,
1081 4438 1146 4502 quod
1167 4439 1243 4488 Burro
1263 4443 1305 4491 tri-

152 4505 213 4570 quid
234 4505 278 4554 tibi
299 4504 400 4570 proluit:
431 4504 475 4554 ini.
498 4503 575 4568 Epist.
594 4501 611 4559 i,
629 4505 653 4560 5,
673 4503 712 4558 12,
745 4501 835 4558 buitur,
858 4517 934 4565 genus
951 4502 1002 4567 jem
1025 4502 1172 4566 designetur,
1194 4505 1307 4570 cupiebat
