3150 5200
629 346 793 413 LIBER
816 350 843 425 1,
870 351 897 413 l.

270 493 324 558 Ne
340 516 434 560 cures
449 518 488 560 eu
502 519 576 580 quse
591 498 689 563 stulte
705 502 831 566 miraris
845 513 879 565 et
893 512 1000 585 optas,

273 592 410 661 Discere
425 609 458 661 et
473 598 587 662 audire
601 612 635 663 et
649 601 773 666 meliori
789 604 923 668 credere
938 626 1003 667 non
1017 604 1086 667 vis?

270 694 366 771 Quis,
383 698 503 761 circum
517 721 620 783 pagos
635 712 669 765 et
684 702 806 766 circum
820 704 961 787 compita
975 726 1120 789 pugnax,

205 796 248 857 50
269 794 393 879 Magna
408 800 555 862 coronari
571 812 755 867 contemnat
771 802 936 887 Olympia,
952 806 1005 869 cui
1020 827 1107 890 spes,

185 905 191 916 “
269 896 333 959 Cui
348 898 390 960 sit
405 898 548 963 conditio
563 900 668 965 dulcis
685 904 753 967 sine
768 903 902 987 pulvere
916 904 1054 988 pelmoei

270 998 377 1061 Vilius
392 1009 562 1082 argentum
577 1012 627 1064 est
641 1024 733 1079 euro,
748 1006 924 1068 virtutibus
939 1027 1064 1070 eurum.

270 1099 302 1161 Ο
318 1100 416 1174 cives,
431 1100 536 1163 cives!
560 1104 737 1183 quaerenda
751 1107 891 1189 pecunia
902 1107 1041 1190 primum
1055 1119 1117 1184 est,

268 1199 384 1263 Virtus
399 1210 475 1283 post
489 1208 652 1265 nummos!
677 1204 748 1269 haec
760 1206 865 1269 Jeuus
881 1229 1025 1270 summus
1040 1210 1083 1272 eb
1097 1209 1161 1271 imo

205 1303 247 1363 55
270 1299 449 1364 Producet:
474 1300 544 1365 baec
560 1305 708 1367 recinunt
719 1309 857 1387 juvenes
872 1307 994 1372 dictata
1009 1330 1180 1392 senesque,

270 1400 369 1465 Laevo
385 1404 535 1485 suspensi
549 1402 672 1469 loculos
688 1407 896 1492 tabulamque
910 1407 1043 1474 lacerto.

268 1502 303 1564 Si
318 1504 564 1587 quadringentis
580 1528 638 1569 sex
655 1519 778 1592 septem
793 1508 892 1572 millia
906 1509 1036 1586 desunt,

269 1603 334 1665 Est
348 1604 473 1667 enimus
489 1606 560 1682 tibi,
578 1619 653 1671 sunt
668 1630 785 1685 mores,
802 1620 835 1674 et
849 1609 960 1692 lingua
974 1609 1135 1693 fidesque,

269 1702 366 1767 Plebs
382 1706 455 1769 eris.
502 1707 549 1770 At
564 1710 658 1791 pueri
673 1709 834 1787 ludentes,
852 1709 928 1773 Rex
943 1712 1018 1786 eris,
1035 1712 1136 1785 aiunt,

201 1806 246 1867 60
267 1804 303 1867 Si
318 1818 406 1871 recte
420 1806 531 1871 facies.
578 1808 644 1873 Hic
658 1832 768 1874 murus
784 1809 928 1874 aheneus
942 1821 1026 1887 esto,

268 1906 325 1968 Nil
338 1908 483 1973 conscire
499 1910 572 1985 sibi,
589 1909 676 1974 nulle
691 1909 867 1994 pallescere
883 1909 989 1995 culpe.

268 2006 389 2071 Roscia
405 2009 470 2090 (dic
486 2010 595 2092 sodes)
610 2011 721 2076 melior
736 2012 801 2088 lex,
818 2034 858 2074 an
875 2034 1050 2095 puerorum
1064 2021 1115 2075 est

181 2190 279 2251 βαίνειν
293 2189 394 2240 dicitur:
412 2193 445 2241 cl.
462 2210 517 2259 sup.
536 2193 566 2243 nd
586 2194 633 2243 0d.
651 2194 684 2253 iv,
701 2198 739 2251 14,
773 2206 869 2252 tactum,
882 2199 942 2259 quod
959 2206 1039 2245 ancum
1056 2195 1161 2245 ἀκονιτί·
1194 2196 1260 2245 Gell.
1271 2212 1295 2253 r,
1307 2198 1331 2254 6,

181 2256 222 2309 24,
235 2264 259 2303 et
270 2254 300 2302 ud
312 2257 362 2303 Set.
375 2256 392 2311 i,
407 2259 429 2314 l,
442 2259 482 2307 33.
772 2262 821 2307 sinc
842 2261 944 2321 pulnere,
966 2271 994 2309 stt
1016 2262 1063 2307 diei
1083 2262 1147 2315 solet,
1167 2262 1334 2323 incruentaque

214 2319 254 2366 tt.
274 2320 310 2366 ll'c
325 2336 389 2367 curet
404 2338 440 2376 ec,
453 2329 509 2371 cett.
521 2330 548 2368 ut
563 2330 701 2371 contemnes
712 2338 741 2371 ea
772 2324 897 2384 victorio),
906 2323 931 2369 b.
939 2340 962 2371 e.
974 2323 1025 2371 sine
1036 2338 1131 2397 pugnet
1147 2323 1334 2387 repugnantibus

182 2398 236 2445 quar
248 2383 320 2431 stulte
331 2384 411 2447 magni
421 2384 489 2441 lacis,
499 2393 523 2433 et
531 2386 651 2449 possidere
663 2386 739 2449 cupis,
772 2389 837 2434 enirn
853 2387 1013 2449 colligebatur
1030 2395 1147 2435 excitatus
1165 2387 1259 2450 pulvis3
1276 2386 1332 2437 binc

181 2446 206 2493 id
217 2454 243 2494 tu
256 2462 308 2509 nont
316 2447 359 2503 vis,
370 2450 407 2497 vel
418 2448 610 2513 philosophomm
623 2449 694 2497 libros
706 2449 740 2497 le·
773 2466 828 2514 sup.
839 2450 887 2497 Od.
899 2450 916 2505 i,
931 2452 953 2505 1,
966 2453 990 2505 3,
1000 2453 1121 2512 pulverem.
1129 2451 1274 2513 Olympicum
1286 2450 1333 2497 col-

181 2509 267 2622 peudo,
280 2511 318 2558 vel
330 2510 482 2577 philosophos
492 2511 605 2560 docentes
623 2512 741 2562 audiendo
773 2516 853 2575 ligere.
885 2514 948 2561 Fieri
962 2523 1041 2563 autem
1056 2521 1193 2578 poterat,ut
1208 2511 1333 2576 uliquisin

199 2590 206 2621 ι

207 2590 272 2624 scere
290 2583 314 2623 et
326 2577 444 2638 (meliori)
456 2575 601 2649 prudentiori
612 2575 681 2650 fidem
698 2576 741 2625 ba·
773 2577 837 2626 ludis
859 2576 993 2643 olympicis
1014 2579 1089 2651 victor
1110 2584 1261 2626 coronaretur
1281 2575 1334 2650 sine

182 2639 254 2687 beret
288 2639 381 2696 Melior,
409 2641 507 2697 doctior,
533 2640 687 2705 prudentior:
717 2641 742 2688 in
773 2642 941 2706 pulvere,sine
958 2656 1047 2706 pugna,
1061 2657 1081 2688 u
1097 2656 1166 2690 nemo
1182 2641 1276 2690 adesset
1292 2655 1334 2704 qur

183 2703 260 2767 Epist.
272 2719 309 2766 sq.
320 2719 342 2750 ν.
354 2705 395 2760 68,
409 2705 478 2751 ll'nnc
489 2707 568 2752 adhibe
579 2721 637 2765 pirro
649 2705 743 2752 Pectore
773 2719 829 2752 cum
850 2721 878 2752 eo
904 2714 1024 2753 certamen
1049 2705 1110 2753 inire
1130 2705 1234 2753 auderet.
1279 2704 1333 2751 lloc
1427 2739 1431 2745 .

182 2769 250 2814 nertin
260 2783 327 2826 puer,
342 2785 403 2816 nrtnc
412 2777 433 2813 te
443 2770 571 2816 arctioribus
581 2768 646 2832 offer.
774 2769 874 2816 transfer
887 2768 917 2815 ed
932 2783 1066 2833 expressam
1083 2768 1242 2816 seutentiam:
1259 2768 1333 2815 virtu-

216 2831 321 2878 49-51.
340 2832 397 2884 Quis
407 2834 494 2879 circum
504 2848 582 2894 pagos,
595 2840 651 2880 cett.
680 2829 743 2887 Quis
775 2839 822 2879 tem
838 2831 958 2880 exercenti
974 2847 1030 2888 non,
1050 2841 1076 2880 ut
1094 2831 1230 2878 divitiarum
1245 2846 1334 2893 conge-

182 2901 219 2941 est
246 2893 288 2958 qui
316 2910 362 2942 non
392 2895 459 2942 malit
486 2895 592 2942 coronari
620 2896 644 2942 in
677 2893 741 2941 ludis
774 2894 900 2942 rendsrum
920 2894 1017 2959 cupido,
1032 2894 1190 2969 pugnandum
1206 2909 1259 2943 esse
1277 2909 1333 2942 cum

184 2956 215 3004 Ol
257 2958 326 3023 picis,
346 2960 474 3022 praecipue,
494 2959 514 3005 si
532 2959 635 3022 palmam
653 2956 741 3005 inillis
773 2957 896 3006 laboribus
904 2967 929 3007 et
940 2958 1060 3022 periculis.

183 3020 208 3068 lu
227 3021 247 3068 is
262 3025 326 3083 (sinc
341 3023 451 3084 puluere)
468 3021 520 3070 sine
535 3036 616 3086 pugne
630 3021 743 3084 consequi
806 3024 848 3070 52.
868 3022 943 3070 Vilius
952 3029 1147 3083 argentumcett.
1157 3021 1178 3068 si
1186 3021 1262 3068 viliori
1273 3035 1334 3084 prae·

184 3085 266 3148 possit,
277 3099 349 3148 quam
368 3085 463 3134 athlete
480 3085 660 3133 circumlomuei
680 3101 743 3133 more
774 3083 897 3134 ferendum
912 3093 949 3133 eet
962 3085 1057 3142 melius,
1068 3099 1126 3132 euro
1136 3092 1161 3132 et
1173 3083 1262 3131 divitiis
1273 3098 1334 3147 prce·

184 3149 274 3196 circum
292 3163 365 3214 pagos
381 3157 405 3196 et
423 3149 527 3213 compita
538 3153 659 3213 pugnaret
694 3149 743 3196 Ex·
774 3149 830 3196 ferri
840 3149 910 3198 debet
921 3148 1002 3196 virtus.

182 3211 268 3276 pressit
291 3221 370 3260 sutem
392 3213 506 3261 Horatius
531 3211 575 3260 bac
603 3210 743 3260 adumbrata
806 3213 912 3260 53-66.
930 3213 1102 3268 Ocincs‚ciocs!
1118 3217 1175 3260 cett.
1208 3211 1336 3257 Atnostra

185 3275 287 3337 imagine
309 3277 448 3324 sententiam
469 3276 546 3324 hanc:
574 3275 628 3340 quis
646 3276 742 3338 estqui
775 3284 844 3324 etate
854 3291 944 3324 morum
955 3276 1061 3338 magistri
1070 3276 1177 3324 clament
1191 3281 1216 3322 ct
1227 3271 1335 3338 precipi-

184 3338 381 3404 bumiliu,qualia
389 3339 587 3388 suntdivitiarum
596 3347 621 3388 et
629 3339 742 3386 honorum
775 3347 827 3394 unt.
839 3341 861 3388 Ο
874 3339 948 3396 cives,
960 3339 1033 3394 cites,
1044 3348 1100 3388 aute
1114 3336 1196 3386 omnia
1205 3335 1336 3401 querenda

184 3401 273 3460 studia,
285 3403 486 3467 quamrirtutem,
498 3403 616 3466 quaesine
628 3403 741 3451 vitetis·
773 3411 811 3450 est
826 3403 938 3468 pecunie,
955 3412 980 3452 ct
996 3411 1050 3468 post
1067 3402 1191 3466 quesitam
1211 3398 1336 3466 pecuniam

183 3465 290 3524 crimine,
305 3467 357 3515 siue
378 3467 442 3514 curis
459 3477 483 3516 et
502 3466 622 3514 laboribus
639 3467 742 3516 exerceri
774 3465 869 3514 demum
880 3466 968 3524 virtus;
985 3466 1036 3514 herc
1048 3467 1169 3531 (tibtote)
1180 3471 1299 3530 praecepte
1310 3462 1336 3510 in

184 3539 272 3595 potest,
286 3545 370 3579 curere
380 3529 464 3578 maliti
775 3530 792 3578 J
794 3544 841 3576 ano
854 3545 947 3576 summo
964 3537 990 3578 ct
1006 3529 1063 3585 imo,
1075 3530 1118 3577 ubi
1133 3531 1285 3578 foencrstorcs
1298 3541 1336 3574 se-

217 3595 257 3642 50.
281 3595 370 3656 Magno
390 3597 495 3642 monaci
518 3595 635 3656 Olympia,
658 3593 744 3642 crees
775 3592 841 3646 dent.
865 3593 962 3655 publice
982 3593 1112 3651 docentur;
1134 3592 1215 3641 eedem
1235 3590 1337 3654 juvenes

183 3657 360 3706 constructione
389 3659 581 3722 (στεφανοῦσθαι
605 3656 743 3719 Ὀλύμπια)
776 3671 893 3718 senesque
915 3664 1031 3720 repetunt,
1051 3656 1117 3711 dum,
1137 3655 1200 3703 sicut
1221 3653 1288 3718 pueri
1311 3653 1337 3702 iu

185 3737 235 3785 pro,
248 3723 355 3769 coronari
375 3721 400 3768 in
420 3724 510 3785 mugnis
526 3719 744 3782 (celebratissimis)
777 3719 884 3766 scholam
895 3729 989 3776 euntes,
1001 3718 1109 3767 tabulam
1119 3728 1144 3767 et
1154 3719 1246 3767 loculos
1256 3731 1336 3764 secum

187 3786 313 3848 Olympiis:
331 3785 357 3832 in
378 3786 441 3833 bunc
464 3783 578 3849 loquendi
598 3783 694 3831 modum
715 3785 745 3832 ab
778 3789 881 3848 portant.
915 3781 954 3830 De
966 3783 1026 3829 Jano
1037 3786 1210 3831 summouisse
1220 3779 1271 3826 vid.
1282 3793 1337 3842 sup.

185 3848 356 3912 Hephaestione
377 3849 492 3913 profertur
514 3847 643 3896 Simonidis
666 3862 746 3894 versus
779 3846 810 3892 nd
829 3847 879 3892 Sat
898 3842 925 3900 ii,
943 3846 968 3899 3,
986 3847 1025 3893 le.
1057 3846 1089 3894 ln
1108 3846 1210 3894 lectione
1228 3843 1338 3914 ¹Protiocct

185 3912 240 3960 bic:
261 3912 369 3976 Ἰσθμια,
392 3911 429 3969 δὶς
447 3912 538 3976 Νέμεα,
563 3911 599 3968 ilc
619 3910 746 3975 Ὀλύμπια
779 3909 872 3957 varient
883 3916 939 3956 vett.
950 3908 1010 3956 libb.
1022 3907 1064 3956 alii
1074 3911 1186 3968 perdocet,
1197 3905 1238 3954 elit
1248 3906 1337 3964 pedo-

187 3977 384 4041 ι’σιέφιιιιῦθηιι.Ι
403 3977 443 4024 Sic
461 3980 550 4025 viticere
570 3978 677 4037 Olympio
695 3989 746 4038 pro,
779 3983 823 4021 cet.
864 3970 911 4018 Sed
936 3979 999 4019 recte
1024 3971 1136 4019 Lambin.
1158 3971 1234 4032 Cruq.
1256 3966 1339 4014 Bentl.

185 4040 280 4090 vincere
299 4041 324 4089 in
344 4040 472 4107 Olympiis,
490 4039 550 4087 dixit
569 4040 663 4087 Ennius
683 4037 745 4103 apud
780 4037 851 4084 Baxt.
872 4035 949 4082 Gesu.
967 4042 993 4082 ct
1010 4035 1060 4082 Fee
1079 4033 1213 4082 defendunt
1229 4031 1339 4077 Prodente

185 4104 240 4153 Cic.
251 4103 281 4153 de
292 4107 387 4152 Senect.
399 4107 423 4159 5,
433 4103 576 4168 Sicntjbrtis
585 4119 663 4165 equus,
674 4105 747 4164 spatio
781 4095 948 4164 (ἐκδιδάσκει),
963 4098 989 4145 b.
1003 4113 1026 4146 e.
1043 4096 1147 4161 publice,
1164 4095 1244 4160 palem
1260 4092 1339 4149 docet,

184 4170 225 4230 qni
236 4185 402 4231 repetuprcmo
415 4168 475 4216 Vicit
487 4170 604 4230 Olympio,
613 4181 675 4212 nunc
686 4167 746 4212 unio
777 4179 834 4211 nam
843 4161 961 4227 porticula
971 4179 1012 4222 pro
1023 4162 1048 4208 iu
1057 4160 1195 4226 compositis
1206 4164 1272 4205 notet
1282 4156 1339 4210 lere,

185 4232 299 4296 confectu’
310 4235 420 4294 quiescit:
441 4231 490 4279 vid.
506 4229 642 4280 Hemsterb.
654 4227 684 4276 atl
697 4230 745 4275 Lu·
779 4227 868 4293 palam,
877 4224 942 4280 toris,
953 4225 1059 4290 publice.
1070 4235 1158 4289 aperte,
1171 4234 1198 4271 ut
1208 4223 1340 4282 puderent,

186 4296 250 4344 cieu.
262 4296 292 4344 T.
304 4295 321 4352 i,
334 4312 358 4360 p.
370 4297 428 4344 333.
779 4308 821 4352 pro
832 4290 891 4342 irre.
902 4291 1003 4350 prodire,
1011 4296 1070 4336 cett.

219 4361 260 4407 51.
279 4361 325 4406 Cui
335 4363 365 4407 sit
380 4362 481 4407 conditio
496 4359 586 4420 pulnere,
599 4355 639 4405 cui
651 4355 681 4402 sit
693 4369 746 4418 pro·
846 4388 852 4400 .
865 4352 929 4400 leno
935 4352 1167 4414 suspensi-incerto.-
1177 4348 1341 4421 bonci-ersom

187 4423 289 4487 potitum
301 4421 371 4469 dulce
382 4422 468 4487 palmer
486 4421 618 4486 premium,
633 4423 681 4467 sinc
694 4420 748 4480 pul·
779 4416 990 4481 elegantissimum,
1011 4431 1059 4480 quo
1082 4429 1136 4477 sup.
1156 4413 1208 4460 Sat.
1227 4427 1244 4466 ι,
1264 4409 1289 4466 6,
1310 4409 1341 4456 47

186 4501 247 4540 uere,
259 4485 341 4549 (Plio.
354 4485 387 4534 H.
401 4487 435 4534 N.
449 4484 750 4546 xxxv,ll‚citrn1mlocris
763 4496 866 4592 fpurnes
880 4495 935 4527 eum
946 4479 1030 4528 tabule
1046 4485 1071 4526 et
1086 4476 1174 4524 loculis
1189 4491 1213 4522 m
1225 4472 1341 4528 sobolem,

738 4562 752 4592 r
