<?xml version="1.0" encoding="UTF-8"?>
<!DOCTYPE html PUBLIC "-//W3C//DTD XHTML 1.0 Transitional//EN"
    "http://www.w3.org/TR/xhtml1/DTD/xhtml1-transitional.dtd">
<html xmlns="http://www.w3.org/1999/xhtml" xml:lang="en" lang="en">
 <head>
  <title>
</title>
<meta http-equiv="Content-Type" content="text/html;charset=utf-8" />
  <meta name='ocr-system' content='tesseract 3.04.00' />
  <meta name='ocr-capabilities' content='ocr_page ocr_carea ocr_par ocr_line ocrx_word'/>
</head>
<body>
  <div class='ocr_page' id='page_1' title='image "./operaomniaillus00horagoog_0518.png"; bbox 0 0 3150 5200; ppageno 0'>
   <div class='ocr_carea' id='block_1_1' title="bbox 303 352 1069 421">
    <p class='ocr_par' dir='ltr' id='par_1_1' title="bbox 303 352 1069 421">
     <span class='ocr_line' id='line_1_1' title="bbox 303 352 1069 421; baseline 0.003 -3"><span class='ocrx_word' id='word_1_1' title='bbox 303 353 369 418; x_wconf 77' lang='lat'><strong>476</strong></span> <span class='ocrx_word' id='word_1_2' title='bbox 676 352 1069 421; x_wconf 84' lang='lat' dir='ltr'><strong>EPISTOLARUM</strong></span> 
     </span>
    </p>
   </div>
   <div class='ocr_carea' id='block_1_2' title="bbox 703 674 1045 742">
    <p class='ocr_par' dir='ltr' id='par_1_2' title="bbox 703 674 1045 742">
     <span class='ocr_line' id='line_1_2' title="bbox 703 674 1045 742; baseline 0 -2"><span class='ocrx_word' id='word_1_3' title='bbox 703 674 943 741; x_wconf 89' lang='lat' dir='ltr'><strong>EPISTOLA</strong></span> <span class='ocrx_word' id='word_1_4' title='bbox 966 677 1045 742; x_wconf 89' lang='lat' dir='ltr'><strong>XV.</strong></span> 
     </span>
    </p>
   </div>
   <div class='ocr_carea' id='block_1_3' title="bbox 614 887 1138 938">
    <p class='ocr_par' dir='ltr' id='par_1_3' title="bbox 614 887 1138 938">
     <span class='ocr_line' id='line_1_3' title="bbox 614 887 1138 938; baseline -0.002 -1"><span class='ocrx_word' id='word_1_5' title='bbox 614 889 672 938; x_wconf 87' lang='lat' dir='ltr'><strong>AD</strong></span> <span class='ocrx_word' id='word_1_6' title='bbox 702 887 942 936; x_wconf 86' lang='lat' dir='ltr'><strong>NUMONIUM</strong></span> <span class='ocrx_word' id='word_1_7' title='bbox 973 889 1138 936; x_wconf 74' lang='lat' dir='ltr'><strong>vALAM.</strong></span> 
     </span>
    </p>
   </div>
   <div class='ocr_carea' id='block_1_4' title="bbox 322 1025 1408 2224">
    <p class='ocr_par' dir='ltr' id='par_1_4' title="bbox 382 1025 1408 1418">
     <span class='ocr_line' id='line_1_4' title="bbox 388 1025 1301 1111; baseline -0.004 -18"><span class='ocrx_word' id='word_1_8' title='bbox 388 1030 476 1102; x_wconf 75' lang='lat' dir='ltr'><strong>Qum</strong></span> <span class='ocrx_word' id='word_1_9' title='bbox 493 1030 534 1093; x_wconf 87' lang='lat' dir='ltr'><strong>sit</strong></span> <span class='ocrx_word' id='word_1_10' title='bbox 548 1029 651 1094; x_wconf 88' lang='lat' dir='ltr'><strong>hiems</strong></span> <span class='ocrx_word' id='word_1_11' title='bbox 667 1029 783 1106; x_wconf 88' lang='lat' dir='ltr'><strong>Veliae,</strong></span> <span class='ocrx_word' id='word_1_12' title='bbox 799 1028 888 1111; x_wconf 92' lang='lat' dir='ltr'><strong>quod</strong></span> <span class='ocrx_word' id='word_1_13' title='bbox 905 1027 1033 1105; x_wconf 89' lang='lat' dir='ltr'><strong>coelum,</strong></span> <span class='ocrx_word' id='word_1_14' title='bbox 1050 1028 1146 1103; x_wconf 87' lang='lat' dir='ltr'><strong>Vala,</strong></span> <span class='ocrx_word' id='word_1_15' title='bbox 1164 1025 1301 1110; x_wconf 76' lang='lat' dir='ltr'>Salerni,</span> 
     </span>
     <span class='ocr_line' id='line_1_5' title="bbox 383 1123 1408 1214; baseline 0 -20"><span class='ocrx_word' id='word_1_16' title='bbox 383 1123 535 1204; x_wconf 85' lang='lat' dir='ltr'><strong>Quorum</strong></span> <span class='ocrx_word' id='word_1_17' title='bbox 550 1132 715 1196; x_wconf 90' lang='lat' dir='ltr'><strong>hominum</strong></span> <span class='ocrx_word' id='word_1_18' title='bbox 730 1130 833 1214; x_wconf 87' lang='lat' dir='ltr'><strong>regio,</strong></span> <span class='ocrx_word' id='word_1_19' title='bbox 849 1139 883 1193; x_wconf 91' lang='lat' dir='ltr'><strong>et</strong></span> <span class='ocrx_word' id='word_1_20' title='bbox 897 1129 1002 1213; x_wconf 88' lang='lat' dir='ltr'><strong>qualis</strong></span> <span class='ocrx_word' id='word_1_21' title='bbox 1018 1129 1087 1206; x_wconf 69' lang='grc' dir='ltr'><strong>νίας</strong></span> <span class='ocrx_word' id='word_1_22' title='bbox 1111 1127 1198 1210; x_wconf 88' lang='lat' dir='ltr'><strong>(nam</strong></span> <span class='ocrx_word' id='word_1_23' title='bbox 1209 1128 1289 1193; x_wconf 89' lang='lat' dir='ltr'><strong>mihi</strong></span> <span class='ocrx_word' id='word_1_24' title='bbox 1305 1129 1408 1194; x_wconf 85' lang='lat' dir='ltr'><strong>Baias</strong></span> 
     </span>
     <span class='ocr_line' id='line_1_6' title="bbox 382 1229 1161 1318; baseline -0.005 -22"><span class='ocrx_word' id='word_1_25' title='bbox 382 1232 484 1297; x_wconf 87' lang='lat' dir='ltr'><strong>Musa</strong></span> <span class='ocrx_word' id='word_1_26' title='bbox 499 1255 717 1318; x_wconf 84' lang='lat' dir='ltr'><strong>supervacuas</strong></span> <span class='ocrx_word' id='word_1_27' title='bbox 733 1231 910 1307; x_wconf 85' lang='lat' dir='ltr'><strong>Antonius,</strong></span> <span class='ocrx_word' id='word_1_28' title='bbox 926 1241 960 1294; x_wconf 91' lang='lat' dir='ltr'><strong>et</strong></span> <span class='ocrx_word' id='word_1_29' title='bbox 975 1240 1083 1293; x_wconf 88' lang='lat' dir='ltr'><strong>tamen</strong></span> <span class='ocrx_word' id='word_1_30' title='bbox 1098 1229 1161 1293; x_wconf 89' lang='lat' dir='ltr'><strong>illis</strong></span> 
     </span>
     <span class='ocr_line' id='line_1_7' title="bbox 383 1331 1163 1418; baseline -0.005 -20"><span class='ocrx_word' id='word_1_31' title='bbox 383 1333 442 1398; x_wconf 90' lang='lat' dir='ltr'><strong>Me</strong></span> <span class='ocrx_word' id='word_1_32' title='bbox 457 1334 536 1399; x_wconf 86' lang='lat' dir='ltr'><strong>facit</strong></span> <span class='ocrx_word' id='word_1_33' title='bbox 551 1336 699 1411; x_wconf 89' lang='lat' dir='ltr'><strong>invisum,</strong></span> <span class='ocrx_word' id='word_1_34' title='bbox 715 1333 912 1418; x_wconf 78' lang='lat' dir='ltr'><strong>gelidarum</strong></span> <span class='ocrx_word' id='word_1_35' title='bbox 927 1331 1059 1417; x_wconf 84' lang='lat' dir='ltr'>perluor</span> <span class='ocrx_word' id='word_1_36' title='bbox 1074 1332 1163 1395; x_wconf 86' lang='lat' dir='ltr'><strong>unda</strong></span> 
     </span>
    </p>

    <p class='ocr_par' dir='ltr' id='par_1_5' title="bbox 330 1433 1324 1925">
     <span class='ocr_line' id='line_1_8' title="bbox 330 1433 1189 1520; baseline 0 -22"><span class='ocrx_word' id='word_1_37' title='bbox 330 1436 350 1498; x_wconf 88' lang='lat'><strong><em>5</em></strong></span> <span class='ocrx_word' id='word_1_38' title='bbox 384 1435 450 1500; x_wconf 88' lang='lat' dir='ltr'><strong>Per</strong></span> <span class='ocrx_word' id='word_1_39' title='bbox 465 1436 605 1501; x_wconf 91' lang='lat' dir='ltr'><strong>medium</strong></span> <span class='ocrx_word' id='word_1_40' title='bbox 620 1435 734 1520; x_wconf 80' lang='lat' dir='ltr'><strong>frigus,</strong></span> <span class='ocrx_word' id='word_1_41' title='bbox 782 1434 869 1498; x_wconf 89' lang='lat' dir='ltr'><strong>Sane</strong></span> <span class='ocrx_word' id='word_1_42' title='bbox 884 1444 1024 1497; x_wconf 83' lang='lat' dir='ltr'><strong>murteta</strong></span> <span class='ocrx_word' id='word_1_43' title='bbox 1038 1433 1189 1517; x_wconf 86' lang='lat' dir='ltr'>relinqui,</span> 
     </span>
     <span class='ocr_line' id='line_1_9' title="bbox 382 1535 1163 1621; baseline -0.005 -20"><span class='ocrx_word' id='word_1_44' title='bbox 382 1537 547 1621; x_wconf 86' lang='lat' dir='ltr'><strong>Dictaque</strong></span> <span class='ocrx_word' id='word_1_45' title='bbox 562 1549 742 1602; x_wconf 83' lang='lat' dir='ltr'><strong>cessantem</strong></span> <span class='ocrx_word' id='word_1_46' title='bbox 756 1537 863 1600; x_wconf 88' lang='lat' dir='ltr'><strong>nervis</strong></span> <span class='ocrx_word' id='word_1_47' title='bbox 878 1535 1000 1601; x_wconf 85' lang='lat' dir='ltr'><strong>elidere</strong></span> <span class='ocrx_word' id='word_1_48' title='bbox 1015 1535 1163 1600; x_wconf 86' lang='lat' dir='ltr'>morbum</span> 
     </span>
     <span class='ocr_line' id='line_1_10' title="bbox 382 1635 1236 1724; baseline -0.001 -22"><span class='ocrx_word' id='word_1_49' title='bbox 382 1638 548 1724; x_wconf 89' lang='lat' dir='ltr'><strong>Sulphura</strong></span> <span class='ocrx_word' id='word_1_50' title='bbox 563 1640 735 1715; x_wconf 75' lang='lat' dir='ltr'><strong>contemni,</strong></span> <span class='ocrx_word' id='word_1_51' title='bbox 751 1637 842 1702; x_wconf 88' lang='lat' dir='ltr'><strong>vicus</strong></span> <span class='ocrx_word' id='word_1_52' title='bbox 858 1636 968 1721; x_wconf 85' lang='lat' dir='ltr'><strong>gemit,</strong></span> <span class='ocrx_word' id='word_1_53' title='bbox 984 1635 1113 1699; x_wconf 89' lang='lat' dir='ltr'><strong>invidus</strong></span> <span class='ocrx_word' id='word_1_54' title='bbox 1127 1637 1236 1721; x_wconf 74' lang='lat' dir='ltr'><strong>tegris,</strong></span> 
     </span>
     <span class='ocr_line' id='line_1_11' title="bbox 382 1737 1324 1826; baseline 0.001 -22"><span class='ocrx_word' id='word_1_55' title='bbox 382 1741 451 1814; x_wconf 81' lang='lat' dir='ltr'><strong>Qut</strong></span> <span class='ocrx_word' id='word_1_56' title='bbox 466 1751 612 1826; x_wconf 87' lang='lat' dir='ltr'><strong>caputet</strong></span> <span class='ocrx_word' id='word_1_57' title='bbox 627 1739 828 1804; x_wconf 84' lang='lat' dir='ltr'><strong>stomachum</strong></span> <span class='ocrx_word' id='word_1_58' title='bbox 843 1759 1027 1822; x_wconf 85' lang='lat' dir='ltr'><strong>supponere</strong></span> <span class='ocrx_word' id='word_1_59' title='bbox 1042 1737 1186 1802; x_wconf 85' lang='lat' dir='ltr'><strong>fontibus</strong></span> <span class='ocrx_word' id='word_1_60' title='bbox 1202 1740 1324 1805; x_wconf 89' lang='lat' dir='ltr'><strong>audent</strong></span> 
     </span>
     <span class='ocr_line' id='line_1_12' title="bbox 382 1839 1172 1925; baseline -0.003 -20"><span class='ocrx_word' id='word_1_61' title='bbox 382 1840 542 1920; x_wconf 75' lang='lat' dir='ltr'><strong>Clusinis,</strong></span> <span class='ocrx_word' id='word_1_62' title='bbox 553 1842 744 1925; x_wconf 86' lang='lat' dir='ltr'><strong>Gabiosque</strong></span> <span class='ocrx_word' id='word_1_63' title='bbox 760 1850 887 1925; x_wconf 91' lang='lat' dir='ltr'><strong>petunt,</strong></span> <span class='ocrx_word' id='word_1_64' title='bbox 904 1850 937 1903; x_wconf 87' lang='lat' dir='ltr'><strong>et</strong></span> <span class='ocrx_word' id='word_1_65' title='bbox 951 1839 1071 1923; x_wconf 85' lang='lat' dir='ltr'><strong>frigida</strong></span> <span class='ocrx_word' id='word_1_66' title='bbox 1086 1861 1172 1903; x_wconf 89' lang='lat' dir='ltr'><strong>rura.</strong></span> 
     </span>
    </p>

    <p class='ocr_par' dir='ltr' id='par_1_6' title="bbox 322 1942 1353 2224">
     <span class='ocr_line' id='line_1_13' title="bbox 322 1942 1082 2018; baseline -0.005 -11"><span class='ocrx_word' id='word_1_67' title='bbox 322 1945 360 2008; x_wconf 87' lang='grc'><strong>10</strong></span> <span class='ocrx_word' id='word_1_68' title='bbox 383 1942 564 2009; x_wconf 91' lang='lat' dir='ltr'><strong>Mutandus</strong></span> <span class='ocrx_word' id='word_1_69' title='bbox 579 1945 669 2009; x_wconf 90' lang='lat' dir='ltr'><strong>locus</strong></span> <span class='ocrx_word' id='word_1_70' title='bbox 685 1953 747 2018; x_wconf 89' lang='lat' dir='ltr'><strong>est,</strong></span> <span class='ocrx_word' id='word_1_71' title='bbox 763 1951 797 2006; x_wconf 90' lang='lat' dir='ltr'><strong>et</strong></span> <span class='ocrx_word' id='word_1_72' title='bbox 813 1942 990 2005; x_wconf 89' lang='lat' dir='ltr'><strong>diversoria</strong></span> <span class='ocrx_word' id='word_1_73' title='bbox 1005 1951 1082 2005; x_wconf 87' lang='lat' dir='ltr'><strong>nota</strong></span> 
     </span>
     <span class='ocr_line' id='line_1_14' title="bbox 384 2035 1353 2130; baseline 0 -22"><span class='ocrx_word' id='word_1_74' title='bbox 384 2045 656 2130; x_wconf 85' lang='lat' dir='ltr'><strong>Praeteragendus</strong></span> <span class='ocrx_word' id='word_1_75' title='bbox 671 2065 792 2128; x_wconf 88' lang='lat' dir='ltr'><strong>equus:</strong></span> <span class='ocrx_word' id='word_1_76' title='bbox 816 2042 894 2114; x_wconf 86' lang='lat' dir='ltr'><strong>Quo</strong></span> <span class='ocrx_word' id='word_1_77' title='bbox 909 2042 1034 2106; x_wconf 83' lang='lat' dir='ltr'><strong>tendis!</strong></span> <span class='ocrx_word' id='word_1_78' title='bbox 1058 2063 1123 2105; x_wconf 93' lang='lat' dir='ltr'><strong>non</strong></span> <span class='ocrx_word' id='word_1_79' title='bbox 1137 2040 1216 2105; x_wconf 90' lang='lat' dir='ltr'><strong>mihi</strong></span> <span class='ocrx_word' id='word_1_80' title='bbox 1233 2035 1353 2108; x_wconf 80' lang='lat' dir='ltr'><strong>Cumas</strong></span> 
     </span>
     <span class='ocr_line' id='line_1_15' title="bbox 385 2143 1213 2224; baseline -0.005 -14"><span class='ocrx_word' id='word_1_81' title='bbox 385 2146 448 2210; x_wconf 90' lang='lat' dir='ltr'><strong>Est</strong></span> <span class='ocrx_word' id='word_1_82' title='bbox 464 2148 536 2224; x_wconf 89' lang='lat' dir='ltr'><strong>iter,</strong></span> <span class='ocrx_word' id='word_1_83' title='bbox 552 2158 608 2210; x_wconf 87' lang='lat' dir='ltr'><strong>aut</strong></span> <span class='ocrx_word' id='word_1_84' title='bbox 624 2145 734 2222; x_wconf 87' lang='lat' dir='ltr'><strong>Baias,</strong></span> <span class='ocrx_word' id='word_1_85' title='bbox 750 2145 831 2209; x_wconf 83' lang='lat' dir='ltr'><strong>laeva</strong></span> <span class='ocrx_word' id='word_1_86' title='bbox 847 2143 1069 2208; x_wconf 83' lang='lat' dir='ltr'><strong>stomachosus</strong></span> <span class='ocrx_word' id='word_1_87' title='bbox 1084 2143 1213 2207; x_wconf 88' lang='lat' dir='ltr'><strong>habena</strong></span> 
     </span>
    </p>
   </div>
   <div class='ocr_carea' id='block_1_5' title="bbox 299 2277 1450 2602">
    <p class='ocr_par' dir='ltr' id='par_1_7' title="bbox 299 2277 1450 2530">
     <span class='ocr_line' id='line_1_16' title="bbox 300 2277 1450 2355; baseline -0.001 -25"><span class='ocrx_word' id='word_1_88' title='bbox 300 2279 507 2355; x_wconf 32' lang='lat' dir='ltr'><strong>meis-commodis.</strong></span> <span class='ocrx_word' id='word_1_89' title='bbox 540 2281 664 2344; x_wconf 73' lang='lat' dir='ltr'><strong>literisque</strong></span> <span class='ocrx_word' id='word_1_90' title='bbox 679 2278 857 2336; x_wconf 80' lang='lat' dir='ltr'><strong>venenrt‚sicut</strong></span> <span class='ocrx_word' id='word_1_91' title='bbox 905 2277 952 2326; x_wconf 91' lang='lat' dir='ltr'><strong>uod</strong></span> <span class='ocrx_word' id='word_1_92' title='bbox 964 2278 1074 2352; x_wconf 78' lang='lat' dir='ltr'><strong>nonnulli</strong></span> <span class='ocrx_word' id='word_1_93' title='bbox 1088 2278 1247 2353; x_wconf 78' lang='lat' dir='ltr'><strong>contendunt,</strong></span> <span class='ocrx_word' id='word_1_94' title='bbox 1258 2277 1351 2355; x_wconf 75' lang='lat' dir='ltr'><strong>legatus</strong></span> <span class='ocrx_word' id='word_1_95' title='bbox 1362 2280 1450 2329; x_wconf 78' lang='lat' dir='ltr'><strong>Varis</strong></span> 
     </span>
     <span class='ocr_line' id='line_1_17' title="bbox 299 2342 1450 2472; baseline -0.002 -14"><span class='ocrx_word' id='word_1_96' title='bbox 299 2361 474 2458; x_wconf 55' lang='lat' dir='ltr'><strong>angulilslllebes</strong></span> <span class='ocrx_word' id='word_1_97' title='bbox 485 2418 507 2456; x_wconf 85' lang='lat' dir='ltr'><strong>et</strong></span> <span class='ocrx_word' id='word_1_98' title='bbox 514 2425 567 2456; x_wconf 81' lang='lat' dir='ltr'><strong>sura</strong></span> <span class='ocrx_word' id='word_1_99' title='bbox 576 2418 705 2464; x_wconf 79' lang='lat' dir='ltr'><strong>mouentem,</strong></span> <span class='ocrx_word' id='word_1_100' title='bbox 714 2422 753 2455; x_wconf 87' lang='lat' dir='ltr'><strong>me</strong></span> <span class='ocrx_word' id='word_1_101' title='bbox 764 2405 856 2456; x_wconf 84' lang='lat' dir='ltr'><strong>lodieu·</strong></span> <span class='ocrx_word' id='word_1_102' title='bbox 889 2357 1026 2462; x_wconf 40' lang='lat' dir='ltr'><strong>t&#39;ubhllthbsc</strong></span> <span class='ocrx_word' id='word_1_103' title='bbox 1037 2342 1450 2472; x_wconf 46' lang='lat' dir='ltr'><strong>seignpahlhhueqb&#39;slltdrh&#39;crllb.m)’</strong></span> 
     </span>
     <span class='ocr_line' id='line_1_18' title="bbox 301 2472 1449 2530; baseline 0 -8"><span class='ocrx_word' id='word_1_104' title='bbox 301 2482 347 2522; x_wconf 87' lang='lat' dir='ltr'><strong>tem</strong></span> <span class='ocrx_word' id='word_1_105' title='bbox 358 2481 383 2521; x_wconf 89' lang='lat' dir='ltr'><strong>et</strong></span> <span class='ocrx_word' id='word_1_106' title='bbox 393 2486 451 2520; x_wconf 84' lang='lat' dir='ltr'><strong>saxa</strong></span> <span class='ocrx_word' id='word_1_107' title='bbox 461 2481 616 2521; x_wconf 84' lang='lat' dir='ltr'><strong>emoventem.</strong></span> <span class='ocrx_word' id='word_1_108' title='bbox 923 2472 1011 2519; x_wconf 78' lang='lat'>1-25.</span> <span class='ocrx_word' id='word_1_109' title='bbox 1034 2473 1090 2525; x_wconf 68' lang='lat' dir='ltr'><strong>Qua</strong></span> <span class='ocrx_word' id='word_1_110' title='bbox 1110 2475 1142 2519; x_wconf 84' lang='lat' dir='ltr'><strong>sir</strong></span> <span class='ocrx_word' id='word_1_111' title='bbox 1163 2473 1241 2527; x_wconf 78' lang='lat' dir='ltr'><strong>hierus,</strong></span> <span class='ocrx_word' id='word_1_112' title='bbox 1263 2480 1320 2521; x_wconf 82' lang='lat' dir='ltr'><strong>cett.</strong></span> <span class='ocrx_word' id='word_1_113' title='bbox 1353 2473 1449 2530; x_wconf 79' lang='lat' dir='ltr'><strong>Oratio.</strong></span> 
     </span>
    </p>

    <p class='ocr_par' dir='ltr' id='par_1_8' title="bbox 333 2533 1448 2602">
     <span class='ocr_line' id='line_1_19' title="bbox 333 2533 1448 2602; baseline 0.003 -19"><span class='ocrx_word' id='word_1_114' title='bbox 333 2538 373 2591; x_wconf 88' lang='grc'><strong>40,</strong></span> <span class='ocrx_word' id='word_1_115' title='bbox 385 2538 426 2583; x_wconf 84' lang='grc'><strong>41.</strong></span> <span class='ocrx_word' id='word_1_116' title='bbox 443 2535 501 2583; x_wconf 87' lang='lat' dir='ltr'><strong>Post</strong></span> <span class='ocrx_word' id='word_1_117' title='bbox 512 2539 582 2584; x_wconf 83' lang='lat' dir='ltr'><strong>mavis</strong></span> <span class='ocrx_word' id='word_1_118' title='bbox 597 2545 622 2586; x_wconf 89' lang='lat' dir='ltr'><strong>et</strong></span> <span class='ocrx_word' id='word_1_119' title='bbox 637 2539 687 2584; x_wconf 78' lang='lat' dir='ltr'><strong>mis</strong></span> <span class='ocrx_word' id='word_1_120' title='bbox 705 2535 799 2601; x_wconf 82' lang='lat' dir='ltr'><strong>signum</strong></span> <span class='ocrx_word' id='word_1_121' title='bbox 818 2533 854 2581; x_wconf 93' lang='lat' dir='ltr'><strong>in·</strong></span> <span class='ocrx_word' id='word_1_122' title='bbox 887 2533 983 2583; x_wconf 76' lang='lat' dir='ltr'><strong>duabus</strong></span> <span class='ocrx_word' id='word_1_123' title='bbox 1002 2535 1148 2598; x_wconf 76' lang='lat' dir='ltr'><strong>longioribus</strong></span> <span class='ocrx_word' id='word_1_124' title='bbox 1169 2536 1351 2602; x_wconf 76' lang='lat' dir='ltr'><strong>parenthesibus</strong></span> <span class='ocrx_word' id='word_1_125' title='bbox 1373 2537 1448 2587; x_wconf 81' lang='lat' dir='ltr'><strong>inter-</strong></span> 
     </span>
    </p>
   </div>
   <div class='ocr_carea' id='block_1_6' title="bbox 298 2599 1447 2723">
    <p class='ocr_par' dir='ltr' id='par_1_9' title="bbox 298 2599 1447 2723">
     <span class='ocr_line' id='line_1_20' title="bbox 298 2599 1447 2723; baseline -0.001 -72"><span class='ocrx_word' id='word_1_126' title='bbox 298 2599 462 2664; x_wconf 77' lang='lat' dir='ltr'><strong>tenogstionis</strong></span> <span class='ocrx_word' id='word_1_127' title='bbox 481 2600 558 2723; x_wconf 68' lang='lat' dir='ltr'><strong>posui.</strong></span> <span class='ocrx_word' id='word_1_128' title='bbox 590 2603 660 2649; x_wconf 91' lang='lat' dir='ltr'><strong>Tune</strong></span> <span class='ocrx_word' id='word_1_129' title='bbox 678 2600 704 2649; x_wconf 88' lang='lat' dir='ltr'><strong>iu</strong></span> <span class='ocrx_word' id='word_1_130' title='bbox 726 2600 784 2648; x_wconf 88' lang='lat' dir='ltr'><strong>urbe</strong></span> <span class='ocrx_word' id='word_1_131' title='bbox 800 2615 857 2647; x_wconf 86' lang='lat' dir='ltr'><strong>cum</strong></span> <span class='ocrx_word' id='word_1_132' title='bbox 887 2600 1331 2676; x_wconf 66' lang='lat' dir='ltr'><strong>mpm,usquendr.2bpmgredimr.</strong></span> <span class='ocrx_word' id='word_1_133' title='bbox 1355 2602 1447 2650; x_wconf 77' lang='lat' dir='ltr'><strong>Exem-</strong></span> 
     </span>
    </p>
   </div>
   <div class='ocr_carea' id='block_1_7' title="bbox 295 2663 1450 4591">
    <p class='ocr_par' dir='ltr' id='par_1_10' title="bbox 295 2663 1450 4591">
     <span class='ocr_line' id='line_1_21' title="bbox 298 2663 1450 2731; baseline 0 -16"><span class='ocrx_word' id='word_1_134' title='bbox 298 2665 370 2715; x_wconf 86' lang='lat' dir='ltr'><strong>servis</strong></span> <span class='ocrx_word' id='word_1_135' title='bbox 388 2667 479 2726; x_wconf 79' lang='lat' dir='ltr'><strong>(diaria</strong></span> <span class='ocrx_word' id='word_1_136' title='bbox 515 2665 581 2712; x_wconf 89' lang='lat' dir='ltr'><strong>cibos</strong></span> <span class='ocrx_word' id='word_1_137' title='bbox 596 2665 621 2712; x_wconf 89' lang='lat' dir='ltr'><strong>in</strong></span> <span class='ocrx_word' id='word_1_138' title='bbox 638 2665 743 2729; x_wconf 83' lang='lat' dir='ltr'><strong>singulos</strong></span> <span class='ocrx_word' id='word_1_139' title='bbox 758 2665 811 2713; x_wconf 86' lang='lat' dir='ltr'><strong>dies</strong></span> <span class='ocrx_word' id='word_1_140' title='bbox 827 2663 857 2711; x_wconf 89' lang='lat' dir='ltr'><strong>i&#39;u</strong></span> <span class='ocrx_word' id='word_1_141' title='bbox 888 2663 956 2726; x_wconf 91' lang='lat' dir='ltr'><strong>plum</strong></span> <span class='ocrx_word' id='word_1_142' title='bbox 967 2664 1084 2728; x_wconf 84' lang='lat' dir='ltr'><strong>ejusmodi</strong></span> <span class='ocrx_word' id='word_1_143' title='bbox 1095 2664 1207 2727; x_wconf 82' lang='lat' dir='ltr'><strong>longioris</strong></span> <span class='ocrx_word' id='word_1_144' title='bbox 1217 2666 1385 2730; x_wconf 80' lang='lat' dir='ltr'><strong>parentheseos</strong></span> <span class='ocrx_word' id='word_1_145' title='bbox 1393 2668 1450 2731; x_wconf 84' lang='lat' dir='ltr'><strong>jun</strong></span> 
     </span>
     <span class='ocr_line' id='line_1_22' title="bbox 297 2727 1448 2793; baseline 0.002 -16"><span class='ocrx_word' id='word_1_146' title='bbox 297 2728 430 2777; x_wconf 83' lang='lat' dir='ltr'><strong>destinatos</strong></span> <span class='ocrx_word' id='word_1_147' title='bbox 439 2727 551 2775; x_wconf 86' lang='lat' dir='ltr'><strong>dentibus</strong></span> <span class='ocrx_word' id='word_1_148' title='bbox 562 2728 642 2777; x_wconf 87' lang='lat' dir='ltr'><strong>rodere</strong></span> <span class='ocrx_word' id='word_1_149' title='bbox 653 2730 745 2776; x_wconf 80' lang='lat' dir='ltr'><strong>marist</strong></span> <span class='ocrx_word' id='word_1_150' title='bbox 889 2742 944 2792; x_wconf 86' lang='lat' dir='ltr'><strong>sup.</strong></span> <span class='ocrx_word' id='word_1_151' title='bbox 955 2730 1006 2776; x_wconf 83' lang='lat' dir='ltr'><strong>Sat.</strong></span> <span class='ocrx_word' id='word_1_152' title='bbox 1018 2728 1035 2783; x_wconf 89' lang='lat' dir='ltr'><strong>i,</strong></span> <span class='ocrx_word' id='word_1_153' title='bbox 1048 2730 1072 2785; x_wconf 86' lang='grc'><strong>7,</strong></span> <span class='ocrx_word' id='word_1_154' title='bbox 1086 2731 1117 2776; x_wconf 82' lang='lat'><strong>10</strong></span> <span class='ocrx_word' id='word_1_155' title='bbox 1133 2745 1188 2793; x_wconf 87' lang='lat' dir='ltr'><strong>sqq.</strong></span> <span class='ocrx_word' id='word_1_156' title='bbox 1199 2730 1347 2779; x_wconf 80' lang='lat' dir='ltr'><strong>occurrebat.</strong></span> <span class='ocrx_word' id='word_1_157' title='bbox 1379 2732 1448 2789; x_wconf 67' lang='lat' dir='ltr'><strong>Qua,</strong></span> 
     </span>
     <span class='ocr_line' id='line_1_23' title="bbox 332 2791 1450 2857; baseline 0.004 -17"><span class='ocrx_word' id='word_1_158' title='bbox 332 2794 373 2842; x_wconf 74' lang='lat'><strong>42.</strong></span> <span class='ocrx_word' id='word_1_159' title='bbox 393 2793 464 2839; x_wconf 84' lang='lat' dir='ltr'><strong>Usum</strong></span> <span class='ocrx_word' id='word_1_160' title='bbox 482 2791 618 2854; x_wconf 77' lang='lat' dir='ltr'><strong>Lignorum,</strong></span> <span class='ocrx_word' id='word_1_161' title='bbox 631 2808 732 2857; x_wconf 89' lang='lat' dir='ltr'><strong>quorum</strong></span> <span class='ocrx_word' id='word_1_162' title='bbox 749 2792 775 2839; x_wconf 92' lang='lat' dir='ltr'><strong>iu</strong></span> <span class='ocrx_word' id='word_1_163' title='bbox 793 2791 856 2854; x_wconf 81' lang='lat' dir='ltr'><strong>agris</strong></span> <span class='ocrx_word' id='word_1_164' title='bbox 888 2791 976 2855; x_wconf 83' lang='lat' dir='ltr'><strong>qualis,</strong></span> <span class='ocrx_word' id='word_1_165' title='bbox 988 2792 1083 2841; x_wconf 89' lang='lat' dir='ltr'><strong>mitisne</strong></span> <span class='ocrx_word' id='word_1_166' title='bbox 1099 2808 1130 2841; x_wconf 91' lang='lat' dir='ltr'><strong>au</strong></span> <span class='ocrx_word' id='word_1_167' title='bbox 1146 2793 1260 2842; x_wconf 70' lang='lat' dir='ltr'><strong>immitis!</strong></span> <span class='ocrx_word' id='word_1_168' title='bbox 1294 2796 1391 2850; x_wconf 64' lang='lat' dir='ltr'><strong>cares,</strong></span> <span class='ocrx_word' id='word_1_169' title='bbox 1406 2811 1450 2844; x_wconf 79' lang='lat' dir='ltr'><strong>se·</strong></span> 
     </span>
     <span class='ocr_line' id='line_1_24' title="bbox 299 2855 1449 2921; baseline 0.003 -15"><span class='ocrx_word' id='word_1_170' title='bbox 299 2856 386 2921; x_wconf 71' lang='lat' dir='ltr'><strong>largior</strong></span> <span class='ocrx_word' id='word_1_171' title='bbox 405 2864 441 2904; x_wconf 88' lang='lat' dir='ltr'><strong>est</strong></span> <span class='ocrx_word' id='word_1_172' title='bbox 463 2855 546 2920; x_wconf 83' lang='lat' dir='ltr'><strong>copia;</strong></span> <span class='ocrx_word' id='word_1_173' title='bbox 565 2860 658 2918; x_wconf 79' lang='lat' dir='ltr'><strong>pecoris,</strong></span> <span class='ocrx_word' id='word_1_174' title='bbox 681 2855 765 2913; x_wconf 76' lang='lat' dir='ltr'><strong>lactis,</strong></span> <span class='ocrx_word' id='word_1_175' title='bbox 791 2858 855 2903; x_wconf 81' lang='lat' dir='ltr'><strong>reto:</strong></span> <span class='ocrx_word' id='word_1_176' title='bbox 888 2857 921 2903; x_wconf 89' lang='lat' dir='ltr'><strong>ris</strong></span> <span class='ocrx_word' id='word_1_177' title='bbox 942 2857 1071 2921; x_wconf 84' lang='lat' dir='ltr'><strong>temperies</strong></span> <span class='ocrx_word' id='word_1_178' title='bbox 1085 2858 1204 2919; x_wconf 81' lang='lat' dir='ltr'><strong>(Clima).</strong></span> <span class='ocrx_word' id='word_1_179' title='bbox 1238 2857 1312 2915; x_wconf 84' lang='lat' dir='ltr'><strong>Velia,</strong></span> <span class='ocrx_word' id='word_1_180' title='bbox 1332 2860 1449 2909; x_wconf 71' lang='lat' dir='ltr'><strong>Lucaniae</strong></span> 
     </span>
     <span class='ocr_line' id='line_1_25' title="bbox 302 2919 1449 2989; baseline -0.001 -18"><span class='ocrx_word' id='word_1_181' title='bbox 302 2922 348 2971; x_wconf 87' lang='lat' dir='ltr'><strong>vid.</strong></span> <span class='ocrx_word' id='word_1_182' title='bbox 360 2936 413 2985; x_wconf 88' lang='lat' dir='ltr'><strong>sup.</strong></span> <span class='ocrx_word' id='word_1_183' title='bbox 425 2919 454 2969; x_wconf 81' lang='lat' dir='ltr'><strong>ad</strong></span> <span class='ocrx_word' id='word_1_184' title='bbox 471 2921 521 2968; x_wconf 87' lang='lat' dir='ltr'><strong>Sat.</strong></span> <span class='ocrx_word' id='word_1_185' title='bbox 534 2919 551 2977; x_wconf 90' lang='lat' dir='ltr'><strong>i,</strong></span> <span class='ocrx_word' id='word_1_186' title='bbox 567 2923 592 2975; x_wconf 81' lang='lat'><strong>2,</strong></span> <span class='ocrx_word' id='word_1_187' title='bbox 605 2922 646 2969; x_wconf 76' lang='lat'><strong>44.</strong></span> <span class='ocrx_word' id='word_1_188' title='bbox 680 2924 794 2983; x_wconf 79' lang='lat' dir='ltr'><strong>Argutus,</strong></span> <span class='ocrx_word' id='word_1_189' title='bbox 804 2920 855 2967; x_wconf 82' lang='lat' dir='ltr'><strong>cal·</strong></span> <span class='ocrx_word' id='word_1_190' title='bbox 887 2920 1009 2984; x_wconf 91' lang='lat' dir='ltr'><strong>oppidum.</strong></span> <span class='ocrx_word' id='word_1_191' title='bbox 1042 2920 1233 2983; x_wconf 71' lang='lat' dir='ltr'><strong>Sabinamagri</strong></span> <span class='ocrx_word' id='word_1_192' title='bbox 1247 2921 1368 2970; x_wconf 83' lang='lat' dir='ltr'><strong>Picentini</strong></span> <span class='ocrx_word' id='word_1_193' title='bbox 1379 2924 1449 2989; x_wconf 88' lang='lat' dir='ltr'><strong>oppi-</strong></span> 
     </span>
     <span class='ocr_line' id='line_1_26' title="bbox 300 2982 1448 3051; baseline 0.002 -17"><span class='ocrx_word' id='word_1_194' title='bbox 300 2986 373 3043; x_wconf 86' lang='lat' dir='ltr'><strong>lidus,</strong></span> <span class='ocrx_word' id='word_1_195' title='bbox 391 2992 492 3041; x_wconf 86' lang='lat' dir='ltr'><strong>astutus,</strong></span> <span class='ocrx_word' id='word_1_196' title='bbox 512 2992 588 3041; x_wconf 85' lang='lat' dir='ltr'><strong>catus,</strong></span> <span class='ocrx_word' id='word_1_197' title='bbox 606 2993 632 3034; x_wconf 86' lang='lat' dir='ltr'><strong>ut</strong></span> <span class='ocrx_word' id='word_1_198' title='bbox 652 2999 706 3049; x_wconf 89' lang='lat' dir='ltr'><strong>sup.</strong></span> <span class='ocrx_word' id='word_1_199' title='bbox 718 2986 768 3031; x_wconf 84' lang='lat' dir='ltr'><strong>Sat.</strong></span> <span class='ocrx_word' id='word_1_200' title='bbox 784 2982 855 3039; x_wconf 84' lang='lat' dir='ltr'><strong>i,10,</strong></span> <span class='ocrx_word' id='word_1_201' title='bbox 888 2982 946 3031; x_wconf 87' lang='lat' dir='ltr'><strong>dum</strong></span> <span class='ocrx_word' id='word_1_202' title='bbox 955 2983 1099 3032; x_wconf 75' lang='lat' dir='ltr'><strong>maritimum</strong></span> <span class='ocrx_word' id='word_1_203' title='bbox 1109 2986 1232 3048; x_wconf 82' lang='lat' dir='ltr'><strong>inblagna</strong></span> <span class='ocrx_word' id='word_1_204' title='bbox 1242 2986 1349 3035; x_wconf 82' lang='lat' dir='ltr'><strong>Graecis.</strong></span> <span class='ocrx_word' id='word_1_205' title='bbox 1365 2986 1448 3051; x_wconf 83' lang='lat' dir='ltr'><strong>(Ness</strong></span> 
     </span>
     <span class='ocr_line' id='line_1_27' title="bbox 301 3049 1449 3122; baseline -0.001 -24"><span class='ocrx_word' id='word_1_206' title='bbox 301 3052 342 3107; x_wconf 81' lang='lat'><strong>40,</strong></span> <span class='ocrx_word' id='word_1_207' title='bbox 355 3060 441 3113; x_wconf 81' lang='lat' dir='ltr'><strong>argute</strong></span> <span class='ocrx_word' id='word_1_208' title='bbox 453 3052 568 3097; x_wconf 67' lang='lat' dir='ltr'><strong>meretrix.</strong></span> <span class='ocrx_word' id='word_1_209' title='bbox 889 3050 946 3095; x_wconf 80' lang='lat' dir='ltr'><strong>milti</strong></span> <span class='ocrx_word' id='word_1_210' title='bbox 965 3049 1118 3097; x_wconf 81' lang='lat' dir='ltr'><strong>Baias-Per</strong></span> <span class='ocrx_word' id='word_1_211' title='bbox 1134 3050 1345 3122; x_wconf 77' lang='lat' dir='ltr'><strong>mediumsrigus:</strong></span> <span class='ocrx_word' id='word_1_212' title='bbox 1361 3066 1449 3101; x_wconf 82' lang='lat' dir='ltr'><strong>sensns</strong></span> 
     </span>
     <span class='ocr_line' id='line_1_28' title="bbox 332 3110 1450 3178; baseline 0.002 -15"><span class='ocrx_word' id='word_1_213' title='bbox 332 3117 373 3163; x_wconf 82' lang='lat' dir='ltr'><strong>ta.</strong></span> <span class='ocrx_word' id='word_1_214' title='bbox 392 3114 435 3161; x_wconf 84' lang='lat' dir='ltr'><strong>Bos</strong></span> <span class='ocrx_word' id='word_1_215' title='bbox 444 3115 526 3175; x_wconf 80' lang='lat' dir='ltr'><strong>piger:</strong></span> <span class='ocrx_word' id='word_1_216' title='bbox 544 3111 653 3177; x_wconf 85' lang='lat' dir='ltr'><strong>quamvis</strong></span> <span class='ocrx_word' id='word_1_217' title='bbox 664 3113 707 3161; x_wconf 90' lang='lat' dir='ltr'><strong>bos</strong></span> <span class='ocrx_word' id='word_1_218' title='bbox 724 3128 765 3178; x_wconf 87' lang='lat' dir='ltr'><strong>pro</strong></span> <span class='ocrx_word' id='word_1_219' title='bbox 783 3110 857 3159; x_wconf 83' lang='lat' dir='ltr'><strong>tardi·</strong></span> <span class='ocrx_word' id='word_1_220' title='bbox 888 3112 1002 3161; x_wconf 85' lang='lat' dir='ltr'><strong>orationis</strong></span> <span class='ocrx_word' id='word_1_221' title='bbox 1012 3113 1083 3178; x_wconf 86' lang='lat' dir='ltr'><strong>paulo</strong></span> <span class='ocrx_word' id='word_1_222' title='bbox 1099 3112 1222 3161; x_wconf 86' lang='lat' dir='ltr'><strong>molestius</strong></span> <span class='ocrx_word' id='word_1_223' title='bbox 1235 3122 1329 3177; x_wconf 67' lang='lat' dir='ltr'><strong>juncte</strong></span> <span class='ocrx_word' id='word_1_224' title='bbox 1345 3123 1382 3163; x_wconf 80' lang='lat' dir='ltr'><strong>est</strong></span> <span class='ocrx_word' id='word_1_225' title='bbox 1399 3115 1450 3165; x_wconf 81' lang='lat' dir='ltr'><strong>lere</strong></span> 
     </span>
     <span class='ocr_line' id='line_1_29' title="bbox 300 3175 1448 3241; baseline 0 -14"><span class='ocrx_word' id='word_1_226' title='bbox 300 3188 348 3229; x_wconf 82' lang='lat' dir='ltr'><strong>tute</strong></span> <span class='ocrx_word' id='word_1_227' title='bbox 359 3193 402 3227; x_wconf 82' lang='lat' dir='ltr'><strong>sua</strong></span> <span class='ocrx_word' id='word_1_228' title='bbox 413 3192 461 3225; x_wconf 89' lang='lat' dir='ltr'><strong>nou</strong></span> <span class='ocrx_word' id='word_1_229' title='bbox 472 3192 573 3234; x_wconf 82' lang='lat' dir='ltr'><strong>currere,</strong></span> <span class='ocrx_word' id='word_1_230' title='bbox 584 3184 612 3224; x_wconf 89' lang='lat' dir='ltr'><strong>ut</strong></span> <span class='ocrx_word' id='word_1_231' title='bbox 623 3192 709 3240; x_wconf 86' lang='lat' dir='ltr'><strong>equus,</strong></span> <span class='ocrx_word' id='word_1_232' title='bbox 721 3184 807 3241; x_wconf 84' lang='lat' dir='ltr'><strong>potest.</strong></span> <span class='ocrx_word' id='word_1_233' title='bbox 889 3175 943 3223; x_wconf 90' lang='lat' dir='ltr'><strong>bic:</strong></span> <span class='ocrx_word' id='word_1_234' title='bbox 965 3192 1020 3225; x_wconf 85' lang='lat' dir='ltr'><strong>nam</strong></span> <span class='ocrx_word' id='word_1_235' title='bbox 1039 3177 1112 3224; x_wconf 76' lang='lat' dir='ltr'><strong>lisias</strong></span> <span class='ocrx_word' id='word_1_236' title='bbox 1130 3177 1180 3225; x_wconf 85' lang='lat' dir='ltr'><strong>sire</strong></span> <span class='ocrx_word' id='word_1_237' title='bbox 1196 3177 1301 3226; x_wconf 81' lang='lat' dir='ltr'><strong>thermas</strong></span> <span class='ocrx_word' id='word_1_238' title='bbox 1315 3178 1448 3227; x_wconf 68' lang='lat' dir='ltr'><strong>rdetudini</strong></span> 
     </span>
     <span class='ocr_line' id='line_1_30' title="bbox 332 3240 1446 3303; baseline 0 -12"><span class='ocrx_word' id='word_1_239' title='bbox 332 3246 373 3291; x_wconf 79' lang='lat'><strong>44.</strong></span> <span class='ocrx_word' id='word_1_240' title='bbox 392 3242 466 3295; x_wconf 82' lang='lat' dir='ltr'><strong>Quem</strong></span> <span class='ocrx_word' id='word_1_241' title='bbox 480 3244 521 3288; x_wconf 83' lang='lat' dir='ltr'><strong>seit</strong></span> <span class='ocrx_word' id='word_1_242' title='bbox 536 3251 639 3303; x_wconf 75' lang='lat' dir='ltr'><strong>uterque,</strong></span> <span class='ocrx_word' id='word_1_243' title='bbox 651 3244 721 3288; x_wconf 86' lang='lat' dir='ltr'><strong>tibens</strong></span> <span class='ocrx_word' id='word_1_244' title='bbox 737 3241 858 3302; x_wconf 73' lang='lat' dir='ltr'><strong>(cameto)</strong></span> <span class='ocrx_word' id='word_1_245' title='bbox 889 3254 948 3289; x_wconf 80' lang='lat' dir='ltr'><strong>mese</strong></span> <span class='ocrx_word' id='word_1_246' title='bbox 967 3256 1014 3289; x_wconf 91' lang='lat' dir='ltr'><strong>non</strong></span> <span class='ocrx_word' id='word_1_247' title='bbox 1031 3240 1165 3296; x_wconf 86' lang='lat' dir='ltr'><strong>convenire,</strong></span> <span class='ocrx_word' id='word_1_248' title='bbox 1176 3257 1214 3289; x_wconf 87' lang='lat' dir='ltr'><strong>me</strong></span> <span class='ocrx_word' id='word_1_249' title='bbox 1230 3240 1314 3291; x_wconf 86' lang='lat' dir='ltr'><strong>docuit</strong></span> <span class='ocrx_word' id='word_1_250' title='bbox 1330 3242 1446 3299; x_wconf 87' lang='lat' dir='ltr'><strong>medicus,</strong></span> 
     </span>
     <span class='ocr_line' id='line_1_31' title="bbox 298 3304 1449 3369; baseline 0 -12"><span class='ocrx_word' id='word_1_251' title='bbox 298 3316 399 3357; x_wconf 77' lang='lat' dir='ltr'><strong>ssereret</strong></span> <span class='ocrx_word' id='word_1_252' title='bbox 419 3314 501 3353; x_wconf 82' lang='lat' dir='ltr'><strong>artem.</strong></span> <span class='ocrx_word' id='word_1_253' title='bbox 540 3305 693 3352; x_wconf 86' lang='lat' dir='ltr'><strong>Proverbium</strong></span> <span class='ocrx_word' id='word_1_254' title='bbox 716 3320 744 3352; x_wconf 84' lang='lat' dir='ltr'><strong>ex</strong></span> <span class='ocrx_word' id='word_1_255' title='bbox 761 3304 853 3351; x_wconf 81' lang='lat' dir='ltr'><strong>Aristo·</strong></span> <span class='ocrx_word' id='word_1_256' title='bbox 890 3304 1009 3353; x_wconf 85' lang='lat' dir='ltr'><strong>Antonius</strong></span> <span class='ocrx_word' id='word_1_257' title='bbox 1020 3306 1104 3359; x_wconf 80' lang='lat' dir='ltr'><strong>Musa.</strong></span> <span class='ocrx_word' id='word_1_258' title='bbox 1116 3314 1140 3353; x_wconf 88' lang='lat' dir='ltr'><strong>et</strong></span> <span class='ocrx_word' id='word_1_259' title='bbox 1150 3306 1259 3369; x_wconf 81' lang='lat' dir='ltr'><strong>quemvis</strong></span> <span class='ocrx_word' id='word_1_260' title='bbox 1269 3322 1319 3354; x_wconf 85' lang='lat' dir='ltr'><strong>uon</strong></span> <span class='ocrx_word' id='word_1_261' title='bbox 1330 3320 1392 3361; x_wconf 74' lang='lat' dir='ltr'><strong>mes.</strong></span> <span class='ocrx_word' id='word_1_262' title='bbox 1404 3308 1449 3357; x_wconf 82' lang='lat' dir='ltr'><strong>sed</strong></span> 
     </span>
     <span class='ocr_line' id='line_1_32' title="bbox 299 3367 1447 3437; baseline 0.002 -18"><span class='ocrx_word' id='word_1_263' title='bbox 299 3372 387 3437; x_wconf 85' lang='lat' dir='ltr'><strong>phane,</strong></span> <span class='ocrx_word' id='word_1_264' title='bbox 404 3370 479 3433; x_wconf 78' lang='lat' dir='ltr'><strong>l&#39;esp.</strong></span> <span class='ocrx_word' id='word_1_265' title='bbox 497 3370 567 3423; x_wconf 78' lang='lat'>1422.</span> <span class='ocrx_word' id='word_1_266' title='bbox 588 3376 685 3415; x_wconf 89' lang='lat' dir='ltr'><strong>uotum:</strong></span> <span class='ocrx_word' id='word_1_267' title='bbox 705 3367 790 3432; x_wconf 79' lang='lat' dir='ltr'><strong>&#39;&#39;Epdos</strong></span> <span class='ocrx_word' id='word_1_268' title='bbox 808 3386 854 3425; x_wconf 76' lang='grc' dir='ltr'><strong>τις,</strong></span> <span class='ocrx_word' id='word_1_269' title='bbox 887 3368 974 3417; x_wconf 90' lang='lat' dir='ltr'><strong>medici</strong></span> <span class='ocrx_word' id='word_1_270' title='bbox 996 3370 1135 3419; x_wconf 84' lang='lat' dir='ltr'><strong>auctoritate</strong></span> <span class='ocrx_word' id='word_1_271' title='bbox 1156 3378 1209 3418; x_wconf 82' lang='lat' dir='ltr'><strong>utor</strong></span> <span class='ocrx_word' id='word_1_272' title='bbox 1226 3371 1322 3418; x_wconf 84' lang='lat' dir='ltr'><strong>balneis</strong></span> <span class='ocrx_word' id='word_1_273' title='bbox 1344 3370 1447 3434; x_wconf 74' lang='lat' dir='ltr'><strong>frigidis,</strong></span> 
     </span>
     <span class='ocr_line' id='line_1_33' title="bbox 299 3430 1448 3496; baseline 0.002 -13"><span class='ocrx_word' id='word_1_274' title='bbox 299 3438 333 3495; x_wconf 81' lang='grc' dir='ltr'><strong>ἢν</strong></span> <span class='ocrx_word' id='word_1_275' title='bbox 349 3434 450 3490; x_wconf 72' lang='grc' dir='ltr'>ἕκαστος</span> <span class='ocrx_word' id='word_1_276' title='bbox 461 3430 533 3493; x_wconf 76' lang='grc' dir='ltr'><strong><em>εἰδείη</em></strong></span> <span class='ocrx_word' id='word_1_277' title='bbox 550 3430 653 3495; x_wconf 74' lang='grc' dir='ltr'><em>τέχνην.</em></span> <span class='ocrx_word' id='word_1_278' title='bbox 690 3433 799 3495; x_wconf 73' lang='lat' dir='ltr'><strong>Uterque,</strong></span> <span class='ocrx_word' id='word_1_279' title='bbox 810 3432 855 3482; x_wconf 83' lang='lat' dir='ltr'><strong>vil·</strong></span> <span class='ocrx_word' id='word_1_280' title='bbox 888 3439 968 3481; x_wconf 86' lang='lat' dir='ltr'><strong>tamen</strong></span> <span class='ocrx_word' id='word_1_281' title='bbox 989 3432 1014 3480; x_wconf 90' lang='lat' dir='ltr'><strong>id</strong></span> <span class='ocrx_word' id='word_1_282' title='bbox 1036 3449 1098 3496; x_wconf 78' lang='lat' dir='ltr'><strong>tegre</strong></span> <span class='ocrx_word' id='word_1_283' title='bbox 1119 3433 1198 3482; x_wconf 85' lang='lat' dir='ltr'><strong>lerunt</strong></span> <span class='ocrx_word' id='word_1_284' title='bbox 1216 3434 1333 3483; x_wconf 84' lang='lat' dir='ltr'><strong>Baiamm</strong></span> <span class='ocrx_word' id='word_1_285' title='bbox 1350 3435 1448 3485; x_wconf 69' lang='lat' dir='ltr'><strong>incolo.</strong></span> 
     </span>
     <span class='ocr_line' id='line_1_34' title="bbox 300 3496 1449 3562; baseline 0.002 -15"><span class='ocrx_word' id='word_1_286' title='bbox 300 3500 361 3547; x_wconf 88' lang='lat' dir='ltr'><strong>licus</strong></span> <span class='ocrx_word' id='word_1_287' title='bbox 372 3506 396 3546; x_wconf 84' lang='lat' dir='ltr'><strong>et</strong></span> <span class='ocrx_word' id='word_1_288' title='bbox 408 3496 470 3545; x_wconf 82' lang='lat' dir='ltr'><strong>calo.</strong></span> <span class='ocrx_word' id='word_1_289' title='bbox 888 3496 971 3545; x_wconf 89' lang='lat' dir='ltr'><strong>Schol.</strong></span> <span class='ocrx_word' id='word_1_290' title='bbox 988 3498 1074 3561; x_wconf 84' lang='lat' dir='ltr'><strong>Cruq..</strong></span> <span class='ocrx_word' id='word_1_291' title='bbox 1091 3500 1205 3545; x_wconf 80' lang='lat' dir='ltr'><strong>Antonius</strong></span> <span class='ocrx_word' id='word_1_292' title='bbox 1221 3496 1291 3546; x_wconf 82' lang='lat' dir='ltr'><strong>Musa</strong></span> <span class='ocrx_word' id='word_1_293' title='bbox 1307 3502 1449 3562; x_wconf 69' lang='lat' dir='ltr'><strong>egritudine</strong></span> 
     </span>
     <span class='ocr_line' id='line_1_35' title="bbox 889 3562 1448 3623; baseline 0.011 -16"><span class='ocrx_word' id='word_1_294' title='bbox 889 3562 991 3623; x_wconf 78' lang='lat' dir='ltr'><strong>Augusti</strong></span> <span class='ocrx_word' id='word_1_295' title='bbox 1001 3571 1074 3609; x_wconf 83' lang='lat' dir='ltr'><strong>artem</strong></span> <span class='ocrx_word' id='word_1_296' title='bbox 1088 3578 1151 3609; x_wconf 81' lang='lat' dir='ltr'><strong>suurn</strong></span> <span class='ocrx_word' id='word_1_297' title='bbox 1162 3564 1306 3611; x_wconf 82' lang='lat' dir='ltr'><strong>illustravit:</strong></span> <span class='ocrx_word' id='word_1_298' title='bbox 1324 3580 1378 3609; x_wconf 77' lang='lat' dir='ltr'><strong>nass</strong></span> <span class='ocrx_word' id='word_1_299' title='bbox 1392 3582 1448 3613; x_wconf 76' lang='lat' dir='ltr'><strong>curs</strong></span> 
     </span>
     <span class='ocr_line' id='line_1_36' title="bbox 455 3624 1448 3681; baseline 0.002 -8"><span class='ocrx_word' id='word_1_300' title='bbox 455 3624 625 3673; x_wconf 80' lang='lat' dir='ltr'><strong>EPISTOLA</strong></span> <span class='ocrx_word' id='word_1_301' title='bbox 644 3626 702 3675; x_wconf 88' lang='lat' dir='ltr'><strong>XV.</strong></span> <span class='ocrx_word' id='word_1_302' title='bbox 888 3627 963 3672; x_wconf 81' lang='lat' dir='ltr'><strong>dolore</strong></span> <span class='ocrx_word' id='word_1_303' title='bbox 977 3627 1106 3674; x_wconf 79' lang='lat' dir='ltr'><strong>Arthritico</strong></span> <span class='ocrx_word' id='word_1_304' title='bbox 1120 3627 1242 3681; x_wconf 82' lang='lat' dir='ltr'><strong>laboraret,</strong></span> <span class='ocrx_word' id='word_1_305' title='bbox 1253 3637 1274 3674; x_wconf 85' lang='lat' dir='ltr'><strong>st</strong></span> <span class='ocrx_word' id='word_1_306' title='bbox 1290 3629 1322 3674; x_wconf 85' lang='lat' dir='ltr'><strong>ud</strong></span> <span class='ocrx_word' id='word_1_307' title='bbox 1335 3644 1448 3675; x_wconf 71' lang='lat' dir='ltr'><strong>mma</strong></span> 
     </span>
     <span class='ocr_line' id='line_1_37' title="bbox 332 3688 1449 3750; baseline 0.003 -14"><span class='ocrx_word' id='word_1_308' title='bbox 332 3690 415 3746; x_wconf 84' lang='lat' dir='ltr'><strong>Poeta,</strong></span> <span class='ocrx_word' id='word_1_309' title='bbox 425 3690 538 3738; x_wconf 80' lang='lat' dir='ltr'><strong>suadente</strong></span> <span class='ocrx_word' id='word_1_310' title='bbox 551 3689 642 3738; x_wconf 89' lang='lat' dir='ltr'><strong>medico</strong></span> <span class='ocrx_word' id='word_1_311' title='bbox 655 3691 729 3738; x_wconf 86' lang='lat' dir='ltr'><strong>Musa</strong></span> <span class='ocrx_word' id='word_1_312' title='bbox 741 3688 855 3744; x_wconf 85' lang='lat' dir='ltr'><strong>Antonio,</strong></span> <span class='ocrx_word' id='word_1_313' title='bbox 889 3692 980 3736; x_wconf 78' lang='lat' dir='ltr'><strong>maciem</strong></span> <span class='ocrx_word' id='word_1_314' title='bbox 1001 3692 1125 3750; x_wconf 80' lang='lat' dir='ltr'><strong>perductus</strong></span> <span class='ocrx_word' id='word_1_315' title='bbox 1147 3698 1211 3744; x_wconf 84' lang='lat' dir='ltr'><strong>esset,</strong></span> <span class='ocrx_word' id='word_1_316' title='bbox 1232 3702 1331 3739; x_wconf 75' lang='lat' dir='ltr'><strong>carente</strong></span> <span class='ocrx_word' id='word_1_317' title='bbox 1351 3691 1449 3739; x_wconf 82' lang='lat' dir='ltr'><strong>AEssilie</strong></span> 
     </span>
     <span class='ocr_line' id='line_1_38' title="bbox 299 3753 1447 3816; baseline 0.002 -13"><span class='ocrx_word' id='word_1_318' title='bbox 299 3753 394 3803; x_wconf 84' lang='lat' dir='ltr'><strong>lavandi</strong></span> <span class='ocrx_word' id='word_1_319' title='bbox 411 3769 485 3802; x_wconf 79' lang='lat' dir='ltr'><strong>causa</strong></span> <span class='ocrx_word' id='word_1_320' title='bbox 503 3769 551 3801; x_wconf 91' lang='lat' dir='ltr'><strong>non</strong></span> <span class='ocrx_word' id='word_1_321' title='bbox 570 3754 651 3810; x_wconf 79' lang='lat' dir='ltr'><strong>Baias,</strong></span> <span class='ocrx_word' id='word_1_322' title='bbox 664 3754 705 3801; x_wconf 85' lang='lat' dir='ltr'><strong>sed</strong></span> <span class='ocrx_word' id='word_1_323' title='bbox 719 3754 815 3802; x_wconf 85' lang='lat' dir='ltr'><strong>Veliam</strong></span> <span class='ocrx_word' id='word_1_324' title='bbox 832 3761 857 3801; x_wconf 87' lang='lat' dir='ltr'><strong>et</strong></span> <span class='ocrx_word' id='word_1_325' title='bbox 888 3756 981 3808; x_wconf 80' lang='lat' dir='ltr'><strong>medico,</strong></span> <span class='ocrx_word' id='word_1_326' title='bbox 999 3757 1040 3816; x_wconf 77' lang='lat' dir='ltr'><strong>qui</strong></span> <span class='ocrx_word' id='word_1_327' title='bbox 1055 3770 1107 3802; x_wconf 81' lang='lat' dir='ltr'><strong>eum</strong></span> <span class='ocrx_word' id='word_1_328' title='bbox 1123 3756 1179 3801; x_wconf 81' lang='lat' dir='ltr'><strong>adeo</strong></span> <span class='ocrx_word' id='word_1_329' title='bbox 1195 3755 1277 3801; x_wconf 83' lang='lat' dir='ltr'><strong>solidis</strong></span> <span class='ocrx_word' id='word_1_330' title='bbox 1292 3758 1399 3809; x_wconf 76' lang='lat' dir='ltr'><strong>rumim,</strong></span> <span class='ocrx_word' id='word_1_331' title='bbox 1417 3766 1447 3805; x_wconf 84' lang='lat' dir='ltr'><strong>sst</strong></span> 
     </span>
     <span class='ocr_line' id='line_1_39' title="bbox 298 3817 1447 3883; baseline 0.001 -17"><span class='ocrx_word' id='word_1_332' title='bbox 298 3819 421 3867; x_wconf 87' lang='lat' dir='ltr'><strong>Salernum</strong></span> <span class='ocrx_word' id='word_1_333' title='bbox 436 3818 593 3883; x_wconf 85' lang='lat' dir='ltr'><strong>prolectums,</strong></span> <span class='ocrx_word' id='word_1_334' title='bbox 607 3817 753 3866; x_wconf 86' lang='lat' dir='ltr'><strong>Numenium</strong></span> <span class='ocrx_word' id='word_1_335' title='bbox 768 3817 856 3865; x_wconf 86' lang='lat' dir='ltr'><strong>Valsm</strong></span> <span class='ocrx_word' id='word_1_336' title='bbox 888 3827 973 3865; x_wconf 80' lang='lat' dir='ltr'><strong>tectum</strong></span> <span class='ocrx_word' id='word_1_337' title='bbox 992 3819 1095 3865; x_wconf 80' lang='lat' dir='ltr'><strong>cubiculi</strong></span> <span class='ocrx_word' id='word_1_338' title='bbox 1115 3820 1163 3879; x_wconf 80' lang='lat' dir='ltr'><strong>ejus</strong></span> <span class='ocrx_word' id='word_1_339' title='bbox 1183 3819 1305 3866; x_wconf 76' lang='lat' dir='ltr'><strong>velleribus</strong></span> <span class='ocrx_word' id='word_1_340' title='bbox 1326 3823 1447 3869; x_wconf 74' lang='lat' dir='ltr'><strong>esurires.-</strong></span> 
     </span>
     <span class='ocr_line' id='line_1_40' title="bbox 297 3881 1446 3947; baseline -0.001 -15"><span class='ocrx_word' id='word_1_341' title='bbox 297 3883 327 3932; x_wconf 88' lang='lat' dir='ltr'><strong>de</strong></span> <span class='ocrx_word' id='word_1_342' title='bbox 339 3884 400 3931; x_wconf 80' lang='lat' dir='ltr'><strong>aeris</strong></span> <span class='ocrx_word' id='word_1_343' title='bbox 410 3882 435 3930; x_wconf 95' lang='lat' dir='ltr'><strong>in</strong></span> <span class='ocrx_word' id='word_1_344' title='bbox 445 3882 481 3931; x_wconf 87' lang='lat' dir='ltr'><strong>his</strong></span> <span class='ocrx_word' id='word_1_345' title='bbox 489 3882 583 3931; x_wconf 90' lang='lat' dir='ltr'><strong>duobus</strong></span> <span class='ocrx_word' id='word_1_346' title='bbox 594 3882 686 3947; x_wconf 89' lang='lat' dir='ltr'><strong>oppidis</strong></span> <span class='ocrx_word' id='word_1_347' title='bbox 697 3881 818 3946; x_wconf 84' lang='lat' dir='ltr'><strong>temperie,</strong></span> <span class='ocrx_word' id='word_1_348' title='bbox 826 3881 856 3929; x_wconf 88' lang='lat' dir='ltr'><strong>de</strong></span> <span class='ocrx_word' id='word_1_349' title='bbox 888 3882 925 3929; x_wconf 83' lang='lat' dir='ltr'><strong>hir</strong></span> <span class='ocrx_word' id='word_1_350' title='bbox 943 3892 1028 3942; x_wconf 68' lang='lat' dir='ltr'><strong>postem</strong></span> <span class='ocrx_word' id='word_1_351' title='bbox 1044 3885 1071 3929; x_wconf 85' lang='lat' dir='ltr'><strong>irs</strong></span> <span class='ocrx_word' id='word_1_352' title='bbox 1087 3883 1229 3929; x_wconf 81' lang='lat' dir='ltr'><strong>contrarium</strong></span> <span class='ocrx_word' id='word_1_353' title='bbox 1246 3887 1316 3930; x_wconf 74' lang='lat' dir='ltr'><strong>tersis</strong></span> <span class='ocrx_word' id='word_1_354' title='bbox 1334 3886 1446 3942; x_wconf 66' lang='lat' dir='ltr'><strong>mita,</strong></span> 
     </span>
     <span class='ocr_line' id='line_1_41' title="bbox 298 3945 1447 4011; baseline 0.001 -17"><span class='ocrx_word' id='word_1_355' title='bbox 298 3946 421 3995; x_wconf 90' lang='lat' dir='ltr'><strong>hominum</strong></span> <span class='ocrx_word' id='word_1_356' title='bbox 433 3948 475 4011; x_wconf 89' lang='lat' dir='ltr'><strong>qui</strong></span> <span class='ocrx_word' id='word_1_357' title='bbox 491 3946 525 3995; x_wconf 88' lang='lat' dir='ltr'><strong>ibi</strong></span> <span class='ocrx_word' id='word_1_358' title='bbox 536 3948 617 3995; x_wconf 83' lang='lat' dir='ltr'><strong>vivant</strong></span> <span class='ocrx_word' id='word_1_359' title='bbox 633 3946 737 3994; x_wconf 87' lang='lat' dir='ltr'><strong>moribus</strong></span> <span class='ocrx_word' id='word_1_360' title='bbox 753 3954 777 3993; x_wconf 84' lang='lat' dir='ltr'><strong>et</strong></span> <span class='ocrx_word' id='word_1_361' title='bbox 788 3945 855 4009; x_wconf 85' lang='lat' dir='ltr'><strong>iuge·</strong></span> <span class='ocrx_word' id='word_1_362' title='bbox 887 3963 932 3993; x_wconf 80' lang='lat' dir='ltr'><strong>non</strong></span> <span class='ocrx_word' id='word_1_363' title='bbox 943 3948 1015 3994; x_wconf 83' lang='lat' dir='ltr'><strong>solum</strong></span> <span class='ocrx_word' id='word_1_364' title='bbox 1025 3945 1195 4010; x_wconf 70' lang='lat' dir='ltr'><strong>prcffsuionibus</strong></span> <span class='ocrx_word' id='word_1_365' title='bbox 1201 3945 1315 4009; x_wconf 81' lang='lat' dir='ltr'><strong>frigidis,</strong></span> <span class='ocrx_word' id='word_1_366' title='bbox 1325 3950 1364 3995; x_wconf 83' lang='lat' dir='ltr'><strong>sed</strong></span> <span class='ocrx_word' id='word_1_367' title='bbox 1375 3951 1447 3996; x_wconf 65' lang='lat' dir='ltr'><strong>stiam</strong></span> 
     </span>
     <span class='ocr_line' id='line_1_42' title="bbox 299 4010 1447 4077; baseline 0 -18"><span class='ocrx_word' id='word_1_368' title='bbox 299 4012 348 4067; x_wconf 85' lang='lat' dir='ltr'><strong>nio,</strong></span> <span class='ocrx_word' id='word_1_369' title='bbox 360 4011 464 4077; x_wconf 89' lang='lat' dir='ltr'><strong>denique</strong></span> <span class='ocrx_word' id='word_1_370' title='bbox 475 4012 504 4059; x_wconf 90' lang='lat' dir='ltr'><strong>de</strong></span> <span class='ocrx_word' id='word_1_371' title='bbox 517 4012 556 4059; x_wconf 85' lang='lat' dir='ltr'><strong>via</strong></span> <span class='ocrx_word' id='word_1_372' title='bbox 571 4011 713 4059; x_wconf 83' lang='lat' dir='ltr'><strong>seducente</strong></span> <span class='ocrx_word' id='word_1_373' title='bbox 729 4018 854 4075; x_wconf 86' lang='lat' dir='ltr'><strong>percunta-</strong></span> <span class='ocrx_word' id='word_1_374' title='bbox 889 4010 1045 4073; x_wconf 73' lang='lat' dir='ltr'><strong>Gorgurbmis</strong></span> <span class='ocrx_word' id='word_1_375' title='bbox 1057 4012 1181 4057; x_wconf 74' lang='lat' dir='ltr'><strong>Ciesrninae</strong></span> <span class='ocrx_word' id='word_1_376' title='bbox 1192 4026 1264 4071; x_wconf 65' lang='lat' dir='ltr'><strong>emsa,</strong></span> <span class='ocrx_word' id='word_1_377' title='bbox 1275 4028 1325 4073; x_wconf 69' lang='lat' dir='ltr'><strong>que</strong></span> <span class='ocrx_word' id='word_1_378' title='bbox 1335 4021 1368 4059; x_wconf 84' lang='lat' dir='ltr'><strong>est</strong></span> <span class='ocrx_word' id='word_1_379' title='bbox 1379 4013 1447 4059; x_wconf 79' lang='lat' dir='ltr'><strong>Atel·</strong></span> 
     </span>
     <span class='ocr_line' id='line_1_43' title="bbox 297 4073 1445 4140; baseline 0.001 -18"><span class='ocrx_word' id='word_1_380' title='bbox 297 4082 344 4123; x_wconf 89' lang='lat' dir='ltr'><strong>tur.</strong></span> <span class='ocrx_word' id='word_1_381' title='bbox 382 4075 411 4127; x_wconf 86' lang='lat' dir='ltr'><strong>In</strong></span> <span class='ocrx_word' id='word_1_382' title='bbox 435 4077 480 4125; x_wconf 85' lang='lat' dir='ltr'><strong>bac</strong></span> <span class='ocrx_word' id='word_1_383' title='bbox 507 4076 579 4140; x_wconf 94' lang='lat' dir='ltr'><strong>paulo</strong></span> <span class='ocrx_word' id='word_1_384' title='bbox 600 4074 745 4123; x_wconf 89' lang='lat' dir='ltr'><strong>incuriosius</strong></span> <span class='ocrx_word' id='word_1_385' title='bbox 767 4073 856 4137; x_wconf 77' lang='lat' dir='ltr'><strong>scripte</strong></span> <span class='ocrx_word' id='word_1_386' title='bbox 888 4076 923 4129; x_wconf 77' lang='lat' dir='ltr'><strong>lae,</strong></span> <span class='ocrx_word' id='word_1_387' title='bbox 936 4080 962 4121; x_wconf 84' lang='lat' dir='ltr'><strong>in</strong></span> <span class='ocrx_word' id='word_1_388' title='bbox 976 4076 1039 4121; x_wconf 80' lang='lat' dir='ltr'><strong>domo</strong></span> <span class='ocrx_word' id='word_1_389' title='bbox 1051 4074 1145 4121; x_wconf 72' lang='lat' dir='ltr'><strong>Cereris</strong></span> <span class='ocrx_word' id='word_1_390' title='bbox 1161 4083 1183 4120; x_wconf 83' lang='lat' dir='ltr'><strong>et</strong></span> <span class='ocrx_word' id='word_1_391' title='bbox 1197 4076 1445 4134; x_wconf 64' lang='lat' dir='ltr'><strong>portenderentur,</strong></span> 
     </span>
     <span class='ocr_line' id='line_1_44' title="bbox 296 4137 1447 4269; baseline 0 -18"><span class='ocrx_word' id='word_1_392' title='bbox 296 4139 487 4269; x_wconf 52' lang='lat' dir='ltr'><strong>{bilbili</strong></span> <span class='ocrx_word' id='word_1_393' title='bbox 502 4137 855 4267; x_wconf 59' lang='lat' dir='ltr'><strong>lilffihlllli‘lh‘i&#39;llil</strong></span> <span class='ocrx_word' id='word_1_394' title='bbox 886 4139 1447 4265; x_wconf 59' lang='lat' dir='ltr'><strong>tzittttttttttttttt‘t:</strong></span> 
     </span>
     <span class='ocr_line' id='line_1_45' title="bbox 296 4240 1448 4331; baseline 0 -16"><span class='ocrx_word' id='word_1_395' title='bbox 296 4276 321 4315; x_wconf 87' lang='lat' dir='ltr'><strong>et</strong></span> <span class='ocrx_word' id='word_1_396' title='bbox 332 4268 427 4321; x_wconf 85' lang='lat' dir='ltr'><strong>nativus</strong></span> <span class='ocrx_word' id='word_1_397' title='bbox 435 4268 518 4331; x_wconf 86' lang='lat' dir='ltr'><strong>jocose</strong></span> <span class='ocrx_word' id='word_1_398' title='bbox 535 4240 651 4315; x_wconf 78' lang='lat' dir='ltr'><strong>dictbmm</strong></span> <span class='ocrx_word' id='word_1_399' title='bbox 669 4267 691 4314; x_wconf 84' lang='lat' dir='ltr'><strong>le</strong></span> <span class='ocrx_word' id='word_1_400' title='bbox 724 4282 742 4321; x_wconf 90' lang='lat' dir='ltr'><strong>r,</strong></span> <span class='ocrx_word' id='word_1_401' title='bbox 760 4266 854 4329; x_wconf 76' lang='lat' dir='ltr'><strong>egregie</strong></span> <span class='ocrx_word' id='word_1_402' title='bbox 886 4268 982 4315; x_wconf 83' lang='lat' dir='ltr'><strong>tertirim</strong></span> <span class='ocrx_word' id='word_1_403' title='bbox 1000 4267 1186 4328; x_wconf 77' lang='lat' dir='ltr'><strong>quadringenties</strong></span> <span class='ocrx_word' id='word_1_404' title='bbox 1203 4282 1229 4313; x_wconf 80' lang='lat' dir='ltr'><strong>er</strong></span> <span class='ocrx_word' id='word_1_405' title='bbox 1245 4266 1448 4315; x_wconf 75' lang='lat' dir='ltr'><strong>Sesatmeorssuits</strong></span> 
     </span>
     <span class='ocr_line' id='line_1_46' title="bbox 296 4283 1446 4407; baseline -0.001 -27"><span class='ocrx_word' id='word_1_406' title='bbox 296 4340 352 4405; x_wconf 70' lang='lat' dir='ltr'><strong>pute</strong></span> <span class='ocrx_word' id='word_1_407' title='bbox 363 4332 447 4407; x_wconf 77' lang='lat' dir='ltr'><strong>oculos</strong></span> <span class='ocrx_word' id='word_1_408' title='bbox 478 4283 796 4405; x_wconf 67' lang='lat' dir='ltr'><strong>enuntllomtiiindblema</strong></span> <span class='ocrx_word' id='word_1_409' title='bbox 824 4346 853 4405; x_wconf 55' lang='grc' dir='ltr'><strong>ης</strong></span> <span class='ocrx_word' id='word_1_410' title='bbox 884 4333 990 4402; x_wconf 71' lang='grc' dir='ltr'><strong>ιιεειρίε.Ι</strong></span> <span class='ocrx_word' id='word_1_411' title='bbox 1004 4330 1050 4376; x_wconf 82' lang='lat' dir='ltr'><strong>Hsc</strong></span> <span class='ocrx_word' id='word_1_412' title='bbox 1060 4339 1137 4376; x_wconf 80' lang='lat' dir='ltr'><strong>autem</strong></span> <span class='ocrx_word' id='word_1_413' title='bbox 1148 4329 1218 4375; x_wconf 79' lang='lat' dir='ltr'><strong>Musa</strong></span> <span class='ocrx_word' id='word_1_414' title='bbox 1227 4328 1326 4377; x_wconf 79' lang='lat' dir='ltr'><strong>Horatio</strong></span> <span class='ocrx_word' id='word_1_415' title='bbox 1328 4335 1446 4406; x_wconf 66' lang='lat' dir='ltr'><strong>jusserut,</strong></span> 
     </span>
     <span class='ocr_line' id='line_1_47' title="bbox 295 4393 1445 4529; baseline -0.002 -22"><span class='ocrx_word' id='word_1_416' title='bbox 295 4412 448 4509; x_wconf 63' lang='lat' dir='ltr'><strong>tthtttn</strong></span> <span class='ocrx_word' id='word_1_417' title='bbox 476 4396 854 4529; x_wconf 51' lang='lat' dir='ltr'><strong>„tttttrltlt&#39;tif&#39;ttt</strong></span> <span class='ocrx_word' id='word_1_418' title='bbox 877 4393 1445 4521; x_wconf 60' lang='lat' dir='ltr'><strong>Jtttttltttrtzttt‘ithittttt</strong></span> 
     </span>
     <span class='ocr_line' id='line_1_48' title="bbox 295 4522 1221 4591; baseline -0.005 -18"><span class='ocrx_word' id='word_1_419' title='bbox 295 4524 364 4575; x_wconf 87' lang='lat' dir='ltr'><strong>docet</strong></span> <span class='ocrx_word' id='word_1_420' title='bbox 385 4526 436 4574; x_wconf 77' lang='lat' dir='ltr'><strong>bac</strong></span> <span class='ocrx_word' id='word_1_421' title='bbox 457 4524 567 4591; x_wconf 80' lang='lat' dir='ltr'><strong>epistola.</strong></span> <span class='ocrx_word' id='word_1_422' title='bbox 603 4524 689 4573; x_wconf 88' lang='lat' dir='ltr'><strong>Utrum</strong></span> <span class='ocrx_word' id='word_1_423' title='bbox 707 4539 762 4573; x_wconf 85' lang='lat' dir='ltr'><strong>vero</strong></span> <span class='ocrx_word' id='word_1_424' title='bbox 780 4522 852 4579; x_wconf 84' lang='lat' dir='ltr'><strong>idem,</strong></span> <span class='ocrx_word' id='word_1_425' title='bbox 883 4534 977 4585; x_wconf 80' lang='lat' dir='ltr'><strong>propter</strong></span> <span class='ocrx_word' id='word_1_426' title='bbox 987 4522 1104 4571; x_wconf 78' lang='lat' dir='ltr'><strong>oculorum</strong></span> <span class='ocrx_word' id='word_1_427' title='bbox 1115 4523 1221 4569; x_wconf 79' lang='lat' dir='ltr'><strong>dolorem.</strong></span> 
     </span>
    </p>
   </div>
   <div class='ocr_carea' id='block_1_8' title="bbox 0 0 1580 5200">
    <p class='ocr_par' dir='ltr' id='par_1_11' title="bbox 0 0 1580 5200">
     <span class='ocr_line' id='line_1_49' title="bbox 0 0 1580 5200; baseline 0 3"><span class='ocrx_word' id='word_1_428' title='bbox 0 0 1580 5200; x_wconf 95' lang='lat' dir='ltr'><strong> </strong></span> 
     </span>
    </p>
   </div>
  </div>
 </body>
</html>
