3150 5200
570 346 795 412 CARMEN
819 349 851 411 4.

356 497 414 574 At,
432 498 458 561 si
474 495 554 580 quid
570 519 712 582 unquam
727 498 792 562 tale
806 502 1042 584 concupiveris,

293 602 336 664 ΞΟ
486 597 607 664 Jocose
623 599 802 677 Maecenas,
817 621 946 684 precor,

356 701 493 766 Manum
507 699 617 784 puella
631 702 720 765 savio
734 712 881 786 opponat
895 711 964 779 tuo,

489 802 647 866 Extrema
662 813 696 866 et
711 804 743 866 in
760 803 888 888 sponda
901 805 1010 868 cubet.

575 1107 781 1172 CARMEN
806 1108 867 1173 lV.

361 1314 466 1378 Lurrs
481 1324 515 1378 et
530 1313 622 1398 agnis
638 1322 761 1396 quauta
776 1314 891 1376 sortito
906 1313 1035 1397 obtigit,

490 1415 617 1480 Tecum
631 1413 711 1478 mihi
725 1415 891 1478 discordia
904 1427 966 1492 est,

362 1517 497 1582 Ibericis
511 1529 645 1602 peruste
661 1515 795 1579 funibus
809 1515 907 1593 latus,

491 1618 539 1683 Et
553 1641 649 1684 crura
664 1619 748 1682 dura
762 1619 931 1702 compede.

307 1721 328 1784 5
361 1721 456 1786 Licet
472 1724 633 1806 superbus
647 1719 793 1788 ambules
807 1721 957 1804 pecunia,

492 1823 637 1888 Fortuna
652 1844 717 1886 non
731 1832 837 1885 mutat
851 1844 966 1905 genus.

362 1924 520 2002 Videsne,
537 1924 670 1990 Sacram
685 1923 838 1987 metiente
854 1923 986 1986 teriam

492 2025 576 2089 Cum
590 2027 641 2090 bis
657 2025 755 2088 trium
769 2023 918 2088 ulnarum
933 2035 1021 2108 toga,

146 2224 229 2259 cruore
245 2208 336 2258 uncta:
361 2208 416 2258 vide
436 2209 509 2258 ovid.
527 2210 591 2258 Met.
609 2209 642 2265 ix,
662 2208 708 2256 130
740 2208 796 2256 bus.
830 2209 896 2256 Nam
906 2207 1000 2256 eunde
1010 2205 1100 2254 tribuni
1111 2207 1215 2258 militum
1226 2210 1301 2261 bono

146 2273 496 2386 numum
510 2271 710 2338 ‘¹”“¹¹¹“ff‘⁰‘²
741 2271 1303 2399 circummunitus

181 2371 286 2450 itt-ci.
303 2401 368 2460 Tale,
383 2401 486 2452 suaviter
502 2418 544 2468 pro
560 2400 626 2458 allio,
645 2398 710 2465 quod
743 2397 825 2448 iuboc
841 2400 947 2448 carmine
964 2408 1186 2458 commemorantur,
1203 2355 1303 2453 inplicat

148 2466 286 2515 nonomine
313 2466 393 2515 uiden
405 2482 507 2532 suopru
522 2467 710 2530 ejuscontemtu
742 2465 828 2514 cadere
847 2465 980 2520 videantur,
1003 2463 1101 2512 infamis
1125 2463 1229 2530 denique
1249 2469 1303 2534 ejus

149 2531 272 2596 appellat;
297 2482 382 2586 inm,
394 2529 444 2579 vid.
456 2546 549 2594 argum.
572 2531 620 2578 Pro
624 2533 709 2591 jocose,
742 2529 849 2592 perfidia,
861 2545 934 2593 quam
950 2528 989 2576 vel
1005 2527 1107 2578 maxime
1123 2539 1194 2594 poeta
1207 2541 1302 2582 eonn-

147 2593 351 2659 quaternario
365 2593 396 2645 sd
410 2594 503 2660 jocum,
520 2595 550 2645 de
565 2612 613 2660 quo
629 2593 655 2642 in
672 2610 709 2642 ar-
743 2610 783 2642 rus
794 2593 887 2652 suimet,
899 2610 930 2643 ue
940 2593 1011 2641 verbo
1045 2591 1125 2643 uidem
1141 2593 1166 2644 in
1179 2612 1209 2645 eo
1222 2606 1304 2647 notata

147 2674 215 2723 gum.
233 2659 346 2717 diximus,
367 2658 498 2718 referimus,
532 2676 601 2709 arum
618 2660 710 2707 Maece·
743 2657 830 2717 fuerit,
846 2673 967 2724 perperam
981 2610 1043 2706 illud
1055 2659 1199 2708 aveteribns
1213 2662 1302 2711 echoli-

149 2725 213 2772 natis
229 2723 342 2787 dignitati
359 2724 478 2779 convenit,
496 2766 498 2771 .
526 2722 654 2773 erilandus
672 2738 709 2771 ra·
742 2722 959 2778 astieadldenon,
970 2723 1072 2783 Pompeii
1080 2724 1195 2780 libertum,
1203 2726 1304 2775 relatum

148 2787 302 2837 scribendum
321 2802 374 2837 esse
402 2796 493 2846 causet,
520 2789 608 2845 Jocosa,
631 2796 659 2836 ut
680 2788 710 2835 ad
742 2800 795 2836 esse
814 2787 886 2836 facile
906 2802 938 2851 ap
995 2795 1014 2835 t.
1047 2786 1139 2835 incidit
1155 2799 1236 2838 autem
1258 2791 1304 2840 boe

148 2852 255 2917 puellam
266 2852 396 2911 reseratum
413 2852 455 2900 aad
466 2866 496 2901 ne
511 2852 593 2916 puella
603 2852 709 2916 quidem,
742 2866 848 2908 carmen,
859 2850 880 2899 si
889 2850 933 2899 illu
951 2858 998 2906 ,ut
1015 2865 1045 2899 ex
1062 2867 1132 2899 versu
1149 2854 1180 2901 19
1191 2854 1304 2918 colligere

148 2931 203 2980 que
226 2916 257 2964 ob
279 2916 330 2965 allii
352 2916 461 2965 loetorem
488 2916 573 2965 oscula
594 2932 618 2966 re
636 2916 710 2971 udiat,
743 2914 809 2971 licet,
828 2931 891 2964 anno
907 2913 1000 2963 circiter
1017 2915 1051 2963 U.
1064 2915 1095 2962 C.
1111 2931 1240 2974 nccxvnr,
1254 2934 1305 2983 qno

150 2980 209 3029 eatis
229 2980 353 3029 commode
370 2985 451 3045 jocosa
475 2980 572 3054 dicitur,
643 2996 713 3028 anun
744 2980 875 3053 crescimus
892 2987 976 3027 contra
994 2978 1103 3052 Pompeii
1123 2980 1233 3056 servilem
1252 2997 1303 3030 nra·

148 3056 331 3165 'twm‘
350 3046 536 3171 ‘ttffltt
552 3045 715 3157 :adbit
745 3042 1304 3180 ttdzffdbttdttutltttssttt

151 3172 259 3221 Prosilit.
423 3174 449 3219 ιἰι
469 3174 555 3234 sponda
575 3175 650 3229 cubet,
671 3188 714 3220 ex·
746 3172 789 3235 qui
804 3172 886 3220 intimo
901 3172 956 3219 loco
971 3178 1022 3219 nan
1033 3179 1082 3218 tarn
1098 3171 1167 3218 bonis
1178 3173 1304 3237 quambe-

150 3244 229 3285 trema
243 3234 300 3285 lecti
317 3244 384 3301 parte
404 3252 420 3285 a
436 3244 460 3285 ta
478 3244 569 3284 mmota
587 3238 667 3293 cubet,
684 3250 714 3284 ne
746 3235 845 3283 noiibus
865 3234 1050 3301 proscriptorum
1078 3234 1109 3282 ed
1130 3248 1156 3281 se
1176 3237 1306 3293 translatis,

152 3299 207 3347 allii
217 3299 325 3351 loetnrern
335 3302 422 3350 trabat.
745 3299 819 3347 altius
835 3299 947 3348 verticem
961 3298 1110 3355 extollerent,
1126 3299 1233 3351 οιιὶῑὶιιο
1247 3302 1306 3351 satie

746 3372 850 3412 conant.
890 3362 1016 3428 Ejusmodi
1034 3363 1107 3427 igitur
1120 3362 1241 3416 bominem
1260 3366 1305 3415 ali·

325 3429 479 3477 CARMEN
497 3429 546 3477 lv.
746 3442 828 3491 quem,
847 3427 919 3492 cujus
943 3442 1029 3476 nomen
1052 3427 1113 3477 scire
1131 3428 1192 3477 nibil
1213 3430 1306 3487 attinet,
1363 3479 1365 3484 ,

188 3490 348 3542 Acerbirainae
364 3502 436 3559 poeta
452 3492 477 3540 in
493 3492 539 3541 hoc
555 3488 660 3539 cannino
670 3488 713 3537 bo·
792 3492 853 3540 taio
865 3492 911 3540 boc
928 3492 1034 3540 carmine
1050 3500 1164 3566 unquam
1182 3494 1207 3542 in
1223 3494 1308 3544 tabula

152 3571 230 3669 lilani:
240 3553 714 3686 iddtlilihdiitqliiubdrliidmffieluidiblldd:
746 3556 878 3685 pid'ilbtiiril.
894 3554 1308 3671 ffgffitdblliiiniiogdsbtiliidi

153 3684 212 3733 tiam
230 3682 342 3733 traducit.
376 3686 440 3734 Rem
458 3684 581 3747 indignam
601 3681 672 3747 plane
690 3690 714 3731 et
747 3693 876 3741 creontem,
899 3685 995 3748 Fragm-
1022 3684 1088 3732 xxvii
1115 3684 1186 3748 (edit.
1209 3686 1306 3751 Fiscb.)

152 3748 194 3797 rix
211 3747 333 3797 serendam
351 3764 403 3799 esse
423 3748 464 3804 ait,
484 3747 549 3813 quod
571 3748 650 3802 homo,
671 3746 714 3811 qui
746 3746 1266 3815 ToupiusinEpist.Crit.p.1801nonuit.

153 3825 238 3860 savus
254 3812 311 3861 olim
327 3812 384 3862 loris
398 3827 476 3861 cesus
488 3820 512 3861 et
523 3810 637 3877 compede
646 3810 712 3859 vinc·
781 3814 854 3861 1-4.
888 3813 962 3873 Lupis
987 3821 1008 3859 et
1036 3815 1104 3877 agnis
1128 3824 1226 3875 quanto,
1250 3821 1308 3863 cett.

154 3884 194 3923 tus
206 3875 286 3932 luerit,
299 3892 365 3925 nunc
382 3876 472 3925 divitiis
487 3876 646 3942 locupletatus
664 3890 714 3922 orn·
749 3877 873 3932 Quantum
885 3876 1014 3940 lopiacum
1026 3874 1103 3937 agnis,
1119 3883 1213 3925 tantum
1229 3885 1307 3926 ιοοιιιιι

154 3955 198 3989 nes
208 3939 268 3987 alios
279 3956 326 4005 pre
336 3956 361 3990 re
369 3948 514 3995 contemnat,
523 3941 625 4005 superbo
634 3953 715 4003 gressu
749 3938 808 3987 mihi
826 3938 953 3988 intercedit
969 3938 1060 3993 odium
1081 3937 1106 3986 h.
1120 3954 1144 3987 e.
1158 3946 1186 3987 tu
1201 3939 1308 3988 omnium

154 4001 716 4071 integulaxaperriaanacramsecouspici·
749 4003 809 4051 mihi
825 4002 994 4052 infestissimus
1010 4017 1045 4049 es.
1079 4002 1119 4050 De
1132 4000 1309 4077 lupisetagnis

153 4066 245 4116 endum
255 4068 349 4125 inferat,
359 4067 508 4134 amplissima
520 4066 649 4117 latifundia
662 4080 716 4131 poe·
749 4066 797 4114 sibi
816 4067 918 4115 invicem
939 4064 1097 4113 infestissimis
1117 4066 1216 4114 Homer.
1236 4067 1309 4116 Iliad.

155 4130 241 4188 sidant,
252 4148 324 4181 curru
335 4132 430 4181 mannis
437 4132 523 4197 juncto
535 4148 577 4197 per
587 4132 651 4181 viam
663 4130 716 4194 Ap·
751 4129 809 4186 xxii,
821 4131 879 4187 263,
894 4129 955 4180 otte
970 4128 1041 4178 λύκοι
1057 4146 1082 4178 τι
1100 4130 1142 4177 cal
1159 4132 1234 4195 dpvsc
1250 4130 1308 4195 ὁμό-

153 4194 220 4260 piam
234 4196 326 4253 volitet,
337 4207 363 4245 et
375 4196 466 4245 tribuni
483 4195 585 4245 rnilitum
601 4194 717 4259 dignitate
749 4202 831 4259 ppova
847 4196 927 4258 θυμὸν
943 4194 1053 4257 ἔχουσιν,
1071 4191 1153 4242 Ἀλλὰ
1170 4196 1235 4243 rard
1250 4203 1310 4259 ppo·

154 4258 295 4323 superbiens
317 4260 394 4325 prima
415 4259 501 4309 sedilia
522 4260 548 4309 in
575 4258 718 4327 spectaculis
750 4258 833 4307 νέοισι
851 4257 982 4323 διαμπερὲς
1002 4254 1163 4315 ἀλλήλοισιν.
1215 4258 1310 4315 δοιιίιο,

153 4322 217 4371 inter
242 4324 335 4387 equites
360 4324 596 4391 occupati-Vulgo
620 4321 718 4389 quidem
750 4336 780 4371 ex
795 4322 883 4371 affectu
896 4330 921 4370 et
935 4321 1052 4369 instinctu
1067 4320 1156 4384 cuique
1170 4321 1311 4372 animalium

155 4386 202 4436 hoc
224 4402 331 4443 cannen,
352 4388 381 4436 ln
401 4390 464 4437 Sat.
485 4389 594 4443 Menum,
617 4388 719 4449 Pompeii
780 4384 1089 4435 reortemlatalemineito.
1123 4384 1310 4450 Pereunsigni·

155 4450 288 4507 Libertum,
299 4450 452 4511 inscribitur,
462 4452 504 4501 sed
515 4460 579 4501 recte
592 4452 672 4501 deleta
682 4459 719 4499 est
767 4459 849 4499 canter
859 4466 911 4516 pro,
924 4457 1013 4505 notate,
1025 4449 1077 4497 lora
1090 4448 1164 4505 enim,
1175 4448 1234 4497 dum
1244 4459 1313 4515 terga

155 4514 209 4563 hae
219 4515 344 4581 inscriptio
354 4516 386 4564 ab
398 4515 566 4581 interpretibus
580 4514 715 4565 recentiori·
750 4522 843 4572 notant,
855 4515 957 4578 graviter
970 4513 1054 4563 eadem
1065 4512 1137 4561 simul
1149 4522 1237 4575 umnt;
1254 4514 1312 4564 hinc
