3150 5200
201 408 209 427 ,
293 352 359 417 360
711 342 1035 412 SATIRARUM

380 501 497 566 Millia.
543 500 602 565 Me
618 500 758 584 pedibus
775 499 915 564 delectat
931 500 1083 565 claudere
1099 501 1197 563 verba

382 603 490 669 Lucili
504 604 579 680 ritu,
596 613 743 666 nostrum
756 601 898 665 melioris
913 612 1065 685 utroque.

316 708 359 769 30
380 706 438 769 llle
454 705 542 769 velut
556 704 632 767 fidis
648 724 766 767 arcana
781 702 948 766 sodalibus
963 702 1039 767 olim

383 806 548 870 Credebat
562 805 653 868 libris
666 831 674 881 ;
698 828 815 889 neque,
833 805 956 868 simale
972 814 1127 877 cesserat,
1143 824 1285 885 unquam

381 907 569 971 Decurrens
586 907 659 983 alio,
675 929 780 989 neque
796 907 941 969 sibene:
971 928 1035 989 quo
1050 905 1100 980 fit,
1116 914 1153 967 ut
1168 906 1270 967 omnis

380 1007 501 1071 Votiva
516 1018 627 1091 pateat
642 1009 740 1072 veluti
756 1008 922 1090 descripta
939 1006 1059 1069 tabella

382 1108 461 1171 Vita
476 1111 571 1173 senis.
619 1111 747 1193 Sequor
762 1110 860 1184 hunc,
877 1107 1031 1172 Lucanus
1046 1128 1088 1169 an
1104 1103 1269 1189 Appulus,
1284 1128 1427 1192 anceps:

317 1210 361 1273 35
382 1209 470 1272 Nam
485 1209 674 1274 Venusinus
690 1220 761 1274 arat
775 1210 873 1272 finem
889 1211 950 1271 sub
965 1219 1139 1290 utrumque
1153 1206 1299 1283 colonus,

384 1311 509 1374 Missus
524 1311 567 1374 ad
582 1311 655 1388 hoc,
672 1312 774 1395 pulsis
791 1312 896 1393 (vetus
912 1321 963 1373 est
976 1320 1013 1373 ut
1028 1309 1125 1392 fama)
1140 1308 1292 1384 Sabellis,

384 1412 461 1484 Quo
476 1435 516 1476 ne
532 1433 742 1496 pervacuum
758 1412 909 1475 Romano
922 1412 1102 1474 incurreret
1115 1409 1238 1485 hostis,

298 1592 364 1633 ratur
376 1582 567 1647 Augustuscum
583 1598 645 1647 equo
663 1598 784 1646 generoso,
803 1579 855 1646 qui,
889 1582 975 1631 Cicero
996 1580 1030 1631 ait
1047 1583 1103 1647 (pro
1122 1581 1219 1629 Muren.
1238 1580 1318 1642 ae),
1337 1582 1453 1629 uenimus

298 1662 312 1695 a
332 1647 426 1695 nemine
442 1646 486 1694 sibi
507 1646 601 1703 timens,
619 1648 639 1695 si
656 1648 710 1711 quis
725 1647 747 1696 ei
764 1645 855 1709 (mate)
881 1648 937 1711 sere
947 1649 1034 1695 saltora
1044 1650 1151 1702 sobrium,
1162 1644 1272 1710 exemplo
1282 1659 1327 1692 suo
1338 1658 1452 1708 compro·

298 1711 431 1776 importuno
453 1720 559 1775 tempore
579 1711 716 1759 blandiatur
736 1709 856 1775 palpando
889 1710 963 1759 bavit.
1004 1710 1161 1772 Nemesaeque
1183 1710 1292 1765 lucernis,
1313 1707 1372 1772 quia
1389 1708 1453 1756 ebrii

297 1775 335 1823 vel
347 1774 484 1831 mulcendo,
496 1774 636 1823 recalcitrat.
670 1776 741 1824 Hanc
761 1789 856 1840 compa·
889 1775 1011 1836 geminum
1029 1774 1179 1821 lucernarum
1199 1788 1325 1821 numerum
1346 1772 1394 1819 sibi
1412 1771 1452 1819 ri·

297 1838 413 1887 rationem
425 1838 576 1887 lleindorfius
585 1838 670 1886 durum
678 1847 703 1888 et
711 1838 858 1887 inhonestam
890 1838 947 1887 dere
964 1838 1082 1893 videntur,
1094 1837 1198 1885 suaviter
1216 1836 1319 1884 lucernis
1335 1850 1453 1884 numerus

298 1902 412 1967 appellat.
445 1902 481 1951 At
488 1902 541 1966 jam
553 1904 678 1965 Augustus
696 1908 750 1951 non'
761 1902 786 1950 in
804 1901 858 1949 uni·
891 1902 1004 1951 accedere
1019 1902 1115 1950 dicitur.
1148 1900 1264 1949 Juvenal.
1273 1899 1306 1957 vi,
1318 1901 1377 1955 ³04,
1390 1900 1451 1947 Cara

298 1981 394 2014 versum
411 1974 562 2031 comparatur
579 1981 634 2014 cum
654 1982 725 2030 equo,
744 1966 785 2015 scd
803 1981 859 2013 cum
891 1968 979 2014 bibitur
995 1967 1087 2022 conabo,
1099 1982 1151 2012 cum
1160 1968 1215 2027 jam
1229 1967 1345 2026 vertigine
1364 1974 1452 2011 tecture

298 2045 327 2079 aa
343 2038 435 2078 tantum
456 2030 563 2093 generosi
579 2029 635 2094 equi
655 2028 744 2087 indole,
765 2044 815 2094 qua
833 2044 859 2077 se
891 2031 1010 2085 ambulat,
1021 2039 1043 2077 et
1053 2031 1150 2093 genuistis
1165 2030 1268 2090 essurgit
1282 2044 1360 2075 meuse
1372 2030 1451 2075 lucer·

299 2110 347 2143 non
368 2094 467 2143 mulceri
489 2093 577 2160 patitur
592 2092 727 2158 importuno
745 2102 859 2157 ternpore.
891 2097 938 2142 nis.
964 2095 996 2142 Et
1008 2092 1043 2141 sic
1055 2092 1157 2141 Ovidius
1167 2092 1193 2139 in
1204 2093 1260 2139 Art.
1272 2092 1331 2139 Am.
1341 2090 1376 2148 iii,
1390 2092 1450 2147 764,

299 2158 341 2206 Sic
354 2158 418 2223 apud
435 2158 564 2207 Homerum
583 2156 656 2205 Iliad.
669 2157 769 2214 xi,557,
784 2158 858 2221 Ajax,
892 2160 946 2205 bina
968 2160 1052 2205 sidere.
1090 2157 1171 2204 castor
1190 2158 1278 2219 gaudet
1294 2158 1374 2218 equis.-
1395 2154 1451 2205 vide

298 2221 764 2286 sponnaubicaediindutserat,leno
776 2237 858 2284 gressu
890 2236 944 2286 sup.
956 2221 1005 2269 Od.
1021 2221 1038 2275 i,
1054 2222 1091 2275 12,
1103 2222 1145 2274 25,
1156 2221 1198 2274 26,
1211 2220 1296 2267 Dicam
1306 2231 1329 2268 et
1340 2221 1449 2274 Alcides,
1509 2237 1514 2245 ¹

299 2262 421 2343 recedens,
445 2302 492 2334 non
513 2287 538 2334 in
561 2286 696 2334 universum
717 2300 771 2333 cum
791 2285 858 2334 asino
888 2301 1012 2348 puerosque
1024 2284 1099 2340 Leda,
1120 2284 1191 2331 Hunc
1209 2286 1281 2346 equis,
1298 2285 1368 2330 illusi
1382 2299 1450 2345 sape·

299 2359 457 2414 comparatur,
470 2350 511 2397 sed
521 2349 613 2413 egregie
622 2348 652 2397 ad
664 2365 711 2397 rem
721 2364 775 2396 cum
786 2349 856 2404 asini,
889 2365 944 2395 rara
953 2352 1048 2412 pugnis,
1063 2348 1174 2395 Nobilem.
1197 2348 1259 2400 Quot
1269 2350 1380 2409 capitum,
1394 2354 1451 2395 cett.

299 2428 313 2460 s
336 2422 424 2474 segete,
447 2413 487 2461 cui
509 2411 666 2478 depascenda
689 2411 809 2477 indulget,
831 2428 857 2461 se
890 2420 972 2460 notum
990 2422 1026 2460 est
1045 2410 1106 2460 illud
1123 2410 1228 2459 Terentii
1249 2411 1362 2474 (Pharna.
1376 2410 1404 2467 ii,
1425 2414 1451 2467 4,

299 2490 359 2547 ⁸²:3¹?
375 2475 458 2549 repelli
475 2475 595 2549 patientis,
608 2476 727 2549 tarditate.
742 2540 747 2549 Ι
760 2478 791 2524 In
800 2476 854 2541 plu·
889 2476 942 2538 14),
950 2486 1004 2539 quot
1012 2478 1118 2533 bomiscos,
1129 2485 1162 2523 tot
1168 2477 1452 2549 numptirnsuuscuique

299 2554 447 2659 utut?
457 2542 858 2660 t⁰ttttttlttt¹2ltttt
886 2539 1345 2670 ffl2;·.·ltt¹.⁰.2·..tlt⁸.⁵i.¹.sst..3.²l
1357 2540 1451 2667 ..iu

299 2666 332 2713 rei
344 2675 486 2731 comparatae
499 2682 561 2730 pars,
577 2675 650 2730 quarn
666 2669 741 2717 solam
755 2670 860 2733 respexit
891 2624 992 2716 l'edibus
1003 2670 1110 2716 claudere
1120 2669 1201 2716 serbo:
1214 2666 1449 2730 sicsup.Sat.i,10,

300 2729 401 2804 quisque
421 2739 499 2794 poeta,
518 2731 648 2804 spectanda
665 2740 708 2779 cat.
742 2731 783 2780 Ad
794 2731 859 2796 quod
891 2733 1037 2792 59,pedibus
1051 2734 1109 2780 senis
1127 2734 1243 2780 claudere.
1274 2731 1385 2777 n-'oeuom
1400 2747 1450 2778 me.

298 2808 319 2840 si
331 2808 436 2840 animum
448 2793 604 2842 advertissent
612 2793 759 2859 interpretes,
771 2796 858 2843 tectius
890 2799 1068 2868 liorisutroqae,
1081 2795 1204 2843 nobilioris
1217 2803 1243 2842 ut
1284 2809 1315 2842 ue
1328 2803 1451 2844 nostrum.

298 2872 362 2922 saepe
373 2857 402 2905 de
413 2858 629 2921 comparationibus
644 2873 658 2906 a
673 2859 749 2923 poetis
763 2858 858 2907 institu—
892 2859 985 2918 Quodsi
998 2859 1078 2923 igitur,
1089 2859 1205 2907 Horatius
1213 2860 1263 2907 vult
1289 2857 1361 2912 icere,
1373 2857 1449 2907 Luci-

299 2920 589 2984 tisjudicaturiloissent.
623 2922 721 2978 Confer,
733 2938 788 2986 que
799 2924 856 2971 olim
888 2924 947 2972 lium
960 2939 1007 2971 non
1024 2924 1109 2988 puduit
1125 2922 1209 2970 satiram
1226 2922 1449 2980 scribere,curme,

299 2986 323 3033 in
344 2985 404 3034 hanc
428 3001 475 3034 rem
496 2985 629 3034 notavimus
648 2985 678 3032 ad
698 2985 788 3034 Catull.
808 2986 856 3043 lxv,
889 2988 932 3050 qui
950 2988 1019 3036 homo
1035 3003 1089 3034 sum
1105 2986 1226 3050 ignobilis,
1240 3001 1294 3041 nec,
1307 2995 1386 3034 utrum
1398 2987 1449 3034 Lu·

303 3051 332 3098 19
344 3065 400 3116 sqq.
888 3049 1450 3116 canus,anAppulusdicendussirn,satisscio‚

331 3116 372 3162 21.
393 3115 450 3170 Hoc,
464 3130 548 3179 nempe
560 3113 663 3164 Caesaris
674 3112 756 3162 invicti
773 3113 856 3160 resdi·
890 3115 963 3226 boppo
981 3115 1013 3164 rei
1031 3115 1136 3180 pudeatl
1169 3115 1208 3162 De
1221 3114 1310 3162 Lucilii
1326 3113 1452 3162 nobilitate

300 3193 361 3227 cere.
407 3179 479 3226 Tristi
502 3176 695 3239 (contumelioso,
717 3186 741 3224 et
761 3176 859 3242 proinde
891 3181 922 3226 Sc
939 3181 973 3227 ol.
993 3180 1068 3242 Cruq.
1085 3177 1116 3226 ad
1134 3179 1197 3226 hunc
1218 3178 1299 3226 locum
1316 3178 1452 3226 observarit

300 3245 374 3290 tristes
391 3245 448 3297 iras,
462 3257 516 3306 sup.
536 3240 583 3288 Od.
603 3241 620 3298 i,
636 3242 675 3297 16,
687 3242 712 3296 9,
725 3241 857 3303 excitante)
890 3243 961 3292 hac:
979 3246 1019 3304 qui
1029 3245 1169 3308 meliorsuit
1178 3253 1201 3290 et
1212 3259 1254 3299 me,
1267 3251 1289 3289 et
1302 3252 1333 3297 te,
1346 3241 1450 3299 Trebati,

300 3307 378 3354 ledere
389 3321 464 3359 vura,
478 3313 504 3352 ut
514 3304 562 3352 fere
576 3304 618 3352 inl.
631 3307 689 3351 atris
700 3307 800 3352 uersibm
812 3307 857 3352 ali·
890 3324 958 3355 reum
974 3307 1040 3370 (ipse
1059 3307 1172 3354 Horatius
1189 3304 1232 3354 inl.
1252 3322 1275 3353 u.
1292 3305 1334 3361 75,
1345 3322 1368 3353 se
1383 3309 1408 3353 in
1422 3324 1451 3352 ra

298 3385 363 3430 quem
381 3369 488 3424 oblinere,
505 3383 555 3432 pro,
572 3368 622 3416 sale
639 3367 733 3416 satirico
752 3368 856 3432 aliquem
889 3372 978 3418 Lucilii
990 3387 1079 3418 censum
1091 3371 1366 3429 avenionensibus.
1412 3373 1450 3417 ait

299 3430 435 3495 perfricare.
888 3437 948 3482 enim
970 3437 1008 3482 oir
1033 3437 1103 3481 bouus
1128 3443 1150 3480 et
1171 3437 1236 3480 ualde
1258 3436 1350 3490 nobilis,
1373 3443 1451 3494 utpote

331 3497 373 3541 22.
393 3495 544 3542 Pantolabum
553 3513 665 3554 scurram,
678 3497 857 3545 ll'omentanum·
893 3499 978 3562 Magni
989 3497 1091 3560 Pompeii
1100 3514 1166 3546 anus.
1199 3498 1270 3545 Hanc
1280 3497 1372 3546 Lucilii
1381 3496 1450 3545 nobi·

299 3575 355 3621 que:
373 3556 404 3606 cl.
416 3573 470 3622 sup.
484 3561 533 3610 Sat.
547 3561 564 3616 i,
576 3562 600 3616 8,
616 3562 652 3608 ll.
892 3561 982 3610 litatem
994 3563 1117 3610 confirmat
1129 3562 1190 3609 alius
1206 3575 1304 3625 quoque
1313 3561 1395 3610 Sebol.
1407 3561 1452 3610 inf.

331 3623 372 3670 23.
386 3621 498 3680 intactus,
509 3623 615 3673 nondum
627 3624 686 3672 tristi
697 3640 765 3672 versu
777 3625 858 3674 laesus.
892 3626 922 3673 ad
934 3642 958 3672 v.
972 3627 1013 3680 75,
1031 3625 1075 3673 sed
1092 3625 1121 3680 is,
1136 3625 1226 3673 docens
1243 3624 1333 3674 Lucilii
1348 3641 1453 3674 sororem

300 3685 364 3739 Odit,
388 3684 480 3735 scilicet
500 3703 581 3736 versus
603 3689 681 3737 tristes
705 3688 856 3754 tristiumque
888 3689 966 3738 aviam
974 3688 1084 3754 Pompeii
1092 3689 1173 3746 tuisse,
1183 3688 1305 3737 Lucilium
1314 3704 1364 3736 non
1372 3707 1451 3747 wass,

298 3764 409 3796 versuum
421 3758 538 3799 auctores.
888 3754 930 3801 sed
953 3757 1058 3816 maJ'orem
1081 3755 1222 3800 nouaculam
1244 3753 1355 3816 Pompeii
1377 3753 1451 3802 subse

331 3813 437 3862 24-29.
456 3815 518 3868 Quid
522 3817 632 3878 jacium?
648 3815 705 3881 quid
721 3831 765 3878 ego
781 3817 856 3874 aliud,
889 3816 1008 3865 ostendit:
1027 3817 1060 3864 cl.
1073 3816 1139 3864 Vell.
1151 3818 1245 3865 Patere.
1256 3815 1282 3870 ii,
1292 3818 1335 3864 29.

299 3891 371 3940 quam
391 3893 479 3932 versus,
499 3880 604 3928 saciant
638 3882 704 3940 Quot
721 3880 784 3928 enim
801 3890 858 3929 sunt
922 3882 1028 3928 31-33.
1048 3881 1135 3943 Neque,
1153 3884 1173 3928 si
1189 3882 1248 3928 mole
1267 3892 1373 3934 moeret,
1391 3886 1451 3927 cett.

299 3941 414 3996 homines,
433 3941 530 3992 totidem
550 3959 592 3992 sua
612 3944 715 4008 quisque
736 3952 856 3994 sectantur
889 3960 975 4009 neque,
1010 3944 1060 3992 sive
1099 3944 1158 4008 quid
1197 3943 1267 4001 male,
1305 3944 1354 3993 sive
1391 3943 1452 4007 quid

298 4005 387 4054 studia.
413 4005 530 4054 Milonius
541 4007 676 4064 saltatione,
686 4009 771 4056 Castor
781 4023 854 4072 equo·
888 4009 949 4056 bene
973 4008 995 4057 ei
1017 4016 1127 4062 cesserat,
1150 4023 1253 4071 usquam
1277 4009 1333 4063 alio,
1351 4006 1399 4056 nisi
1421 4007 1453 4055 ad

299 4084 351 4118 rum
362 4069 533 4121 domandorum
545 4072 632 4126 studio,
645 4072 733 4119 Pollux
745 4074 856 4137 pugilatu
888 4071 948 4120 fidos
975 4087 1032 4120 suos
1059 4072 1162 4126 sodales.
1191 4072 1222 4120 ed
1252 4071 1334 4128 libros,
1361 4070 1452 4134 quibus

298 4135 418 4196 gaudent,
435 4149 489 4196 ego,
507 4144 534 4181 ut
549 4136 666 4191 Lucilius,
682 4136 787 4185 delector
798 4139 855 4186 scri-
889 4135 914 4184 id
934 4136 1065 4194 mandaret,
1084 4135 1235 4184 decunebat.
1277 4135 1388 4184 Lucilius
1404 4135 1452 4183 sci·

298 4198 383 4246 bandis
395 4197 482 4245 satiris.
519 4199 647 4248 Milonius:
665 4199 745 4247 schol.
759 4201 856 4264 Porph„
890 4200 948 4249 licet
968 4211 1015 4250 tam
1041 4201 1096 4249 laeta
1120 4215 1193 4263 quam
1213 4199 1298 4256 tristia,
1315 4209 1364 4248 tam
1387 4209 1452 4249 recte

300 4263 412 4310 billonius
424 4279 504 4309 scurra
514 4265 605 4310 illorum
617 4274 749 4325 serapoeum,
759 4269 859 4327 quicum
891 4280 963 4328 quam
981 4266 1061 4312 minus
1081 4273 1144 4312 recte
1164 4263 1236 4318 lacta,
1256 4272 1305 4311 tam
1327 4263 1452 4312 laudanda

297 4328 363 4374 semel
375 4329 450 4374 ebrius
461 4335 524 4379 esset,
534 4329 612 4374 statim
622 4329 707 4374 saltare
721 4331 855 4390 incipiebat.
888 4344 959 4392 quam
971 4328 1099 4392 carpenda,
1111 4327 1238 4401 diligenter
1250 4328 1365 4384 notabat,
1385 4327 1452 4377 unde

302 4391 418 4463 lltmmqt,
431 4389 539 4446 simulac,
558 4400 699 4464 postquamj
719 4393 771 4447 iata,
789 4393 854 4447 vino,
887 4392 940 4466 ejus
957 4393 1004 4441 vita
1023 4400 1139 4466 tanquam
1157 4408 1183 4440 in
1203 4393 1284 4440 tabula
1307 4391 1388 4440 vatim
1407 4392 1451 4440 de-

298 4455 854 4584 tlt?”titttlttdtfftttlustu
887 4455 1452 4588 tttblttlalt.i‘sstttutlltlt:
