3150 5200
551 351 717 416 LIBER
740 351 803 427 111,
829 353 859 416 5.

345 506 421 571 Hoc
435 515 567 570 caverat
580 527 671 570 mens
686 505 823 589 provida
839 503 972 588 Reguli,

345 607 580 673 Dissenticntis
595 607 837 672 conditionibus

286 713 324 774 15
388 709 515 785 Foedis,
530 720 565 774 ct
578 708 728 793 exemplo
743 708 886 774 trahenti

432 811 616 877 Pemiciem
629 812 762 876 veniens
777 813 811 874 iii
826 833 941 888 avum,

348 914 385 978 Si
399 936 466 978 nori
479 914 604 998 periret
619 912 856 977 immiserabilis

349 1016 488 1100 Captiva
501 1017 619 1099 pubes.
664 1015 767 1099 Signa
780 1036 844 1099 ego
860 1015 992 1080 Punicis

389 1116 516 1184 Adfixa
530 1117 687 1197 delubris,
701 1127 736 1181 ct
750 1139 841 1182 aima

284 1221 327 1284 20
435 1219 600 1285 Militibus
616 1221 686 1285 sine
701 1219 803 1296 coedc,
821 1219 915 1298 dixit,

349 1321 499 1406 Dercpta
513 1322 598 1385 vidi:
622 1321 689 1385 vidi
702 1343 767 1405 ego
781 1323 900 1386 civium

350 1423 493 1488 Retorta
507 1435 601 1510 tergo
615 1423 752 1488 brechia
763 1423 884 1488 libero:

120 1639 241 1696 finxerat,
262 1637 317 1688 ideo
338 1654 353 1687 s
375 1639 494 1689 Romanis
520 1638 696 1702 religiosissime
727 1639 942 1713 vimpemiciosem
953 1641 1016 1706 apud
1028 1651 1135 1706 posteros
1145 1641 1289 1702 habiturum,

119 1704 401 1762 cultumessecoustet,
413 1704 486 1770 qnod,
500 1703 695 1761 ubiilludessct,
727 1704 1063 1769 rejiciendasessecensebtit.
1096 1707 1186 1756 Fudit:
1200 1710 1290 1774 requio·

120 1769 159 1815 ihi
172 1783 274 1816 summe
283 1767 375 1834 imperii
386 1769 436 1820 tore
449 1769 586 1834 putabutur.
621 1769 697 1882 Tri&
728 1784 871 1834 resqnoque
880 1767 934 1817 illas
942 1768 1098 1828 conditiones,
1108 1771 1206 1846 qnasde
1215 1774 1291 1840 capti·

120 1847 207 1895 quain
225 1842 298 1882 antee
313 1843 342 1881 ut
357 1835 495 1890 Romanus,
510 1841 627 1896 tanquam
729 1833 766 1880 vis
779 1835 817 1882 vel
831 1834 1007 1884 commutandis
1021 1832 1058 1882 iel
1074 1835 1217 1885 redimendis
1231 1839 1291 1888 Car·

121 1913 213 1945 menie
245 1897 251 1907 '
286 1897 351 1946 itatis
365 1907 390 1947 et
402 1897 519 1946 libertatis
532 1897 697 1962 insigneges·
729 1897 915 1962 thaginiensium
928 1897 1291 1966 nominenuncterebstltegu·

123 1969 207 2010 serat.
265 1963 365 2010 seclusit
389 1963 455 2019 Jooe,
477 1972 501 2010 et
523 1965 579 2010 urbs
602 1963 699 2010 Rosia?
729 1962 776 2019 lus,
798 1962 851 2012 ideo
869 1971 939 2012 vocat
950 1963 1039 2028 fndas,
1057 1963 1122 2028 quod
1138 1980 1230 2024 omnes,
1267 1967 1292 2016 iii

122 2025 256 2098 precipue
264 2041 320 2074 cum
331 2028 377 2101 sub
387 2028 457 2077 Jovis
466 2026 542 2076 tutele
551 2026 699 2092 Capitolium
731 2042 781 2100 iion
797 2035 897 2102 mortem
909 2027 1041 2139 captivitati
1056 2029 1209 2102 praetulerint,
1221 1983 1292 2080 toelae

124 2099 151 2139 et
168 2091 231 2138 urbs
245 2091 409 2140 incolumitate
430 2106 475 2140 siis
490 2090 570 2139 mine
587 2091 698 2165 gsudeet.
731 2107 738 2138 i
773 2106 834 2140 avia
845 2091 933 2140 milites
961 2091 1293 2166 abet,etproindequesque

126 2155 182 2203 Per
193 2155 272 2203 Jooeu
279 2155 420 2219 desigumur
429 2155 526 2229 Jupiter
536 2156 698 2220 Cepitohuus,
747 2171 761 2204 e
781 2155 819 2204 his
842 2156 988 2206 redimendis
1006 2155 1068 2204 latas
1090 2156 1245 2216 conditiones,
1267 2169 1294 2208 ιιι

125 2227 153 2267 et
162 2219 189 2266 is
200 2234 244 2284 pro
254 2219 307 2285 ipso
320 2221 434 2283 Capitolio
442 2220 522 2268 dictus
531 2228 576 2267 est.
731 2235 780 2268 reni
799 2219 888 2269 loednm
906 2229 930 2270 et
947 2219 1043 2284 pessimi
1059 2221 1172 2296 exempli,¹
1187 2222 1294 2273 damnet.

164 2285 274 2360 lfi—lti.
293 2284 344 2333 Hae
358 2294 450 2334 emat
463 2301 525 2332 inens
539 2287 635 2358 prouida
651 2285 697 2359 Re:
731 2283 779 2332 Sed
792 2300 827 2358 ¹ne
842 2284 901 2333 forte
913 2284 1035 2349 Regulum
1048 2285 1119 2334 indie
1134 2295 1205 2334 istius
1218 2287 1294 2362 cepti·

123 2349 196 2460 {ula
216 2359 275 2397 cett.
308 2349 399 2398 Sensus
420 2357 445 2398 et
463 2364 556 2398 nesus:
580 2348 699 2413 ejusmodi
730 2356 820 2404 vitatis,
840 2347 936 2462 dmm
956 2364 1032 2398 serino
1047 2358 1092 2406 est,
1112 2358 1244 2400 consortem
1261 2361 1295 2400 its

144 2411 239 2461 edecus
261 2413 344 2476 (hoo),
366 2412 431 2478 quod
449 2429 504 2462 nem
552 2412 656 2461 reductu
673 2413 698 2461 in
732 2412 857 2477 loquiets
905 2429 944 2464 eie
955 2413 1053 2472 mireris,
1063 2414 1211 2480 imperatoris
1220 2415 1294 2464 tortu·

126 2478 238 2541 patrium
252 2476 348 2541 ignavis
361 2478 478 2527 militibus
489 2428 630 2534 admittitur,
643 2494 699 2543 prii·
732 2493 789 2526 nam
810 2493 858 2526 non
876 2495 890 2527 a
907 2478 958 2528 solu
977 2477 1062 2542 ipsius,
1080 2478 1122 2528 sed
1140 2495 1155 2528 a
1173 2481 1295 2530 communi

128 2541 219 2591 denter
234 2541 293 2590 olim
309 2552 427 2592 evenerat
439 2542 559 2607 Regulus,
570 2541 629 2591 dum
644 2559 672 2592 ca
733 2543 835 2591 militum
846 2541 932 2592 virtute
950 2542 1062 2609 pendere,
1074 2543 1162 2609 cogite.
1196 2545 1295 2594 Namsi

128 2607 197 2655 tivos
213 2608 280 2657 neuti
299 2624 354 2657 uem
371 2608 397 2656 in
411 2608 493 2675 patriae
509 2608 624 2656 damnum
681 2608 701 2655 i·
733 2607 886 2657 fortissimum
900 2609 986 2658 ducein
1003 2608 1128 2675 Regulum
1144 2611 1220 2660 secuti
1235 2610 1294 2659 iuis-

122 2671 242 2729 menslos,
259 2625 302 2722 sed
320 2674 372 2721 sinc
388 2672 454 2722 omni
471 2672 620 2721 miseratione
638 2673 701 2721 hosti
732 2682 786 2721 sent
798 2673 894 2729 milites,
906 2672 960 2738 quis
973 2689 1029 2723 euni
1045 2690 1093 2723 non
1110 2690 1159 2723 iiiia
1174 2690 1229 2723 cuin
1245 2674 1295 2723 illis

130 2736 307 2801 relinquendos
326 2753 379 2787 esee
396 2737 500 2786 censuit.
534 2737 598 2785 Rem
620 2746 700 2786 noum
732 2736 759 2785 in
774 2736 853 2786 medis
870 2738 974 2787 hostium
990 2738 1086 2801 agmina
1102 2738 1254 2804 irruptumm,
1272 2749 1297 2789 et

129 2800 164 2850 de
175 2801 275 2864 Regulo
287 2801 342 2851 Cic.
354 2803 427 2851 Offic.
435 2801 452 2857 i,
466 2804 497 2851 1³
507 2802 609 2851 breviter
620 2811 700 2851 narret
731 2801 855 2851 honestam
870 2819 912 2867 pio
929 2802 1007 2868 patrie
1023 2813 1120 2853 mortem
1137 2803 1208 2867 longe
1224 2804 1295 2854 toede

128 2865 187 2913 sic:
206 2866 314 2929 ltegutus
325 2868 400 2929 prisia
409 2868 467 2915 teilo
482 2866 572 2923 Punica
588 2876 669 2929 eaptus
684 2884 700 2914 a
730 2866 864 2932 captivitati
882 2866 1069 2933 antepositumm
1089 2866 1163 2917 fuisse
1181 2868 1226 2917 sibi
1247 2884 1295 2917 non

130 2930 423 2993 Poeaiscusidecuptivis
432 2932 596 2979 commutandis
604 2930 698 2979 Roaiam
731 2930 889 2995 poenitent
923 2933 948 2979 Si
965 2948 1010 2979 aaa
1024 2935 1121 2993 periret,
1136 2932 1157 2979 si
1171 2932 1296 2983 redimere·

129 2997 216 3043 misem
226 3007 291 3052 esset,
294 2998 632 3058 jaramiqroeurediiamm
647 2997 698 3057 pri·
732 3003 787 3054 tur;
810 3012 854 3045 nec
873 2994 951 3060 potius
969 2997 1065 3057 periret,
1088 2995 1114 3045 h.
1131 3011 1154 3045 e.
1174 2997 1296 3062 repudiate

129 3077 198 3107 mum
207 3069 236 3107 ut
247 3063 319 3117 seuit,
329 3062 429 3121 captiuas
441 3062 567 3108 reddendos
577 3062 603 3107 ia
613 3060 700 3108 Senatu
731 3075 813 3108 eorum
830 3059 974 3109 redemtione
992 3058 1096 3107 bostium
1113 3059 1208 3109 arbitrio
1225 3060 1296 3109 iclin-

131 3140 181 3171 iica
192 3128 298 3182 cerisui't‚·
315 3126 397 3172 deiude
407 3141 460 3171 mira
470 3127 611 3173 retineretur
620 3142 635 3171 a
646 3141 699 3186 pro·
731 3134 851 3188 queretur.

128 3190 229 3250 pinquis
240 3200 262 3237 et
273 3192 362 3243 amicis,
374 3190 404 3236 od
414 3190 553 3251 supplicium
563 3191 640 3236 redire
651 3206 699 3235 ma-
767 3190 872 3239 18-24.
889 3188 962 3251 Sigae
976 3196 998 3235 et
1009 3204 1073 3235 anau
1087 3187 1163 3249 ailfiia
1178 3190 1280 3237 delubris
1288 3208 1296 3249 ,-

132 3254 193 3308 luit,
204 3254 351 3315 qrmmfiderii
363 3254 421 3301 hosti
431 3253 610 3317 datnmfnttere.
629 3252 702 3310 Quod
734 3263 825 3303 veteres
839 3253 913 3307 enim,
924 3261 950 3301 ut
962 3251 1020 3299 satis
1037 3258 1139 3307 constet,
1151 3251 1228 3317 spolia
1241 3253 1296 3301 hos·

131 3316 169 3364 ad
177 3316 380 3381 compontioiiem
388 3317 535 3382 captivorum
544 3332 609 3365 nunc
618 3325 702 3381 sponte
733 3317 794 3366 tium
806 3328 832 3367 ut
843 3316 997 3382 ἀναθήματα
1009 3316 1034 3365 iii
1045 3316 1186 3380 templorum
1198 3318 1298 3393 fastigiis

132 3396 150 3428 a
175 3380 284 3429 Phraate
302 3382 460 3438 remissorum,
480 3398 536 3430 cum
553 3380 584 3429 iis
601 3396 703 3445 quorum
734 3383 879 3447 suspendere
895 3382 1011 3430 solebant.
1043 3382 1097 3428 Sine
1111 3384 1178 3439 cede,
1195 3392 1298 3446 graviter

133 3443 180 3492 vel
206 3446 426 3495 commutandorum
448 3445 486 3494 vel
510 3445 702 3495 redimendorum
734 3446 765 3496 de
781 3447 899 3495 militibus
915 3445 1016 3510 ignavis,
1029 3446 1072 3510 qui
1088 3460 1132 3497 nec
1147 3447 1296 3497 hesternae-

133 3522 217 3557 caiisa
229 3508 355 3559 Romame
364 3509 603 3574 Carthaginiensibus
616 3510 704 3559 missus
735 3510 804 3568 dunt,
817 3528 860 3560 ner
876 3512 907 3559 ab
921 3526 950 3559 eo
964 3510 1097 3566 credamur,
1110 3511 1152 3561 sed
1168 3512 1220 3561 sine
1232 3512 1298 3562 cede

133 3572 221 3621 suerat
236 3573 352 3637 Regulus,
368 3576 454 3624 attinet
462 3594 470 3635 5
488 3575 534 3624 tuit
544 3574 641 3639 quidem
656 3591 704 3623 non
735 3577 816 3625 statim
832 3576 893 3625 hosti
908 3590 933 3625 so
948 3574 1048 3623 dedunt.
1081 3576 1172 3625 Civium
1188 3586 1251 3640 tergo
1266 3580 1296 3627 li-

134 3652 191 3685 una
207 3636 337 3702 eademque
356 3649 511 3704 utrommque
529 3637 643 3695 conditio,
662 3639 703 3687 sed
736 3642 795 3697 bera,
807 3657 848 3706 pro
860 3640 900 3689 viil
918 3640 962 3695 ari,
974 3648 1040 3703 tergo
1053 3638 1179 3690 liberorum
1192 3640 1296 3690 civium:

134 3717 190 3751 iiiia
204 3702 338 3767 eademque
351 3720 496 3768 csusa,qua
508 3702 704 3769 justamutiique
736 3706 892 3768 quodantem
931 3704 1152 3769 egulusselibeios
1167 3706 1233 3755 cives
1245 3706 1297 3754 Ro·

134 3775 223 3814 contre
234 3782 261 3816 se
271 3778 393 3818 moverant
403 3768 600 3842 indignationem.
617 3768 704 3817 Neutri
736 3785 820 3819 menos
831 3770 942 3819 manibus
953 3770 978 3817 iii
989 3778 1079 3831 tergum
1091 3770 1202 3821 revinctis
1211 3770 1298 3821 vidisse

134 3830 204 3879 enim
219 3842 247 3879 ut
261 3832 371 3883 homines
384 3834 464 3897 ignavi
476 3841 568 3898 turpem
578 3832 704 3897 captivita-
736 3834 778 3891 eit,
788 3834 813 3884 id
825 3852 882 3884 cum
890 3832 1154 3883 contumeliosissimum
1165 3835 1297 3892 baheietur,

134 3907 188 3943 tem
214 3895 321 3946 honesta
346 3896 425 3955 morti,
448 3896 490 3947 scd
515 3906 543 3945 ut
563 3897 608 3945 viri
633 3897 704 3946 fortes
736 3898 1223 3949 sdRomanarumanimoseiiecerbendos
1231 3914 1297 3962 egre-

134 3960 265 4008 bonestam
275 3970 412 4011 mortemtu
441 3961 487 4010 ica
503 3961 703 4036 tivitatipiaeierre
735 3962 775 4026 gie
794 3962 999 4013 accommodatum
1021 3969 1067 4009 est.
1110 3962 1234 4023 Parcasque
1254 3980 1299 4009 aaa

134 4024 283 4098 debuerant
314 4027 417 4082 Hae,ne
445 3978 703 4082 eederetscilicetne
734 4030 853 4083 ciriaca
869 4026 995 4099 areperti:
1012 4025 1135 4099 vulgarem
1147 4023 1298 4081 secundarii,

134 4087 260 4162 pudenda
276 4090 380 4155 ignauia
397 4091 484 4139 milites
500 4091 668 4141 reducerentur
678 4089 703 4137 iu
737 4099 788 4139 “et
805 4090 1023 4165 Carthaginienses,
1038 4088 1099 4162 nibil
1117 4090 1240 4175 Romenps
1256 4104 1298 4137 cu-

133 4162 268 4265 &tili
286 4155 582 4286 tatwttiltttit
600 4155 705 4294 itit?
737 4160 1221 4280 tbttittlttittttttttti
1235 4162 1300 4266 ,itt

133 4298 213 4347 quam
226 4283 361 4347 perniciosa
375 4284 455 4333 sutura
469 4283 501 4333 sit
516 4284 549 4333 rei
567 4284 655 4333 ublicic
670 4300 705 4347 ig·
739 4284 806 4332 urbis
823 4282 926 4347 elicujus
944 4280 1030 4329 incola
1044 4281 1135 4331 hostem
1148 4297 1195 4329 non
1206 4282 1299 4339 timent,

133 4362 256 4396 navomm
272 4347 376 4397 militum
387 4348 510 4397 redemtio.
545 4301 707 4397 Bimuiieati's
737 4347 771 4397 ibi
790 4348 877 4413 apertis
900 4346 974 4413 portis
996 4346 1068 4395 libero
1087 4356 1110 4395 et
1134 4362 1216 4395 secuie
1237 4347 1301 4409 agiis

132 4413 309 4461 conditionibus
328 4413 412 4469 Faedi's,
425 4424 448 4462 et
459 4416 566 4476 exempta,
578 4422 635 4463 cett.
647 4412 705 4460 dum
737 4413 846 4461 colendis
871 4428 885 4461 o
916 4428 967 4460 runi
992 4410 1049 4459 daie
1076 4413 1175 4461 solent:
1204 4411 1249 4460 int.
1274 4412 1300 4461 iii

133 4474 219 4525 ioedss
233 4476 264 4524 de
280 4476 425 4526 redimendis
441 4476 542 4543 captivis
557 4477 706 4527 conditiones
739 4478 818 4543 Epist.
834 4477 865 4526 ad
903 4477 931 4526 is.
947 4493 971 4525 v.
986 4478 1041 4531 199,
1056 4480 1140 4539 opertis
1156 4479 1202 4525 ctio
1218 4480 1300 4539 portis.

131 4539 302 4597 dissuadebat,
320 4556 411 4606 easque
428 4550 544 4606 tanquam
559 4542 704 4608 exemplum,
740 4544 856 4605 Pipiitata
885 4543 964 4592 Marte
983 4551 1076 4599 aostr03
1105 4541 1216 4606 Regulus
1226 4542 1298 4599 enim,
