3150 5200
563 351 791 420 CARMEN
823 358 871 419 13.

267 503 399 579 Lesbia,
415 505 574 586 quoerenti
590 514 729 580 taurum,
746 508 935 570 monstravit
950 508 1096 583 inertem,

304 647 307 652 -
353 603 465 676 Quum
480 603 557 667 mihi
573 603 662 668 Cous
678 605 810 670 adesset
823 605 996 691 Amyntas,
1025 645 1037 672 ο

267 704 369 788 Cujus
385 706 419 768 in
433 705 590 773 indomito
605 707 807 771 constantior
820 707 953 792 inguIne
965 729 1095 785 nervus,

198 804 243 866 20
349 804 458 877 Quam
473 828 557 870 nova
571 804 707 870 collibus
723 810 824 874 arbor
838 809 987 874 inhaeret.

266 904 450 971 Muricibus
465 906 576 990 Tyriis
591 909 717 972 iteratae
732 909 852 974 vellera
865 911 949 976 lanae

213 1001 217 1008 ’
351 1005 414 1070 Cui
429 1010 711 1092 properabanturt
734 1010 795 1074 tibi
809 1033 925 1095 nempe
939 1038 947 1088 3

265 1107 319 1172 Ne
334 1106 420 1172 foret
434 1108 576 1191 equales
592 1109 677 1174 inter
692 1112 838 1187 conviva,
853 1112 957 1196 magis
972 1134 1069 1194 quem

350 1207 513 1294 Diligeret
527 1210 642 1275 mulier
657 1232 717 1274 sus
730 1234 828 1294 quam
843 1223 885 1277 te.

201 1311 243 1374 25
266 1311 298 1374 O
313 1333 376 1394 ego
390 1310 514 1390 infelix,
530 1334 627 1395 quam
643 1323 678 1376 tu
694 1312 793 1398 iugis,
808 1324 846 1377 ut
860 1324 958 1399 pavet
972 1337 1065 1380 acres

353 1410 450 1498 Agna
464 1413 571 1498 lupos,
587 1435 780 1498 capreaeque
796 1413 938 1482 leones.”

549 1751 753 1820 CARMEN
777 1757 876 1823 ΧΙΙΙ.

581 1967 639 2014 AD
670 1967 844 2017 AMICOS.

225 2117 392 2183 Honnms
408 2131 583 2207 tempestas
599 2124 717 2189 coelum
732 2129 906 2205 contraxit,
922 2139 956 2194 et
970 2131 1090 2196 imbres

307 2221 477 2307 Nivesque
493 2225 661 2291 deducunt
675 2226 810 2306 Jovem3
832 2251 919 2295 nunc
932 2253 1032 2307 mare,
1047 2252 1134 2295 nuno
1149 2229 1237 2294 silvae

223 2319 379 2388 ThreIcio
393 2322 558 2407 Aquilone
573 2337 706 2393 sonant:
730 2331 905 2412 rapiamus,
918 2335 1023 2410 amici,
1236 2343 1239 2348 ’

310 2424 525 2491 Occasionem
541 2429 582 2492 de
598 2429 670 2506 die3
694 2429 837 2512 dumque
851 2433 955 2496 virent
970 2455 1088 2517 genua,

134 2600 205 2647 tom
221 2589 263 2639 sed
273 2590 314 2639 ubi
325 2601 362 2641 est
373 2591 399 2641 in
409 2591 455 2643 hoc
466 2593 570 2643 carmine
581 2609 695 2644 verecun-
727 2595 810 2645 studet
829 2596 971 2646 auctoritate
993 2595 1114 2655 Chironis,
1137 2601 1179 2664 qui
1202 2600 1290 2666 pariter

132 2654 195 2702 clia?
210 2654 257 2703 imo
268 2671 298 2704 ex
310 2672 356 2705 usu
366 2657 481 2722 loquendi
492 2658 537 2707 hoc
549 2659 640 2707 lactum
650 2667 695 2716 est,
729 2659 854 2709 alumnam
872 2676 944 2709 susm
961 2660 1091 2719 Achillem,
1108 2672 1236 2728 postquam
1250 2665 1288 2713 t'a·

134 2734 211 2783 quem
231 2718 281 2783 ipse
304 2720 404 2770 Mitsch.
428 2722 491 2771 bene
513 2722 632 2787 exemplis
654 2722 696 2770 ad·
728 2730 780 2772 tum
792 2724 922 2790 quodcum
934 2724 965 2773 ad
980 2725 1078 2789 Trojam
1087 2737 1185 2776 maneat
1201 2727 1287 2777 vatici·

133 2782 232 2831 stmxit.
248 2785 366 2833 Attanum
373 2802 437 2847 opst,
445 2787 591 2837 συνουσίαν.
608 2786 697 2842 Mollis,
730 2796 801 2836 natus
817 2788 903 2844 luerat,
917 2802 987 2835 curas
1004 2788 1061 2836 elno
1077 2790 1165 2854 pellere
1178 2791 1286 2855 jusserit.

135 2845 201 2895 idem
213 2847 277 2911 quod
288 2848 314 2896 in
325 2864 393 2897 versu
404 2858 519 2913 sequente
530 2854 600 2898 isera.
635 2850 693 2898 Per·
727 2851 841 2900 Ceterum
860 2852 1046 2926 compotationes
1063 2860 1088 2901 et
1106 2853 1162 2903 leta
1179 2855 1287 2904 convivit

134 2920 174 2957 cot
195 2913 263 2966 mole.
285 2920 342 2961 cett.
366 2914 437 2963 abeat
456 2913 544 2963 Lesbia
563 2912 589 2961 in
606 2914 694 2961 malm
726 2915 841 2979 pluviosis
852 2915 1066 2981 precipuediebus
1080 2914 1191 2965 instituta
1204 2919 1287 2974 tuisse,

135 2988 196 3029 reto,
208 2990 263 3037 que
274 2974 333 3023 mihi
346 2976 503 3026 actuosiorem
519 2986 544 3025 et
557 2975 695 3026 validiorem
727 2988 825 3052 apparet
834 2994 932 3043 quoque
942 2994 972 3027 ex
986 2978 1041 3027 libri
1055 2979 1117 3027 tertii
1129 2980 1235 3029 carmine
1246 2982 1288 3031 de·

135 3038 292 3103 appetentia
307 3040 427 3090 hominem
444 3040 585 3105 languidum
598 3040 694 3090 etiner·
727 3058 789 3091 ormo
811 3042 921 3110 septimo,
942 3041 973 3089 ad
996 3041 1091 3090 AElium
1113 3043 1221 3092 Lamiam
1243 3044 1288 3093 hoc

136 3101 307 3151 temttltluxit.
728 3108 825 3156 nomine
835 3105 932 3172 scripto.

169 3168 275 3214 21-26.
289 3167 421 3217 Muricilos
428 3168 506 3232 Tyriis
516 3171 605 3217 iterate
612 3170 697 3216 mllsro
763 3172 834 3219 1-6.
852 3172 941 3218 eatan
957 3170 1081 3223 contrusit,
1099 3186 1150 3233 pro,
1168 3170 1245 3219 nabes
1261 3170 1288 3219 in

136 3232 196 3278 lose
220 3230 266 3277 Cui
285 3234 487 3293 prope-obanter?
524 3233 582 3282 Scin
603 3240 639 3288 tu,
657 3232 698 3279 cui
729 3234 793 3283 coslo
813 3231 947 3291 contient,
969 3230 1064 3279 horrida
1078 3240 1208 3297 tempestas
1229 3250 1288 3283 coo·

134 3308 182 3357 ego
193 3293 297 3344 studiose
308 3294 372 3344 texui
388 3304 476 3345 vestem
492 3296 529 3345 bis
545 3297 625 3345 colore
642 3311 697 3359 pur·
729 3297 811 3346 tractis
825 3297 851 3345 in
865 3296 929 3346 ccelo
943 3294 1048 3344 nubibus
1061 3294 1184 3347 imminet:
1201 3297 1290 3347 similia

135 3372 212 3423 pareo
222 3358 338 3407 tinctamt
350 3359 421 3470 Ἕω.
431 3360 586 3425 dibaphum:
596 3359 628 3408 cl.
640 3374 695 3424 sup.
773 3369 850 3409 tamm
867 3360 929 3416 loca,
942 3360 968 3407 in
980 3359 1127 3432 tempestatis
1143 3360 1290 3411 imminentis

137 3420 323 3479 adii‚16‚³6.
386 3425 445 3472 ulter
464 3441 515 3479 soa,
536 3425 560 3472 h.
577 3439 599 3471 e.
619 3423 697 3471 amica
728 3376 887 3490 linietiptione
896 3430 1024 3479 verianus,
1034 3423 1261 3488 collegeruatsdh.
1270 3427 1289 3475 1.

136 3500 192 3534 sua.
228 3485 260 3533 Ut
272 3497 340 3548 pavet
358 3504 420 3535 ocrss
437 3490 505 3551 Agna
516 3490 589 3550 lupos,
600 3503 696 3549 coprem
730 3488 867 3553 Interprett.
884 3486 1093 3535 Dsdsosntloosm
1101 3506 1109 3546 ς
1119 3489 1214 3554 Jupiter
1223 3490 1289 3539 enim

136 3565 182 3611 qus
200 3551 288 3597 lemm
309 3550 429 3599 Theocrit.
449 3552 482 3607 xi,
500 3553 542 3607 24,
556 3550 659 3616 Φεῦγεις
677 3550 697 3599 δ’
729 3550 806 3611 ὑέτιος
822 3551 862 3614 (h.
877 3568 900 3600 e.
918 3554 980 3611 aer).
999 3548 1058 3597 dum
1073 3551 1145 3616 pluit,
1162 3553 1188 3601 in
1203 3561 1289 3603 terram

135 3614 221 3681 ὅπερ
243 3614 279 3672 iic
296 3616 386 3665 πολιὸν
406 3614 483 3665 λύκον
502 3614 643 3679 &Optimam
666 3614 698 3662 ct'.
730 3612 1082 3665 descendemvelsedemittsro
1092 3615 1198 3680 lingitur.
1216 3617 1288 3666 Thre-

137 3690 194 3742 sup.
221 3678 300 3789 Epod.
322 3682 346 3735 t,
372 3680 394 3725 1.
437 3680 468 3727 Ut
492 3690 569 3741 pauet,
591 3687 619 3726 ut
643 3694 698 3726 cum
731 3682 788 3727 icio:
807 3678 840 3728 cl.
858 3695 913 3743 sup.
932 3677 963 3727 ad
982 3677 1000 3731 i,
1018 3679 1059 3732 25,
1079 3680 1118 3726 ll.
1152 3681 1288 3742 Raptam,

136 3756 226 3807 pavore
256 3741 316 3807 ugit,
333 3759 462 3807 eoprseqae
483 3758 539 3791 cum
557 3757 644 3808 pavore
660 3741 697 3790 lu·
730 3746 809 3800 emim,
827 3743 1001 3791 occasionem&
1016 3742 1068 3788 dis:
1086 3742 1188 3805 modom
1207 3744 1288 3806 igitur,

136 3804 216 3869 giuat.
731 3806 813 3862 amici,
824 3805 855 3854 ‹le
871 3806 916 3853 hoe
933 3804 1041 3869 pluvioso
1054 3803 1102 3861 (lie,
1113 3806 1175 3855 latas
1191 3822 1288 3871 compo·

731 3870 816 3919 tatiani
828 3868 980 3933 apto‚statim
989 3868 1204 3931 osumcapiamus3
1221 3873 1289 3918 dum-

297 3932 450 3982 CARMEN
469 3934 546 3981 XIII.
729 3949 773 3995 que
788 3936 865 3980 virent
879 3948 966 3994 ganas,
978 3929 1037 3978 dom
1049 3930 1117 3993 vigor
1132 3931 1212 3981 adhoc
1227 3933 1291 3981 inest

173 3996 274 4045 Amicos
287 4012 353 4053 suos,
364 3998 509 4061 quibuscum
523 4006 593 4061 poeta
607 3994 698 4060 pluvio·
731 3996 841 4058 genibus,
860 3994 919 4043 dum
937 3992 1054 4058 juvenilis
1075 3993 1154 4041 adhuc
1175 3994 1201 4041 in
1220 3996 1291 4043 nobis

138 4076 193 4109 sum
204 4060 268 4109 diem
280 4060 341 4109 inter
351 4061 463 4111 leuvini
473 4062 559 4126 pocula
569 4058 700 4121 transigere
732 4058 796 4123 viget
812 4058 932 4115 alacritas,
950 4057 1008 4105 dum
1025 4056 1148 4105 valemus:
1169 4057 1290 4107 Theocrit.

138 4124 202 4179 vult,
224 4139 428 4189 unamquemque,
450 4141 505 4188 quae
526 4124 623 4172 latioris
644 4121 700 4171 vite
732 4122 779 4178 xiv,
789 4124 830 4180 70,
840 4122 921 4171 ποιεῖν
932 4140 954 4170 τι
965 4119 1001 4169 δεῖ
1010 4118 1042 4177 ἇς
1051 4119 1115 4193 qim
1125 4122 1241 4194 χλῳρόη
1258 4123 1291 4171 cl.

137 4188 244 4236 fructum
262 4188 354 4245 offerat,
373 4188 522 4238 occasionem
543 4204 574 4236 cu
591 4187 630 4235 ide
648 4201 699 4235 am-
732 4185 834 4235 Mitsclt.
856 4184 1109 4234 Inhaucseotentmm
1118 4184 1289 4234 similiterHo·

138 4252 223 4317 plecti,
238 4251 425 4302 soIIIcitudinem
439 4252 469 4300 do
488 4252 557 4301 rebus
571 4205 657 4299 linurin
670 4265 700 4299 ex
732 4249 807 4299 ratius
821 4264 877 4315 sup.
887 4248 905 4303 i,
918 4250 944 4303 9.
960 4248 998 4303 17,
1011 4247 1088 4321 Donec
1099 4249 1185 4295 alrami
1194 4252 1291 4297 miiitiae

138 4316 221 4365 animo
231 4315 359 4371 dimittere,
369 4315 577 4380 etjuvenili,dum
589 4314 654 4371 licet,
667 4330 699 4363 e·
732 4317 793 4363 absit
812 4314 921 4371 Morosa,-
950 4312 1059 4376 Pmpert.
1075 4326 1107 4367 ιν,
1125 4314 1150 4367 5,
1165 4312 1207 4367 57,
1226 4312 1291 4361 Dum

137 4388 189 4429 tate
209 4379 256 4427 fmi
273 4380 350 4444 jubet.
383 4381 431 4429 Cui
450 4379 547 4444 quidem
566 4378 620 4427 vitm
639 4395 699 4444 pne·
730 4386 812 4425 veritat
827 4380 931 4440 sanguia
947 4378 1002 4423 dum
1020 4378 1087 4438 rugia
1101 4377 1192 4439 integer
1205 4392 1290 4423 annos.

138 4452 219 4509 cepto,
237 4443 302 4517 quod
318 4443 407 4509 sepios
424 4443 538 4492 Horatius
554 4442 637 4491 smIcis
651 4442 701 4489 suis
734 4443 840 4490 Obducta
849 4444 952 4488 solvatur
956 4440 1040 4511 fronte
1048 4448 1163 4486 motas:
1180 4454 1196 4512 ².
1205 4438 1290 4495 fronte,

139 4516 273 4573 proposuit,
288 4524 352 4556 nunc
369 4506 462 4573 pondus
479 4506 599 4571 quoddam
617 4505 703 4555 addere
734 4521 844 4555 curarum
857 4503 962 4552 nubibus
972 4518 1042 4567 quasi
1052 4503 1162 4558 obducta,
1174 4502 1290 4552 dissolva-

710 4588 724 4617 Τ
