3150 5200
567 346 732 413 LIBER
756 348 801 426 ΙΙ,
826 350 875 413 12.

565 698 769 765 CARMEN
796 700 876 765 ΧΗ.

510 930 573 976 ΑΙ)
605 928 938 977 MAECENATEM.

320 1108 429 1171 Nonis
444 1106 541 1191 longa
556 1104 634 1170 ferae
648 1103 734 1169 bella
753 1104 952 1182 Numantioe,

320 1208 394 1273 Nec
406 1210 524 1273 durum
539 1204 770 1281 Hannibalem,
787 1229 848 1271 uec
863 1207 1007 1273 Siculum
1022 1231 1109 1273 usare

322 1310 426 1374 Poeno
440 1329 642 1395 purpureum
657 1308 826 1391 sanguine,
840 1308 991 1374 mollibus

450 1409 570 1495 Aptari
585 1407 719 1475 citharas
733 1409 858 1473 modis:

271 1513 291 1574 5
324 1512 395 1578 Nec
412 1534 514 1577 saevos
530 1509 702 1595 Lapithas,
717 1520 751 1574 et
766 1511 898 1576 nimium
911 1534 1000 1577 mero

323 1613 490 1698 Hylaeum:
515 1612 693 1677 domitosve
709 1612 875 1678 Herculea
888 1637 985 1679 manu

322 1714 464 1779 Telluris
473 1717 622 1799 juvenes,
640 1715 727 1779 unde
742 1716 922 1799 periculum

451 1815 594 1899 Fulgens
610 1816 804 1881 contremuit
817 1817 933 1883 domus

322 1918 454 1983 Saturni
468 1918 597 1983 veteris.
644 1916 763 1999 Tuque
778 1918 987 2001 pedestribus

313 2087 466 2135 CARMEN
484 2086 547 2135 ΧΠ.
743 2085 829 2133 Florus
839 2085 857 2133 l.
869 2086 886 2133 l.
905 2090 931 2135 iu
945 2088 1051 2135 ultimum
1062 2089 1149 2135 ratim
1152 2088 1303 2153 furoremque

181 2153 295 2215 Rogatus
304 2166 320 2199 a
330 2152 474 2207 Maeanata,
487 2157 514 2198 ut
524 2150 630 2198 carmine
641 2148 710 2213 apion
742 2152 852 2207 conversi,
862 2153 930 2197 ducos
941 2166 991 2198 suos
1002 2166 1068 2214 coque
1076 2154 1229 2214 pariamque,
1234 2152 1304 2217 sem

144 2218 255 2280 Augusti
262 2215 392 2265 celebrarat
399 2214 517 2268 victorias,
528 2228 563 2271 aa,
572 2220 600 2261 ut
607 2220 711 2278 poetam,
743 2222 766 2259 at
774 2229 859 2261 veneno
868 2216 1010 2277 molestoque
1019 2218 1122 2277 undiquc
1130 2217 1193 2279 igno,
1204 2232 1303 2276 perona·

144 2282 220 2330 rahns
235 2279 335 2330 ludicris
349 2277 515 2327 tantummodo
526 2276 655 2325 tractandis
668 2292 710 2341 ap-
744 2286 812 2325 runt.
847 2278 952 2333 Durum,
964 2278 1062 2335 laboris,
1073 2278 1153 2336 lamis,
1164 2279 1251 2328 caloris
1261 2280 1303 2327 lri·

145 2354 210 2401 tum,
222 2345 266 2392 has
277 2352 355 2409 partas
366 2343 413 2391 sihi
428 2340 584 2391 domandam
593 2341 711 2391 sustinsrs
739 2340 855 2415 'gorisqus
874 2342 1090 2406 patientissimum
1114 2342 1144 2391 da
1159 2342 1305 2393 Hannibalis

232 2416 313 2471 nogat.
345 2408 503 2471 Itaqus,non
517 2404 711 2469 dubitans,quin
743 2420 840 2468 tngsnro
850 2413 888 2454 est
897 2405 966 2453 locus
977 2406 1094 2455 classicus
1107 2406 1173 2473 apud
1187 2407 1242 2456 Liv.
1254 2407 1304 2463 xxi,

147 2490 158 2523 ι
224 2473 348 2522 Mneenas
368 2471 446 2519 multo
468 2469 554 2518 molius
575 2484 612 2519 ros
633 2477 712 2532 gustas
744 2470 774 2515 l:
792 2469 1019 2533 designatnrautanr
1081 2471 1244 2520 Hannibalem
1253 2471 1304 2520 hel·

179 2538 259 2602 ugusti
275 2536 377 2612 pedestri
388 2534 495 2584 oratione
505 2540 658 2583 enarraturus
672 2532 712 2589 sit,
745 2533 797 2581 lum
814 2533 935 2583 Punicum
949 2549 989 2583 sse
1039 2552 1090 2584 um.
1122 2536 1227 2584 Sunium
1245 2552 1307 2585 mars

151 2617 221 2652 nunc
232 2611 303 2660 namt,
313 2616 375 2667 quas
386 2600 462 2648 Musa
472 2614 528 2648 eum
540 2613 625 2648 canere
633 2596 712 2662 jubet,
746 2599 817 2647 Poeno
833 2616 978 2662 purpureum
994 2604 1115 2665 sanguino
1133 2600 1241 2664 nuttigs
1259 2609 1306 2650 trss

149 2665 387 2731 landasLicymnim.
415 2661 645 2728 Comparnomnino
659 2678 714 2727 sup.
745 2662 906 2712 nobilissimas
920 2663 976 2712 illas
991 2679 1087 2729 pugnas
1101 2665 1307 2729 mvalss,quihm

153 2730 173 2788 i,
186 2731 210 2786 6,
221 2730 264 2778 ubi
275 2729 370 2796 pariter,
382 2729 441 2778 dum
452 2727 566 2793 Agrippa
575 2734 600 2776 et
608 2726 715 2800 Augusti
746 2727 958 2790 Carthaginienses
967 2728 993 2776 in
1003 2729 1068 2777 bollo
1079 2729 1174 2778 Punico
1187 2729 1264 2795 primo
1274 2729 1307 2777 ad

152 2794 267 2844 laudibus
281 2793 397 2843 canendis
411 2808 437 2841 sa
448 2792 561 2856 imparem
575 2805 628 2840 ssss
639 2805 713 2840 simu·
746 2790 855 2840 Siciliam
865 2792 923 2841 victi
933 2799 991 2840 sunt
1004 2806 1019 2840 a
1030 2793 1157 2850 Romanis,
1168 2794 1200 2842 C.
1212 2793 1308 2843 Duillio

148 2859 195 2915 lat,
207 2873 248 2907 aas
264 2858 311 2906 hac
329 2859 382 2922 ipsa
397 2855 550 2906 simulatione
561 2855 599 2902 vel
609 2853 712 2903 maxime
747 2854 844 2919 Regulo
854 2863 880 2905 et
889 2855 1001 2905 Luctatio
1013 2857 1102 2906 Catulo
1111 2856 1223 2906 ducibus.
1244 2859 1306 2906 Mol·

149 2922 254 2972 extollit.
289 2921 380 2970 Eadam
398 2929 448 2969 arte
462 2921 488 2969 in
499 2918 647 2970 celebrandis
660 2919 712 2966 Au·
745 2920 806 2968 litus
816 2923 902 2982 Aptari
911 2922 1006 2969 cithara
1020 2924 1100 2979 modis,
1115 2921 1171 2970 cani
1186 2921 1217 2970 ad
1231 2921 1308 2970 citha-

152 2988 218 3052 gusti
228 2985 342 3036 laudibus
351 3001 410 3034 usus
418 2993 455 3034 ost
465 2983 603 3050 Propertius
614 2981 640 3040 ii,
655 2984 677 3029 l.
746 2999 805 3041 ram,
818 3001 867 3048 qua
881 2986 993 3032 molliores
1006 2987 1067 3032 modi
1081 2992 1173 3034 tanturn
1189 2985 1309 3048 (earmina

188 3053 260 3100 1-4.
277 3053 367 3100 Sensus
377 3057 402 3099 ot
409 3047 580 3098 mutandarum
592 3056 715 3096 nexurast
746 3049 863 3097 amatoria
879 3048 952 3112 puta)
969 3047 1130 3106 deducuntur,
1145 3048 1170 3095 h.
1186 3063 1209 3097 a.
1226 3049 1309 3097 eania

151 3113 202 3164 iera
219 3115 273 3164 hic:
298 3112 498 3178 quomadmodum
515 3113 557 3161 vix
576 3109 668 3223 εαξη,
689 3119 717 3158 ut
748 3120 828 3176 posta,
857 3127 895 3161 ιω
924 3111 1020 3160 levioris
1045 3111 1180 3174 argumenti
1206 3119 1307 3162 incure

149 3179 192 3228 vel
200 3179 290 3228 bellum
299 3175 604 3234 Numantinum,vslballa
636 3174 716 3232 unica,
748 3175 832 3224 solito:
848 3175 928 3224 iota·
944 3175 984 3222 ist.
998 3175 1016 3228 ἰ,
1028 3175 1053 3231 3,
1074 3177 1112 3231 ta,
1123 3175 1242 3239 fidibusne
1258 3176 1307 3224 La·

153 3243 193 3292 vel
212 3241 368 3308 Lapitharum
388 3257 444 3290 eum
459 3240 586 3290 Centauris
599 3254 715 3314 pugnarn,
750 3242 806 3288 tinto
822 3239 936 3289 ssohum
947 3250 1028 3301 optare
1038 3241 1112 3287 modos
1121 3241 1208 3295 ειιιάιι,
1218 3242 1311 3302 numios

151 3307 194 3356 val
210 3305 446 3370 Gigantomachiam,
458 3313 529 3369 poeta
540 3312 619 3352 tenuis
629 3312 717 3364 oanat3
751 3304 839 3352 Musa?

151 3371 244 3420 itansc
252 3385 338 3435 cupars
346 3378 421 3435 potos,
431 3376 460 3417 ut
468 3383 512 3432 ego
520 3367 667 3416 simillimum
679 3383 717 3416 ar·
782 3370 856 3417 5-9.
874 3368 924 3416 Nec
938 3384 1004 3416 saeoos
1016 3368 1143 3430 lapithas:
1163 3367 1310 3432 argsrmsntis

154 3441 308 3498 gumenturn,
331 3449 368 3482 rss
396 3441 475 3497 gestas
496 3447 581 3498 nompo
603 3431 718 3494 Augusti,
750 3431 775 3479 in
787 3431 876 3495 insigni
891 3431 1011 3480 &mann
1022 3430 1117 3480 virtutis
1130 3432 1311 3495 gloriavarsan·

154 3496 438 3564 lynmsumollioribus
454 3495 532 3546 modia
548 3502 643 3544 tantum
654 3503 718 3560 apta,
750 3495 825 3553 tibus,
849 3495 956 3560 adeoquo
981 3495 1160 3553 recentioribus,
1187 3498 1260 3563 subja
1295 3499 1313 3546 't

154 3562 295 3622 oelabrem3
312 3568 339 3610 tu
354 3562 405 3626 ipss
419 3561 484 3610 enim
495 3560 572 3608 multo
584 3559 669 3608 melius
681 3575 718 3606 so·
752 3559 897 3624 antiquiora,
905 3559 999 3608 tabulas
1009 3575 1103 3626 nsmps,
1111 3575 1161 3609 non
1172 3561 1219 3609 nisi
1230 3577 1283 3610 asu

155 3627 212 3674 luta
230 3625 337 3675 orations
353 3633 400 3674 tam
418 3624 505 3690 proelia
519 3623 633 3688 Augusti,
645 3637 719 3688 quam
752 3623 851 3674 limioris
862 3623 958 3689 spiritus
968 3623 1172 3690 pontisiamolim
1182 3633 1312 3690 pertracta·

155 3689 214 3754 ojus
230 3689 363 3764 triumphos
380 3704 493 3754 exponas.
527 3687 651 3754 Expende,
688 3703 721 3736 ua
752 3696 799 3747 tas,
808 3703 883 3753 quam
892 3703 958 3737 nuno
969 3696 994 3737 et
1004 3689 1312 3755 inposterumpertraatan·

157 3762 212 3802 arto
232 3753 366 3820 simplicum
390 3754 542 3810 numanam,
561 3753 651 3800 “nolis
692 3769 720 3800 u·
752 3751 806 3801 das.
839 3752 933 3801 Fabula
951 3752 981 3802 do
999 3753 1157 3818 Lapitharum
1174 3769 1231 3803 cum
1247 3754 1312 3803 Can

156 3817 224 3884 gusti
240 3818 350 3868 victorias
369 3833 385 3866 a
404 3827 476 3883 posta
490 3816 557 3867 tenni
576 3816 720 3872 ostentui?
753 3817 828 3866 tauris
843 3816 974 3882 pugnavel
991 3832 1022 3864 ex
1038 3817 1111 3866 Ouid.
1126 3817 1190 3866 Met.
1205 3818 1247 3875 xii,
1264 3819 1314 3866 220

155 3883 315 3940 exornaverit,
328 3881 408 3931 allatis
419 3881 474 3932 aliis
483 3880 629 3945 argumentis
640 3880 717 3955 gravi-
751 3897 806 3946 sqq.
826 3882 884 3930 satis
899 3889 970 3929 nota:
988 3881 1020 3928 ef.
1037 3881 1108 3943 Virg.
1128 3880 1190 3929 Gso.
1204 3881 1231 3938 ii,
1249 3882 1314 3939 4573

157 3947 249 4003 oribus,
270 3963 326 4012 quas
346 3962 361 3996 a
381 3955 452 4012 posta
469 3945 536 3995 teum
554 3953 650 3994 traotm
670 3960 719 3993 non
752 3944 896 4010 Apollodor.
913 3943 939 4000 ii,
959 3947 986 4002 6,
1005 3946 1036 4003 l;
1055 3943 1126 3992 stib.
1140 3943 1235 4008 Hsyns.
1268 3943 1314 3991 Νι·-

157 4011 259 4074 posint.
299 4011 382 4075 langa
403 4012 464 4058 halin
485 4010 627 4058 Numantia.
665 4009 718 4057 Nu·
752 4012 824 4056 miuus
833 4025 894 4056 asaro
902 4007 1315 4071 Hylaeum,0entaurnm,qui,attht

156 4077 256 4130 mutio.
268 4073 393 4140 Hispanias
402 4073 586 4124 Tarraconensis
595 4073 653 4122 urbs
663 4072 721 4123 olim
754 4071 858 4120 nimium
869 4069 925 4118 vino
939 4085 1056 4120 secamus
1074 4070 1126 4136 Hip
1214 4070 1219 4081 ”
1277 4078 1314 4119 at-

158 4138 316 4195 nshilinims,
336 4153 400 4202 qua,
420 4138 574 4205 cumplures
591 4136 721 4212 annos<in
754 4135 909 4191 trsotariasat
922 4149 1010 4200 pugno
1021 4140 1103 4182 auctor
1127 4134 1192 4184 uisas
1206 4135 1315 4184 traditur.

158 4217 277 4252 annorum
294 4217 393 4277 numero
411 4203 457 4250 scri
474 4202 615 4276 torosuinter
630 4201 720 4276 sedu-
756 4200 955 4261 Tellurisjuomes
966 4196 1117 4262 (γηγενεῖς),
1127 4197 1161 4247 Gi
1209 4206 1315 4274 tenem-

157 4266 724 4396 militiisuttutt¹ttst
754 4261 1316 4394 ltsstlttudtt‘utluttffifft

157 4403 211 4443 ast:
236 4393 287 4442 rid.
305 4395 370 4445 Flor.
384 4395 411 4451 ii,
428 4397 476 4456 183
501 4394 590 4445 Vellei.
605 4393 631 4450 ii,
650 4395 674 4452 4,
689 4395 722 4454 25
756 4393 788 4442 ci.
799 4391 843 4441 inl.
854 4391 881 4449 ii,
895 4394 934 4450 19,
944 4390 1003 4454 at).
1032 4391 1315 4457 Undo‚aquibus,quo·

159 4459 245 4508 Strabo
269 4458 305 4516 iii,
333 4475 358 4524 p.
378 4461 436 4508 246.
479 4461 552 4514 Fero,
575 4457 724 4508 referendum
755 4473 809 4506 rum
831 4467 929 4506 conatu.
968 4457 1119 4512 Contrariis,
1141 4471 1197 4505 cum
1217 4465 1317 4506 trsmors

160 4522 260 4572 tortasse
280 4537 318 4578 so,
338 4522 402 4586 quod
417 4525 471 4588 ejus
487 4523 582 4580 incola,
606 4529 633 4570 ut
653 4521 725 4571 tradit
756 4521 845 4571 timuit.
872 4522 975 4586 rotgero
984 4522 1062 4570 doum
1071 4521 1179 4580 Saturni,
1187 4521 1315 4589 Olympus,

721 4591 765 4637 aa
