3150 5200
297 320 363 385 428
702 317 1028 385 SATIRARUM

384 470 510 535 Pressit
523 471 621 551 cella;
645 496 725 557 garo
740 473 782 537 de
798 475 904 539 succis
920 474 1018 558 piscis
1034 473 1141 553 lberi;

382 573 471 639 Vino
486 575 698 658 quinquenni,
714 598 826 639 verum
841 576 923 639 citra
937 599 1026 640 mare
1040 586 1131 655 nato,

383 674 473 739 Dum
488 678 640 761 coquitur
654 677 760 759 (cocto
775 677 894 741 Chium
910 679 956 743 sic
971 679 1134 756 convenit,
1148 689 1186 742 ut
1200 701 1266 744 non

383 777 459 843 Hoc
473 780 576 863 magis
590 778 691 843 ullum
706 778 819 863 aliud),
835 781 949 864 pipere
965 779 1052 857 albo,
1067 803 1134 844 non
1149 781 1218 844 sine
1232 790 1339 859 aceto,

318 878 361 941 50
384 879 486 953 Quod
501 880 756 965 Methymnaeam
771 882 850 949 vitio
864 883 1038 947 mutaverit
1052 904 1158 947 uvam.

383 980 511 1045 Eruras
526 982 658 1059 virides,
675 982 779 1049 inulas
794 1005 857 1067 ego
872 984 996 1067 primus
1011 1006 1137 1049 amaras

382 1082 567 1147 Monstravi
581 1084 767 1167 incoquere,
784 1084 892 1151 illotos
906 1085 1063 1151 Curtillus
1079 1086 1224 1165 echinos,

329 1178 333 1185 ’
383 1184 431 1249 Ut
445 1184 560 1248 melius
575 1186 689 1262 muria,
706 1209 804 1270 quam
819 1198 905 1253 teste
918 1190 1043 1252 marina
1057 1190 1203 1255 remittit.

382 1286 513 1351 Interea
528 1309 687 1370 suspensa
700 1310 816 1372 graves
831 1289 936 1354 aulaea
950 1291 1062 1354 ruinas

318 1390 360 1453 55
382 1388 421 1453 In
436 1389 579 1473 patinam
594 1387 713 1467 iecere,
730 1390 893 1455 trahentia
907 1392 1050 1476 pulveris
1066 1394 1141 1471 atri,

323 1549 325 1556 .
382 1491 550 1563 Quantum
565 1513 630 1554 non
643 1489 766 1575 Aquilo
782 1493 960 1577 Campanis
974 1496 1098 1562 excitat
1111 1497 1210 1581 agris.

382 1594 456 1657 Nos
471 1594 574 1677 majus
590 1594 695 1671 veriti,
710 1607 886 1679 postquam
900 1596 982 1662 nihil
995 1619 1069 1663 esse
1083 1597 1197 1683 pericli

382 1695 560 1772 Sensimus,
576 1696 740 1779 erigimur.
787 1696 909 1775 Rufus,
924 1700 1033 1782 posito
1047 1701 1167 1784 eapite,
1182 1710 1219 1763 ut
1235 1699 1264 1763 si

381 1796 483 1861 Filius
499 1798 688 1861 immaturus
705 1798 839 1875 obisset,
856 1798 946 1863 flere.
994 1801 1080 1873 Quis
1096 1811 1184 1865 esset

316 1901 362 1964 60
384 1899 485 1977 Finis,
499 1899 534 1963 ni
549 1900 678 1983 sapiens
695 1900 741 1965 sic
756 1899 985 1976 Nomentanus
999 1903 1138 1965 amicum
1175 1966 1180 1977 ,

380 2000 544 2066 Tollerett
569 2001 659 2078 Heu,
675 2000 832 2079 Fortuna,
849 2002 922 2085 quis
936 2013 988 2065 est
1003 2002 1166 2067 crudelior
1180 2004 1215 2067 in
1229 2026 1289 2069 nos

380 2103 432 2169 Te
448 2104 565 2169 Deust
611 2102 659 2168 Ut
675 2126 803 2189 semper
818 2104 944 2187 gaudes
960 2104 1096 2169 illudere
1112 2106 1211 2169 rebus

381 2206 560 2271 Humanis!
608 2206 730 2271 Varius
744 2227 864 2290 mappa
879 2228 1087 2291 compescere
1102 2206 1204 2269 risum

381 2308 449 2373 Vix
464 2318 603 2392 poterat.
651 2308 785 2372 Balatro
802 2309 1007 2392 suspendens
1022 2309 1129 2372 omnia
1142 2330 1234 2385 naso,

316 2414 359 2477 65
382 2410 465 2475 Haec
480 2420 531 2477 est
546 2411 689 2476 conditio
705 2410 846 2486 vivendi,
862 2410 989 2488 aiebat3
1012 2430 1117 2495 eoque

293 2588 330 2631 est
346 2579 417 2630 rebus
434 2578 486 2628 his:
504 2579 605 2646 primum
622 2581 675 2631 oleo
690 2578 854 2648 praestantiore
885 2594 938 2637 nos,
959 2580 1047 2629 Alunt:
1063 2579 1096 2630 cl.
1116 2594 1171 2646 sup.
1192 2577 1223 2629 sd
1245 2581 1297 2630 su.
1316 2580 1343 2639 ii,
1364 2583 1391 2641 Ἰ,
1409 2584 1451 2632 44.

295 2643 442 2700 Venafrano,
465 2648 523 2708 paud
544 2649 620 2706 prima
644 2647 742 2711 Venafri
766 2647 854 2694 Pressit
887 2644 937 2709 Ego
946 2647 1037 2706 primm
1047 2647 1187 2694 monstravi.-
1203 2645 1450 2711 Nasidienussajse·

292 2711 360 2765 sella,
370 2707 435 2772 quod
446 2709 557 2772 primum,
569 2709 594 2758 h.
604 2724 626 2759 e.
655 2710 854 2759 restantiuslle-
886 2717 923 2759 ut
941 2708 975 2758 rei
994 2709 1120 2758 salinarias
1136 2710 1286 2774 magistrum,
1301 2719 1327 2759 et
1343 2711 1451 2769 mtionis,

294 2773 356 2821 nalri
366 2787 503 2837 expressum
513 2781 559 2829 est,
570 2773 595 2820 in
606 2727 673 2830 aazia,
685 2773 711 2822 h.
719 2791 742 2824 e.
754 2773 779 2822 in
791 2775 853 2831 loco,
886 2773 1050 2837 qusnonuulli
1056 2772 1104 2822 cibi
1109 2773 1276 2839 componendi,
1281 2775 1453 2839 permiscendi,

294 2837 337 2887 ubi
352 2836 432 2885 oleum
448 2835 602 2902 exprimitur3
621 2837 668 2896 vel,
680 2837 743 2903 quod
756 2838 858 2888 Venafri
889 2844 914 2888 et
932 2838 1052 2902 coquendi
1069 2838 1126 2895 sint,
1143 2837 1298 2894 inventorem,
1317 2839 1354 2888 uti
1369 2839 1455 2890 doctor

294 2915 432 2967 expressum
444 2909 480 2951 est
494 2901 521 2950 in
538 2903 597 2950 cella
606 2906 692 2964 prima,
704 2901 730 2950 in
745 2903 798 2951 loco
815 2903 857 2952 ubi
888 2901 932 2950 ille
950 2902 1008 2950 artis
1027 2902 1172 2966 coquinarie
1190 2919 1245 2967 sup.
1261 2904 1313 2951 Sat.
1328 2902 1355 2960 ii,
1370 2907 1396 2959 4,
1409 2907 1453 2960 73,

294 2965 410 3030 optimum
428 2968 508 3016 oleum
527 2983 556 3017 er
574 2967 680 3015 simitur:
697 2981 752 3031 sup.
763 2967 815 3015 Sat.
829 2966 855 3024 ii,
888 2981 930 3028 ego
937 2967 1021 3031 serem
1035 2971 1124 3030 peintus
1140 2976 1163 3015 et
1176 2969 1244 3024 elue,
1264 2967 1360 3016 Priasus
1375 2978 1398 3017 et
1410 2972 1451 3016 ia·

294 3033 319 3086 4,
332 3030 415 3087 same
432 3031 523 3096 vulgari
544 2983 755 3088 oleoVsnalrano,
775 3032 858 3079 Pressa
888 3033 968 3079 miae
977 3034 1045 3094 piper
1055 3032 1142 3087 ndum,
1154 3039 1212 3079 cett.
1450 3067 1454 3073 .

297 3096 435 3160 Venafranae
446 3099 504 3160 qnod
514 3099 583 3145 braca
593 3098 681 3144 remisit
691 3097 764 3144 olive.
919 3096 960 3143 tt.
977 3094 1064 3152 lltctee,
1076 3109 1123 3143 non
1141 3095 1245 3151 ablutos,
1262 3109 1312 3142 non
1328 3095 1453 3160 salsugine

327 3161 368 3209 46.
386 3161 481 3210 Deinde
481 3165 526 3224 Jus
535 3163 627 3209 mutum
635 3167 672 3209 est
679 3161 855 3224 gnrodesuaets
887 3167 1063 3223 suapurgatos.
1093 3159 1204 3208 Echinos:
1220 3159 1375 3209 ridatdSat.
1387 3161 1412 3217 ii,
1425 3162 1452 3219 4,

292 3227 360 3286 piscis
381 3225 452 3280 lteri,
472 3225 575 3274 scombri
592 3225 723 3288 (Makrete,
740 3224 854 3272 Scomlrer·
887 3223 928 3270 33.
963 3222 1179 3278 sarantasmum.

291 3292 398 3345 scomber,
418 3289 508 3350 Liun.)
527 3304 599 3354 prope
620 3288 762 3352 Hispaniam
781 3302 811 3336 ca
827 3287 856 3336 ti.
920 3288 961 3335 53.
980 3287 1013 3335 Ut
1030 3290 1119 3345 melleas,
1137 3296 1165 3336 ut
1182 3286 1216 3345 id,
1233 3287 1300 3352 quod
1317 3287 1351 3336 sit
1365 3288 1455 3338 melius

295 3353 334 3402 De
343 3370 410 3428 garo,
419 3352 519 3416 liquoris
528 3352 639 3464 exquisiti
651 3367 744 3416 genere,
752 3368 784 3427 qu
825 3367 857 3400 ex
888 3350 966 3400 muria
985 3353 1000 3414 ζ
1003 3352 1082 3414 Lake)
1090 3370 1104 3424 ε,
1113 3351 1146 3399 cl.
1167 3367 1223 3416 sup.
1244 3354 1294 3400 Sat.
1315 3351 1344 3409 ii,
1364 3355 1389 3408 4,
1408 3353 1455 3402 65.

293 3416 396 3481 piscium
406 3416 526 3465 intestinis
537 3417 723 3466 seemeceratis
737 3418 855 3465 misceba-
890 3414 956 3463 Testa
976 3418 1079 3472 meina,
1098 3416 1206 3480 intellige
1225 3416 1306 3481 pisces
1325 3424 1454 3473 testaceos,

294 3490 341 3537 tur,
362 3481 428 3528 Plin.
447 3481 480 3528 H.
499 3483 532 3530 N.
551 3481 618 3539 xxxi,
639 3483 679 3538 43,
698 3497 785 3544 garum
802 3484 857 3529 olim
888 3488 987 3536 osseas,
1000 3487 1057 3528 cett.

294 3545 457 3608 conficiebatur
475 3563 501 3594 er
517 3547 578 3607 pisse
597 3562 661 3609 quem
685 3546 762 3596 Greci
781 3563 856 3611 garon
920 3545 961 3592 54.
977 3545 1089 3606 Smpeusa
1101 3545 1190 3592 sulca:
1202 3544 1235 3592 cl.
1246 3543 1344 3610 sup.ad
1355 3545 1406 3594 Od.
1415 3545 1453 3601 iii,

293 3611 411 3658 metant.
446 3609 856 3673 Nunesseomlrrcpiseelaudctissi·
888 3609 930 3663 29,
946 3611 984 3656 15.
1008 3609 1110 3657 Vossius
1125 3608 1225 3674 pulchre
1243 3609 1322 3667 vertit,
1338 3612 1381 3657 der
1398 3613 1454 3657 astl-

294 3691 354 3721 mum
363 3675 545 3740 inCnrthaginis
551 3677 676 3738 Spartaria
685 3673 854 3740 (Hispaniae)
888 3674 958 3720 made
972 3673 1110 3721 Baldaelrs'n.

293 3740 395 3786 cetariis.
920 3738 961 3784 55.
979 3738 1086 3786 Pulueris
1104 3739 1162 3793 atri,
1182 3737 1276 3802 supple,
1294 3745 1408 3797 tantum;
1425 3746 1455 3786 ut

326 3803 366 3850 47.
386 3803 454 3852 Cara
469 3813 605 3860 murenula,
618 3804 695 3852 Italo:
713 3803 747 3852 cl.
758 3819 814 3868 sup.
825 3801 857 3852 ad
888 3803 939 3850 Sar.
959 3800 985 3857 ii,
1004 3803 1028 3858 3,
1047 3802 1089 3856 87,
1107 3802 1231 3852 Frumenti
1251 3812 1365 3864 pausatam
1386 3804 1454 3850 netis

295 3866 478 3923 Sat.i,10‚³t.
889 3869 908 3914 A
937 3870 981 3914 ias.

327 3931 368 3980 49.
382 3932 463 3995 Pipere
474 3934 536 3981 elbo.-
547 3941 626 3998 repete
632 3948 661 3980 es
671 3949 695 3980 r.
703 3933 744 3989 45,
747 3936 792 3994 jus
800 3935 854 3980 mis·
903 3866 962 3978 fil.
979 3929 1069 3991 MeJ'us,
1080 3929 1193 3993 majorem
1205 3929 1306 3978 runem.

294 4005 343 4044 tum
354 4005 396 4044 est.
920 3996 962 4044 58.
980 3994 1113 4067 Erigimur,
1123 3994 1231 4042 animum
1243 3992 1381 4059 recipimus.
1404 3994 1451 4041 Pe·

325 4061 366 4108 50.
385 4061 450 4115 Quod
463 4061 639 4124 Methymnaeam
656 4062 712 4108 virio
731 4061 857 4108 muteowit
887 4061 940 4114 sito,
968 4057 1082 4114 derauso,
1108 4057 1233 4115 inclinato,
1260 4074 1291 4107 ex
1321 4073 1387 4108 mors
1413 4058 1452 4105 ln·

293 4123 433 4187 (vitiaverit,
443 4126 585 4190 corruperit)
594 4143 671 4180 noum,
683 4123 748 4188 quod
759 4139 789 4172 ex
801 4123 857 4172 vino
888 4121 1006 4185 gentium.

293 4189 457 4254 Methymnaeo
468 4198 588 4237 mutatum
602 4188 634 4238 sit
651 4189 676 4236 in
692 4195 803 4245 acetum
821 4187 856 4238 sic
920 4189 962 4236 59.
979 4187 1279 4252 lmmntum,prremstura
1286 4194 1370 4235 morte.
1394 4187 1455 4240 Quis

292 4258 371 4303 vinum
378 4253 640 4317 maturrtmsup.Sat.ii,
648 4255 673 4308 2,
681 4255 722 4302 58.
740 4253 856 4316 Methym·
888 4260 941 4299 esset
950 4266 1002 4315 pro,
1009 4251 1102 4306 luisset,
1112 4259 1137 4300 et
1147 4253 1235 4300 tolleret
1245 4265 1297 4315 pro,
1305 4250 1453 4305 sustulisset,

292 4337 324 4368 aa
331 4317 445 4386 oppidum
454 4317 480 4365 in
490 4317 567 4365 insula
581 4316 780 4372 Lesbo,melioris
792 4324 854 4365 nota
886 4325 915 4364 ut
930 4331 985 4380 sup.
997 4317 1048 4364 Sat.
1059 4315 1077 4371 i,
1088 4317 1113 4371 3,
1128 4316 1204 4371 5-7,
1216 4317 1301 4371 Cesar,
1315 4318 1357 4378 qui
1372 4330 1453 4378 eogere

293 4384 348 4432 vino
361 4381 447 4442 nobili;
464 4397 506 4448 per
517 4399 585 4430 uvam
597 4382 772 4446 Methymnaeam
782 4380 856 4444 igitur
885 4391 957 4442 posset
969 4379 1156 4445 (potuisset),Si
1163 4390 1249 4442 peteret
1263 4379 1399 4444 (petiisset)
1408 4395 1450 4442 per

293 4448 399 4513 intellige
411 4447 492 4495 vinum
504 4445 627 4495 Lesbium.
887 4447 1174 4508 amiculampotrisstque
1181 4444 1450 4507 naara,inqu

323 4517 364 4563 61.
384 4513 481 4570 unam,
496 4509 561 4575 apud
577 4525 629 4568 nos,
643 4511 731 4560 Kressa.
763 4511 854 4572 lauhs,
885 4511 1006 4573 proiceret
1016 4508 1177 4574 (prolecturus
1187 4507 1294 4570 luisset).
