3150 5200
637 820 641 823 -
662 749 1037 852 PRAEFATIO

587 1110 875 1166 EDITIONIS
902 1107 1116 1162 TERTIAE.

730 1382 977 1392 -.———...-.-

279 1605 358 1670 Cura
377 1627 442 1669 non
462 1604 565 1669 solum
579 1604 612 1666 in
634 1603 826 1687 praefatione
842 1601 885 1666 ad
899 1602 1076 1666 editionem
1090 1603 1223 1669 Horatii
1238 1607 1425 1674 Carminum

277 1723 471 1806 Lyricorum
494 1722 640 1806 primam,
663 1722 721 1784 sed
745 1721 843 1785 etiam
862 1720 902 1782 iis
925 1741 1000 1802 quae
1018 1743 1123 1806 nuper
1142 1724 1185 1787 ad
1207 1725 1313 1788 editas
1335 1749 1355 1788 a
1375 1749 1427 1792 me

278 1839 410 1904 Horatii
437 1839 560 1903 Satires
587 1849 621 1902 et
648 1837 816 1923 Epistolas
839 1836 994 1921 prefatus
1022 1862 1103 1917 aum,
1134 1843 1301 1920 rationem,
1329 1867 1428 1928 quam

278 1959 312 2022 in
335 1931 466 2022 Horatii
488 1957 753 2041 interpretatione
774 1966 905 2020 secutus
924 1976 1006 2032 snm,
1023 1958 1092 2039 jam
1114 1961 1331 2044 exposuerim,
1347 1961 1428 2026 nihil

280 2074 370 2158 qnod
385 2075 540 2140 adderem
553 2074 666 2150 habui,
682 2073 744 2136 niai
759 2073 830 2136 haec
845 2094 950 2157 panca
964 2075 1080 2138 verba:

324 2198 345 2227 “
358 2190 489 2276 Adjeoi,
507 2192 542 2254 in
559 2191 622 2254 hac
645 2191 740 2254 tertia
758 2190 908 2254 Odarum
927 2189 1058 2254 Horatii
1076 2194 1230 2272 editione,
1251 2219 1326 2280 quoe
1344 2199 1426 2283 adji-

280 2311 396 2374 cienda
420 2309 645 2397 videbanturp
663 2307 792 2372 reseoui
813 2329 888 2389 quae
912 2328 997 2373 nunc
1023 2309 1257 2395 displicebant;
1293 2314 1426 2380 defendi

279 2427 420 2509 denique
438 2434 586 2509 receptas
607 2423 761 2489 lectiones
777 2425 958 2488 rationibus
978 2428 1021 2490 ab
1040 2450 1151 2493 earnm
1166 2429 1217 2494 vel
1233 2431 1426 2515 antiquitate

279 2541 329 2607 vel
345 2543 537 2608 necessitate
552 2541 730 2626 repetitio.'’

323 2660 606 2733 Quemadmodum
620 2671 728 2725 autem
740 2682 860 2745 operae,
871 2682 969 2743 quam
977 2660 1118 2726 Horatio
1127 2668 1252 2743 navari,
1258 2668 1426 2751 judicibus

276 2779 382 2861 aequis
412 2789 446 2842 et
474 2778 657 2841 humaniter
686 2778 728 2841 de
754 2778 851 2853 vitiis,
876 2800 949 2861 quae
973 2782 1128 2859 commisi,
1148 2805 1199 2847 me
1221 2788 1427 2851 monentibus

282 2918 377 2961 aures
402 2896 523 2973 faciles,
550 2898 596 2959 ita
618 2896 692 2972 illis,
717 2896 774 2977 qui
799 2895 917 2971 omnia,
942 2907 979 2959 ut
1004 2897 1080 2961 inde
1102 2911 1219 2963 eruant
1244 2904 1333 2985 qnod
1355 2916 1428 2969 atro

283 3013 381 3079 dente
397 3024 543 3097 carpant,
559 3034 632 3077 cum
647 3012 828 3097 pulvisculo
839 3014 1020 3092 excutiunt,
1036 3038 1131 3083 aures
1147 3020 1246 3083 duras
1261 3022 1429 3105 praebebo.

325 3248 458 3325 Gothae,
475 3271 585 3313 monae
602 3248 693 3330 Sept.
714 3266 921 3311 uncccxxrv.

1100 3490 1337 3557 DOERING.
