3150 5200
295 222 359 284 542
543 221 813 290 EPISTOLA
843 223 916 288 AD
947 223 1189 291 PISONES.

376 372 474 436 Musa
491 372 583 437 dedit
594 373 716 438 fidibus
731 375 835 440 Divos
849 397 1036 460 puerosque
1052 377 1211 455 Deorum,

375 473 421 538 Et
436 474 578 558 pugilem
593 477 757 554 victorem,
773 487 807 541 et
822 499 941 560 equum
956 480 1132 544 certamine
1146 480 1298 564 primum,

308 577 351 638 85
373 575 419 639 Et
429 577 586 660 juvenum
600 599 706 654 curas,
721 589 755 642 et
767 578 870 643 libera
885 580 960 642 vina
974 579 1106 644 referre.

415 677 608 762 Descriptus
624 701 752 744 servare
768 683 855 745 vices
872 703 1071 766 operumque
1085 681 1223 758 colores,

373 778 441 842 Cur
455 803 529 864 ego,
546 782 572 844 si
588 803 714 864 nequeo
727 783 919 866 ignoroque,
935 792 1034 867 poeta
1048 782 1192 847 salutari

373 880 442 945 Cur
455 883 591 959 nescire,
607 882 735 966 pudens
750 905 862 968 prave,
877 907 974 969 quam
989 883 1115 948 discere
1129 883 1234 948 maloi

372 983 533 1048 Versibus
548 986 667 1068 exponi
683 986 816 1069 tragicis
831 1007 883 1049 res
898 986 1020 1050 comica
1034 1008 1100 1050 non
1114 985 1200 1050 vult:

307 1084 351 1146 90
373 1085 567 1171 Indignatur
581 1088 657 1150 item
672 1088 807 1170 privatis
822 1109 860 1151 ac
876 1109 978 1171 prope
997 1109 1093 1152 socco

375 1188 495 1273 Dignis
510 1190 706 1253 carminibus
722 1191 846 1252 narrari
861 1210 955 1252 coena
968 1189 1144 1272 Thyestae:

374 1289 510 1374 Singula
524 1314 662 1376 quaeque
676 1291 783 1356 locum
798 1301 930 1355 teneant
946 1293 1060 1354 sortita
1074 1290 1238 1354 decenter.

375 1391 542 1456 Interdum
558 1403 664 1458 tamen
680 1405 714 1458 et
727 1415 839 1458 vocem
854 1394 1015 1458 comoedia
1029 1392 1124 1468 tollit,

374 1493 546 1578 iratusque
562 1494 718 1559 Chremes
735 1495 859 1558 tumido
874 1493 1022 1577 delitigat
1036 1515 1109 1558 ore:

307 1595 349 1657 95
372 1594 419 1658 Et
434 1597 576 1680 tragicus
591 1595 780 1679 plerumque
797 1594 887 1659 dolet
901 1617 1048 1659 sermone
1060 1595 1217 1679 pedestri.

372 1696 542 1781 Telephus
557 1708 591 1762 et
605 1697 735 1775 Peleus,
752 1719 852 1781 quum
866 1719 993 1780 pauper
1008 1707 1041 1760 et
1056 1696 1160 1773 exsul,
1177 1705 1314 1780 uterque

288 1883 457 1946 comiciquam
467 1883 560 1947 tragici.
589 1884 679 1938 Soccus,
692 1883 847 1933 calceamenti
878 1886 949 1944 serpit
966 1885 1039 1940 humi,
1050 1885 1076 1929 in
1090 1900 1116 1931 re
1132 1883 1215 1930 humili
1225 1884 1311 1930 altiore
1322 1879 1442 1946 effectae,-

291 1963 366 2009 genus
376 1947 499 2004 humilius,
510 1963 558 2010 quo
569 1946 681 2002 cornoedi,
693 1954 717 1995 et
729 1950 845 2003 rattruut,
877 1951 918 2008 qui
929 1950 1019 2010 tragica
1030 1956 1051 1993 et
1062 1950 1146 1995 comice
1155 1949 1280 2007 penniscet,
1289 1955 1353 2001 cett„
1365 1948 1387 1992 is
1397 1947 1441 1992 ab·

289 2012 444 2060 calceamenti
456 2027 531 2076 genus
543 2010 656 2074 grandius
670 2019 694 2059 et
705 2011 785 2066 altius,
799 2027 847 2076 quo
878 2014 963 2058 itinere
973 2013 1036 2058 debet
1047 2028 1061 2056 u
1072 2012 1196 2058 uribendis
1205 2012 1355 2058 carminibus.

288 2075 390 2138 tragoedi
412 2077 437 2123 in
456 2091 528 2125 scena
548 2077 584 2124 uti
601 2075 718 2132 solebant,
733 2075 784 2140 jam
803 2091 845 2140 pro
911 2075 955 2131 86,
977 2076 1017 2123 st.
1036 2074 1168 2135 Descriptus
1184 2090 1275 2122 seruere
1291 2076 1359 2129 oues,
1377 2078 1441 2120 cett.

289 2140 407 2189 comoedia
416 2149 440 2190 et
450 2140 576 2202 tragoedia,
588 2139 718 2204 etquidem
733 2139 844 2204 pulcher·
877 2153 920 2186 cur
930 2155 975 2202 ego
986 2145 1062 2204 poeta
1074 2153 1160 2186 nomen
1172 2153 1236 2201 gero,
1248 2137 1268 2184 si
1286 2153 1328 2201 pro
1346 2135 1441 2200 ingenii

288 2203 346 2252 rime
368 2212 393 2253 et
414 2203 657 2254 accommodatissime
683 2203 713 2251 ad
736 2206 844 2260 iambum,
877 2202 991 2251 tenuitate
1003 2208 1045 2250 aut
1056 2217 1105 2249 non
1115 2217 1209 2267 possum
1225 2217 1316 2250 servare
1325 2209 1351 2249 et
1362 2201 1441 2256 obire,

287 2283 367 2330 quem,
390 2279 417 2317 ut
432 2271 517 2330 pedem,
535 2272 587 2335 jam
606 2271 663 2316 rocci
681 2275 706 2316 et
725 2271 845 2316 certissimi
876 2281 931 2376 pute
953 2265 1071 2330 descripta
1092 2275 1168 2330 poetae
1186 2281 1284 2315 munera
1301 2265 1394 2326 (sices)
1415 2275 1442 2313 et

288 2335 369 2393 cepisse
378 2332 499 2381 dicuntur.
894 2331 974 2378 ivereae
985 2328 1043 2378 artis
1053 2331 1152 2394 poetice
1165 2331 1256 2395 species
1266 2330 1382 2393 (coleres)
1393 2344 1440 2377 en·

320 2395 360 2450 al,
395 2398 435 2444 82.
462 2399 565 2444 Alternis
592 2405 671 2458 aptum
697 2396 843 2450 sermonibus,
877 2393 954 2458 igunt,
966 2402 1016 2450 aut,
1029 2410 1084 2458 qua
1095 2393 1202 2457 exigunt,
1214 2393 1314 2458 ignoret

286 2467 343 2507 cett.
361 2461 440 2516 Quam
447 2460 494 2507 vim
504 2459 597 2507 iambus
606 2459 631 2506 in
640 2459 842 2508 sennocinatieni-
908 2461 948 2507 88.
968 2459 1017 2506 Cur
1032 2461 1126 2515 nescire,
1144 2467 1201 2506 cett
1235 2459 1285 2506 Cur
1299 2457 1330 2503 ob
1348 2456 1440 2520 impor-

286 2521 332 2570 bus
355 2523 455 2574 scenicis
477 2523 572 2580 babeat,
590 2531 615 2571 et
634 2523 751 2587 quomodo
770 2521 843 2571 iambi
876 2531 963 2570 tuuum
980 2520 1103 2587 pudorem,
1118 2537 1156 2569 me
1173 2521 1265 2585 aliquid
1282 2521 1399 2585 ignorare,
1412 2521 1440 2569 in

286 2602 331 2634 usu
359 2595 518 2653 spectatorum
545 2587 657 2653 strepitus
686 2589 769 2636 lortius
791 2604 842 2653 per-
876 2587 921 2636 hac
934 2585 1067 2651 ignorantia
1078 2593 1183 2652 perstare
1191 2595 1214 2635 et
1226 2602 1263 2635 me
1272 2584 1438 2650 tupiterdare,

287 2650 359 2700 vinci.
367 2653 490 2725 supprimi,
498 2661 523 2701 et
530 2652 648 2716 compesci
657 2651 772 2716 possit,id
781 2652 845 2700 auri·
876 2667 948 2716 quam
960 2650 1025 2715 quod
1037 2650 1045 2697 i
1079 2666 1119 2699 ore
1131 2650 1222 2699 discere
1232 2650 1313 2698 maloi

286 2714 332 2762 bus
359 2732 434 2779 magis
456 2716 546 2781 percipi
567 2731 639 2778 quam
662 2716 740 2763 verbis
767 2715 846 2765 doceri
910 2718 1015 2765 tta-91.
1055 2717 1142 2762 ersibiu
1159 2717 1239 2775 aponi
1255 2715 1359 2777 tragicis,
1378 2720 1439 2761 cett.

286 2786 378 2853 potest;
397 2780 452 2829 binc
463 2784 550 2829 iambres
562 2781 638 2828 lactus
649 2788 673 2828 et
686 2791 754 2829 nutus
764 2780 795 2828 ad
808 2796 844 2830 res
878 2778 1085 2839 Quemadmodum
1103 2793 1140 2825 res
1155 2779 1248 2826 comica
1263 2793 1311 2825 non
1326 2776 1379 2824 vult
1393 2791 1439 2825 ex-

285 2858 311 2891 rn
322 2860 393 2893 scene
405 2846 508 2909 agendas
519 2844 612 2893 dicitur.
877 2844 932 2909 poni
943 2844 1032 2906 tragica
1043 2842 1197 2898 sublimitate,
1208 2841 1440 2905 itaettmgica,e1·

318 2910 359 2957 83.
378 2910 482 2966 Fidibus,
502 2910 568 2973 lyrm,
586 2906 709 2957 testudini.
745 2910 844 2959 Pueros·
877 2908 950 2974 empli
967 2922 1039 2955 causa
1055 2906 1158 2955 nefanda
1171 2906 1216 2954 ills
1229 2920 1301 2955 coena
1311 2907 1438 2971 Thyestae,

299 2990 327 3023 us
345 2974 453 3031 Deorum,
471 2976 569 3023 heroes:
588 2988 642 3038 sup.
661 2972 711 3021 Od.
729 2972 761 3032 iv,
774 2976 800 3031 2,
814 2976 845 3021 14
877 2988 958 3021 versus
980 2974 1111 3036 (privatos)
1128 2979 1212 3018 tenues
1226 2979 1250 3019 et
1267 2972 1316 3018 iere
1333 2969 1440 3018 comicos

284 2992 369 3087 lienes
380 3048 494 3087 vocantur
508 3040 607 3086 Deorum
619 3040 723 3111 inriguis.
877 3036 975 3101 respuit.
1010 3036 1122 3083 Primtis.
1148 3035 1259 3082 camnine
1268 3037 1372 3096 privetu,
1383 3033 1439 3097 qui-

318 3104 359 3150 84.
377 3103 408 3150 Et
423 3105 526 3167 pugilem
537 3106 651 3157 uictorem,
664 3117 689 3149 in
704 3100 767 3150 ludis
779 3100 843 3149 lstlr·
877 3102 923 3149 bus
938 3116 986 3148 non
1002 3114 1077 3163 reges,
1090 3098 1194 3163 tyranni,
1212 3098 1340 3164 principes,
1351 3098 1438 3152 duces,

286 3166 355 3215 micis
367 3175 391 3215 et
402 3166 549 3231 Olympicis:
568 3166 601 3214 ci.
612 3181 666 3230 sup.
677 3164 726 3213 Od.
738 3166 770 3221 iv,
783 3167 808 3220 3,
821 3167 844 3213 3.
877 3165 940 3213 sicut
950 3165 975 3211 in
986 3163 1112 3226 tragoedia,
1123 3163 1166 3212 sed
1180 3166 1276 3224 private
1291 3163 1346 3209 vite
1360 3161 1438 3210 homi·

286 3230 412 3279 Horatium
427 3232 452 3279 in
472 3231 516 3279 hoc
532 3246 600 3280 versu
617 3230 747 3278 Pindarum
758 3230 841 3295 praeci-
874 3244 917 3277 nes
931 3227 1113 3288 describuntur;
1137 3242 1192 3290 ergo
1209 3226 1344 3274 humilioris
1364 3241 1436 3289 argu-

284 3308 339 3358 pue,
358 3302 386 3341 ut
396 3303 510 3359 sequente
522 3311 590 3345 versu
607 3294 716 3359 Sapphus
733 3304 757 3342 et
773 3294 841 3341 Ana·
874 3291 962 3350 menti;
977 3308 1048 3353 prope
1063 3307 1123 3339 socco
1141 3291 1231 3353 Digne,
1247 3290 1278 3338 ad
1295 3299 1438 3354 argumenta

284 3357 386 3406 creontis
396 3359 582 3425 carminalyrica
590 3358 729 3424 respexisse,
740 3358 841 3422 quilibet
873 3372 929 3467 pum
946 3356 972 3403 in
988 3354 1106 3403 comoedia
1124 3362 1254 3403 tractantur
1277 3370 1349 3419 prope
1367 3369 1438 3402 acce·

283 3421 356 3471 ridet.
391 3422 480 3487 Quum
498 3427 620 3473 certamine
630 3426 747 3485 primum
763 3437 841 3487 equus
890 3420 964 3469 entia.
999 3420 1069 3467 Cena
1083 3419 1191 3483 Thyeste,
1204 3417 1247 3465 ubi
1258 3420 1349 3467 Atreus
1368 3418 1436 3466 tratri

284 3486 348 3535 enim
365 3486 389 3535 in
407 3488 536 3538 certamine
547 3488 630 3543 victor,
641 3486 711 3535 simul
728 3502 782 3534 cum
794 3485 843 3535 vic·
876 3485 987 3549 Thyeste
1006 3482 1099 3531 occisos
1115 3498 1210 3547 pueros,
1222 3498 1282 3546 quos
1298 3483 1338 3530 bic
1349 3481 1438 3529 furtivo

285 3559 335 3599 tore
358 3552 472 3600 celebrari
494 3553 599 3603 solebat:
628 3550 667 3599 vid
689 3552 796 3615 Interpp.
814 3549 844 3599 ad
876 3564 955 3598 amore
973 3564 1002 3596 ex
1024 3548 1123 3611 AErope,
1141 3545 1210 3594 Atrei
1228 3563 1310 3604 uxore,
1328 3561 1438 3612 procrea·

285 3614 359 3665 Pind.
371 3616 469 3682 Olymp.
480 3615 497 3674 i,
509 3620 550 3667 29.
877 3620 951 3668 verat,
962 3609 1094 3677 epulandos
1105 3612 1224 3676 apposuit.

318 3682 357 3728 85.
376 3682 406 3727 Et
418 3686 534 3744 Juvenum
553 3696 629 3735 curus,
648 3694 756 3736 amores,
774 3693 839 3733 nam,
905 3679 945 3725 92.
963 3676 1063 3738 Singula
1078 3691 1177 3738 queque,
1188 3682 1247 3723 cett.
1262 3672 1436 3737 singulaque·

285 3752 312 3793 ut
324 3744 426 3793 O‘vidius
443 3746 509 3794 canit
525 3744 638 3809 (Heroid.
657 3742 673 3799 i,
690 3743 740 3803 12),
754 3742 799 3790 lies
811 3753 843 3791 est
874 3756 923 3805 que
946 3741 1027 3789 locum
1049 3738 1107 3787 sorti
1128 3737 1247 3803 cujusque
1268 3736 1439 3785 convenienter

282 3810 376 3859 solliciti
392 3812 462 3873 plenu
474 3814 561 3859 timeris
571 3826 642 3857 emor.
676 3806 761 3854 Libero
778 3810 842 3863 vinu,
875 3803 1052 3869 occupandum,
1063 3812 1091 3851 ut
1100 3803 1177 3860 decet,
1189 3810 1295 3851 teneant.

284 3882 312 3921 ut
332 3890 387 3939 sup.
406 3874 455 3925 0d.
472 3874 505 3931 iii,
524 3876 563 3929 la,
583 3876 607 3930 6,
623 3875 677 3921 uine
695 3872 840 3935 iurgu,qnae
904 3870 1010 3918 93—98.
1029 3867 1150 3915 Interdum
1165 3877 1250 3921 minen,
1266 3874 1323 3913 cett.
1358 3865 1437 3913 Inter-

283 3936 381 3987 liben'us
397 3948 422 3987 et
437 3938 525 4002 largius
537 3938 651 3986 bibuntur
666 3936 690 3984 in
701 3935 764 3983 laetis
775 3952 841 3983 com·
873 3933 928 3981 dum
939 3932 1012 3981 etiam
1021 3932 1047 3978 in
1062 3930 1190 3987 comedia,
1203 3947 1259 3979 curn
1276 3928 1355 3995 prodit
1365 3929 1437 3977 homo

283 4002 454 4065 potationibus.
497 4006 560 4051 Sunt
595 4002 619 4050 ui
638 4004 691 4049 uiuu
709 4002 781 4047 libere
796 4015 839 4049 ex·
873 3996 975 4062 graviter
996 4005 1137 4053 commotus,
1159 3995 1240 4043 locum
1267 3994 1340 4042 habet
1363 3993 1438 4041 oratio

283 4065 382 4131 plicent,
395 4077 479 4131 pectus
492 4019 723 4115 nursinensis.
873 4060 1027 4119 concitatum
1052 4060 1109 4107 hinc
1129 4059 1244 4108 Chremes
1264 4057 1329 4123 apud
1347 4059 1438 4106 Teren-

316 4134 421 4181 86-98.
450 4132 581 4197 Septimum
600 4132 767 4192 Praeceptum:
793 4128 841 4182 Qui
872 4127 932 4174 tium
952 4124 1125 4189 (HeautAct.
1142 4123 1181 4185 v),
1199 4123 1234 4171 ira
1247 4130 1351 4177 tumens,
1369 4122 1439 4168 sevit

283 4196 384 4245 diuersos
395 4200 419 4244 in
430 4198 517 4244 diverso
529 4198 656 4243 carminum
672 4208 754 4256 genere
771 4197 839 4240 susti·
873 4200 898 4240 et
914 4189 1006 4251 litigat:
1026 4188 1143 4236 interdum
1163 4188 1320 4248 (plerumque,
1335 4184 1369 4232 ci.
1382 4200 1439 4248 sup.

283 4264 369 4309 nerrdns
389 4270 465 4323 partes
487 4278 530 4307 non
553 4268 679 4321 perspectus
700 4258 764 4303 inber
774 4274 781 4312 ;
801 4260 841 4320 qui
873 4272 898 4303 r.
919 4252 1192 4316 14‚)(nrrngicus)in
1208 4248 1325 4313 tragoedia
1341 4264 1440 4313 quoque

283 4335 348 4371 suern
367 4329 448 4387 cuique
464 4327 563 4372 carmini
581 4332 690 4369 eruturum
706 4330 727 4368 et
739 4322 842 4385 jin-nrum
874 4334 983 4385 persona,
1002 4316 1027 4363 in
1049 4332 1145 4364 scenam
1185 4315 1290 4369 reducta,
1311 4312 1441 4361 humiliore

284 4384 380 4437 indecere
407 4406 452 4436 non
476 4391 574 4443 didicit,
600 4388 639 4449 qui
662 4389 712 4433 ini
752 4387 842 4432 sublimi
875 4382 1005 4449 (pedestri)
1017 4396 1123 4429 sennone
1139 4332 1243 4427 dolorem
1260 4377 1388 4441 exprimit;
1404 4377 1441 4425 sic
