3150 5200
295 367 356 428 182
716 357 1012 425 CARMINUM

509 511 711 597 indignoque
726 515 896 597 pecuniam

550 613 687 677 Haeredi
702 625 867 698 properet.
914 614 1045 678 Scilicet
1059 615 1215 698 improbae

508 715 669 778 Crescunt
684 714 823 778 divitiae:
848 725 954 778 tamen

552 814 664 878 Curtae
678 816 788 880 nescio
804 815 884 897 quid
899 837 1027 899 semper
1042 817 1135 880 abest
1151 815 1208 878 rei.

693 1134 899 1199 CARMEN
924 1133 1038 1198 XXV.

664 1361 1076 1430 Anlnnccuuu.

468 1523 547 1595 Quo
562 1545 623 1598 me,
640 1521 782 1598 Bacche,
799 1523 887 1606 rapis
903 1523 951 1584 tui

511 1624 668 1688 Plenum?
713 1623 799 1696 Quae
814 1644 956 1700 nemora,
973 1634 1029 1687 aut
1044 1643 1126 1706 quos
1142 1643 1222 1704 agor
1236 1621 1271 1684 in
1286 1643 1415 1706 specus,

469 1724 578 1788 Velox
591 1731 698 1787 mente
713 1726 817 1787 noval
863 1723 994 1796 Quibus

510 1823 624 1887 Antris
638 1825 762 1908 egregii
778 1823 919 1887 Caesnris
935 1825 1049 1888 audiar

294 2023 853 2090 equossdhueindomitosvelrudadoinarent
888 2034 934 2073 tur.
961 2022 1373 2090 Improlae‚queimproboinhones
1416 2039 1447 2072 ue

296 2089 445 2137 satisnotnm
457 2097 500 2138 est.
529 2088 594 2136 Hinc
607 2089 721 2137 Horatius
731 2105 786 2154 sup.
798 2088 815 2143 i,
828 2092 853 2144 u,
887 2088 966 2137 studio
981 2089 1037 2136 colli
1071 2099 1124 2138 ntur
1139 2089 1210 2153 (hinc
1226 2087 1270 2136 ins.
1283 2087 1361 2152 Epist.
1375 2086 1392 2142 i,
1420 2089 1446 2143 0,

296 2154 320 2209 7,
336 2153 367 2202 de
381 2153 516 2202 effeminato
531 2151 625 2216 Sybari,
643 2152 737 2200 Gallica
757 2169 797 2200 nec
814 2155 852 2200 tu·
886 2153 926 2210 40,
937 2168 1021 2202 avarus
1049 2153 1117 2202 icitur
1126 2153 1272 2216 improbus),·
1285 2151 1322 2200 vel
1330 2150 1447 2214 simpliei-

294 2220 357 2278 potis
372 2217 490 2280 Temperat
507 2217 646 2282 orasraenis.
682 2215 851 2271 anritimet,
886 2223 927 2273 ter,
952 2233 1053 2290 magne,
1067 2217 1184 2280 ingentes.
1221 2216 1265 2263 Rei
1281 2225 1362 2270 curte,
1379 2214 1446 2278 ejus-

295 2281 444 2329 venntionem
460 2280 563 2344 refugit;
580 2287 607 2327 ut
620 2295 675 2343 sup.
686 2279 703 2334 i,
716 2282 740 2336 8,
753 2282 777 2334 θ,
791 2283 854 2328 timet
885 2279 950 2328 modi
975 2279 1064 2329 duritiis
1091 2295 1154 2344 quse,
1177 2287 1231 2328 utut
1257 2278 1352 2344 amplae,
1374 2289 1447 2327 curte

298 2343 396 2391 Tiberim
407 2355 511 2408 tangere.
540 2343 620 2391 Graeco
629 2345 713 2392 trocho.
745 2343 853 2400 Trochus,
885 2351 966 2393 tamen
984 2353 1008 2392 et
1026 2359 1103 2410 parvae
1121 2341 1296 2392 insatiabilibus
1311 2357 1393 2390 earum
1411 2341 1447 2388 vi·

297 2406 415 2471 (τρόχος)
432 2407 537 2455 circulus
553 2406 668 2462 aheneus,
685 2415 741 2455 rotn
758 2407 852 2462 similis,
885 2407 971 2456 dentur
987 2407 1177 2473 possessoribus;
1197 2421 1253 2454 nam
1270 2414 1297 2454 ut
1314 2405 1375 2454 Hor.
1391 2419 1447 2470 sup.

296 2486 369 2533 quem
388 2470 453 2535 pueri
469 2469 616 2518 ludentesvi
669 2470 853 2520 senencircum-
885 2470 921 2527 iii,
936 2473 974 2529 16,
989 2475 1029 2528 42,
1042 2471 1121 2520 Multa
1130 2473 1258 2533 petentibus
1269 2472 1352 2518 desum
1363 2471 1447 2516 mults.

296 2535 408 2596 agebant,
427 2533 485 2581 dum
507 2533 578 2582 valde
600 2533 630 2581 de
639 2534 779 2583 ectabantur
802 2535 854 2601 ejus
887 2535 928 2583 Cl.
942 2535 1093 2601 Boettigerus
1104 2542 1225 2601 compunt
1236 2532 1344 2600 Euripid.
1357 2533 1448 2581 Eleetr.

297 2598 403 2663 strepitu,
416 2613 488 2709 guen
502 2598 589 2645 annexi
604 2599 688 2647 annuli
704 2598 765 2647 inter
780 2616 853 2663 ngen-
885 2601 942 2649 94³.

296 2660 354 2708 dum
374 2661 418 2710 ede
435 2669 492 2709 ant:
518 2660 566 2709 vid.
584 2662 722 2711 lllercurial.
744 2663 775 2711 ds
798 2665 854 2713 Art.

298 2725 389 2789 Gymn.
410 2725 444 2781 iii,
468 2728 493 2774 8.
534 2726 620 2782 Graeoo,
643 2741 657 2773 e
679 2726 775 2775 Grecis
791 2728 854 2776 enim
1039 2726 1193 2776 CARMEN
1211 2726 1294 2774 XXV·

297 2788 323 2835 in
342 2789 439 2838 ltaliam
458 2788 597 2837 translatum
613 2790 690 2838 fuerat
704 2788 750 2838 hoc
766 2791 854 2839 instru-
920 2791 1025 2855 Augusti
1035 2790 1127 2839 divinos
1138 2790 1239 2839 honores
1249 2790 1298 2837 sive
1308 2788 1450 2841 ἀποθᾶυσιν

297 2861 403 2901 mentum
428 2852 559 2914 lusorium3
585 2857 748 2917 grsenbantur
774 2854 854 2919 igitur,
886 2856 1073 2919 canninequam
1090 2854 1192 2902 maxime
1205 2851 1448 2902 sublimieelebtstn-

297 2925 325 2964 ut
342 2916 385 2965 ins.
401 2920 451 2965 Sat.
468 2918 493 2973 ii,
510 2920 535 2973 2,
553 2919 582 2965 ll
600 2918 696 2975 dicitur,
716 2919 784 2983 pueri
803 2919 855 2967 Ro·
887 2934 937 2975 rus,
949 2920 1051 2968 suroiem
1063 2934 1134 2983 quern
1147 2917 1260 2965 Bacchus
1276 2917 1352 2982 poetis
1367 2916 1449 2983 dithy-

297 2981 372 3029 mani.
407 2984 482 3030 l'ettta
499 2984 587 3045 legibus
603 2984 663 3040 alea,
683 2982 740 3030 hine
756 2986 785 3031 de
804 2984 854 3031 ntea
887 2983 997 3031 iambicis
1006 2983 1130 3030 immittere
1138 2982 1276 3047 putubatur,
1286 2989 1380 3045 pectore
1388 2996 1449 3029 con·

296 3051 307 3099 (
313 3045 338 3092 h.
350 3062 372 3094 e.
384 3046 449 3101 lusu,
461 3046 531 3111 cujus
542 3054 649 3102 eventus,
659 3046 757 3111 jactatis
769 3062 854 3113 nempe
886 3046 945 3112 cipit
956 3046 1077 3095 Horatius.
1112 3045 1205 3094 Bacchi
1220 3044 1292 3108 igitur
1301 3044 1380 3093 lurore
1394 3046 1448 3109 ple·

295 3109 351 3157 tulis
368 3112 406 3159 vel
425 3111 528 3168 tesseris,
545 3110 570 3158 in
588 3110 687 3158 fortune
703 3110 794 3174 positus
809 3111 855 3159 fuit
887 3126 942 3168 nus,
964 3110 999 3159 uti
1022 3112 1116 3159 Maenes
1143 3109 1234 3174 alique,
1256 3110 1282 3157 in
1305 3122 1403 3157 nenton
1423 3120 1450 3160 et

296 3174 402 3230 arbitrio,
432 3190 483 3229 nos,
510 3174 699 3236 Hazard-Spiet)
719 3176 854 3223 cmtdemna-
886 3189 972 3247 specus
981 3173 1095 3228 aufertur,
1106 3172 1148 3221 ubi
1158 3173 1182 3220 in
1195 3180 1261 3221 antm
1273 3172 1377 3238 quodem
1388 3174 1449 3221 snb-

294 3247 369 3285 torum
381 3239 525 3286 mentionem
535 3238 592 3286 facit
606 3237 689 3286 Cicero
705 3238 812 3304 Philipp.
824 3238 850 3294 ii,
885 3236 942 3285 lime
955 3246 980 3285 et
994 3237 1128 3285 inauditum
1144 3244 1199 3285 snts
1215 3236 1241 3284 in
1258 3236 1373 3301 Augusti,
1385 3236 1451 3286 inter

295 3302 336 3348 2³.
885 3300 942 3351 deos
962 3301 1039 3356 relati,
1058 3300 1142 3349 laudes
1160 3315 1257 3349 cannen
1275 3300 1383 3349 dicturus
1400 3310 1449 3350 est.

326 3365 433 3412 59-64.
451 3364 627 3425 Quumpejura
638 3367 713 3425 patris
715 3364 786 3427 fides,
797 3372 852 3414 cett.
886 3366 946 3413 Mox
979 3365 1087 3413 nululum
1103 3379 1133 3412 ex
1149 3363 1223 3412 animi
1238 3363 1276 3412 sui
1292 3364 1396 3413 tumultu
1415 3365 1449 3413 ad

294 3424 350 3473 dum
363 3434 389 3474 tu
419 3424 520 3473 ifraude
529 3433 595 3490 pater
605 3426 705 3475 cormdit
715 3428 851 3492 pecuniam,
885 3444 911 3477 se
928 3382 1021 3478 tullens
1039 3426 1208 3493 circumspicit,
1223 3436 1248 3476 et
1265 3428 1328 3483 locs,
1344 3428 1375 3475 sd
1409 3442 1449 3478 un

293 3503 365 3551 quam
381 3442 445 3560 filus
460 3490 579 3553 profusius
591 3489 714 3563 dilapidet.
747 3490 852 3540 Sunium:
885 3491 962 3541 furooe
973 3493 1077 3557 percitus
1088 3491 1183 3540 delatus
1193 3490 1232 3547 sit,
1243 3491 1350 3539 miratur.
1404 3508 1450 3541 um

292 3555 365 3599 socius
379 3551 475 3608 dicitur,
487 3568 589 3617 quocum
604 3570 659 3617 quis
674 3555 700 3602 in
715 3555 782 3602 lucro
794 3556 851 3605 leci-
886 3556 1011 3605 Bacchum
1025 3555 1139 3631 appellet,
1150 3564 1182 3611 et,
1194 3555 1266 3619 quale
1281 3570 1377 3604 carmen
1388 3570 1449 3604 can-

293 3614 355 3663 endo
370 3614 506 3665 societatem
523 3616 584 3664 iniit
616 3618 711 3665 Fallat:
728 3620 852 3669 commode
885 3628 977 3669 taturus
992 3620 1130 3675 sit,1terum
1145 3619 1274 3684 profitetur.
1306 3622 1384 3667 Sensn
1400 3634 1449 3667 eu·

292 3677 392 3726 laudant
404 3680 458 3728 Cic.
475 3697 499 3745 p.
516 3681 592 3729 Rose.
605 3683 686 3731 Amet.
704 3685 750 3730 ⁴0:
768 3684 798 3730 ln
815 3701 850 3731 re·
885 3692 931 3732 tem
943 3685 1020 3733 dulcis
1030 3682 1096 3731 illius
1107 3683 1199 3739 luroris,
1212 3698 1260 3747 quo
1271 3682 1313 3747 qui
1321 3682 1450 3731 Bacchum

292 3744 333 3789 bus
352 3746 478 3791 minoribus
494 3747 578 3792 mium
587 3745 678 3809 falters
695 3749 851 3807 turpissimum
883 3756 1017 3811 sequuntur
1033 3745 1213 3821 perfunduntur,
1231 3746 1350 3795 delenitus
1368 3746 1452 3797 subito

292 3812 333 3852 est.
367 3807 437 3854 Recte
453 3810 529 3871 igitur
540 3813 705 3871 majoratum,
717 3812 851 3872 quisoeium
884 3826 981 3861 carmen
1001 3812 1061 3859 linit.
1105 3808 1172 3867 Quid
1192 3825 1219 3857 as
1263 3810 1287 3858 ui
1308 3818 1378 3875 poeta
1400 3809 1450 3860 hoc

284 3868 420 3933 fgfetlimt,
432 3873 457 3918 in
468 3873 574 3919 bonorum
588 3875 691 3921 virorum
702 3890 797 3921 numero
807 3892 852 3923 mm
885 3876 989 3924 carmine
999 3874 1173 3938 dithymmbico
1189 3874 1333 3938 (quaesere
1345 3882 1383 3922 est
1392 3888 1450 3939 sup.

289 3943 406 3993 putarunt
417 3936 495 3982 haberi
506 3945 631 3998 opportere.
655 3938 795 3985 Corumtem:
814 3954 852 3986 so·
884 3938 910 3995 ii,
920 3939 964 4003 19)
976 3939 1084 3994 voluerit,
1093 3937 1163 3985 facile
1175 3946 1281 4003 apparet.
1315 3936 1451 3988 Ostendent

291 3997 344 4046 cius
371 3997 457 4047 dicitur
483 4016 579 4073 consors,
606 4000 656 4063 qui,
682 3999 747 4077 quod
766 4012 853 4074 'sortem
886 4018 971 4068 nempe
992 4002 1077 4057 voluit,
1099 4016 1148 4065 quo
1170 4016 1209 4049 ose
1233 4000 1337 4065 Augusti
1361 4000 1451 4050 leudes

290 4061 790 4192 ltttttt„tttttutttuttlt
801 4080 850 4166 ¹³⁶1
883 4066 1046 4179 {ttttttff
1061 4065 1450 4185 ttt‚⁶ttt‘·0lttt:ttf

289 4196 338 4237 tem
351 4190 478 4255 ,postulare
498 4200 582 4255 potest.
622 4192 732 4255 Indigno,
751 4143 851 4256 proillio
883 4194 948 4259 quod
966 4210 991 4243 se
1009 4193 1117 4243 meditari
1136 4193 1177 4249 sit,
1196 4192 1310 4248 carmine,
1327 4192 1399 4241 tacite
1417 4192 1452 4242 iis

289 4268 383 4318 nempe.
422 4256 547 4303 Pecuniam
602 4266 695 4317 opst-et:
726 4272 851 4319 properare
882 4258 998 4308 canendis
1006 4268 1030 4307 et
1039 4258 1136 4306 uberius
1146 4254 1451 4321 enarrandisseimpsrem

284 4321 406 4377 pecuniam
425 4318 546 4382 eleganter
582 4318 686 4376 icuntur,
704 4319 747 4385 qui
763 4320 849 4369 diurna
880 4322 1009 4387 profitetur.
1044 4324 1100 4380 Quo
1114 4320 1212 4433 “lumem
1227 4319 1286 4367 nihil
1303 4320 1333 4368 ad
1348 4326 1450 4370 tentstae

288 4388 452 4454 necturnsque
462 4396 534 4448 opera
542 4382 635 4455 iaciunt
645 4390 785 4448 tententque
796 4400 846 4432 om·
880 4386 914 4436 rei
925 4385 1107 4451 amplitudinem
1136 4384 1292 4447 esignsndsm
1304 4382 1384 4449 aptius
1391 4398 1451 4446 grs-

288 4447 445 4509 nxe,qu1bus
466 4461 593 4512 pecuniam
613 4457 753 4496 coacervent
760 4468 768 4508 3
789 4448 846 4498 hinc
880 4449 1146 4515 vinsquespoetnlingi
1154 4446 1452 4514 potuitmisupargum.

286 4524 371 4555 auarus
382 4511 504 4564 Juvenali,
516 4510 565 4565 xiv,
580 4510 635 4566 117,
647 4526 771 4573 properam
785 4511 846 4559 dici-
880 4515 910 4562 ad
923 4514 940 4570 i,
952 4516 976 4562 6.
