3150 5200
602 383 767 452 LIBER
790 385 817 464 1,
841 387 872 450 3.

250 534 338 600 Huic
354 557 464 620 parco,
482 538 594 621 paucis
608 548 777 602 contento:
802 537 945 620 quinque
961 537 1078 601 diebus

250 635 310 699 Nil
322 646 393 700 erat
407 637 441 700 in
455 637 579 702 loculis.
625 638 751 703 Noctes
767 638 923 723 vigilabat
937 639 980 702 od
996 640 1102 723 ipsum

250 736 368 816 Mane3
393 739 478 802 diem
493 750 597 804 totum
613 741 780 804 stertebat.
826 739 885 804 Nil
900 740 962 804 firit
975 761 1119 825 unquam

251 836 306 902 Sic
320 838 424 922 impar
440 841 511 904 sibi.
557 841 657 905 Nunc
672 841 788 924 aliquis
804 842 893 906 dicat
905 841 995 918 mihi,
1012 840 1103 914 Quid
1119 841 1177 903 tul

185 939 230 1002 20
251 939 394 1004 Nullane
408 941 511 1006 habes
526 943 625 1006 vitiat
670 940 771 1007 Immo
787 943 860 1019 alia,
875 941 964 1006 haud
978 941 1118 1006 sortasse
1131 935 1265 1004 minora.

250 1039 392 1105 Maenius
407 1043 575 1106 absentem
589 1043 733 1107 Novium
748 1044 827 1106 dum
842 1055 1001 1128 carperet,
1017 1042 1112 1106 Heus
1128 1051 1175 1118 tu,

251 1142 394 1215 Quidam
410 1143 466 1219 ait,
482 1145 612 1226 ignoras
628 1155 671 1221 te,
688 1166 729 1207 an
744 1155 781 1207 ut
796 1145 943 1228 ignotum
957 1144 1037 1207 dare
1051 1144 1146 1207 nobis

250 1242 364 1307 Verbo
378 1247 496 1327 putas?
544 1245 686 1328 Egomet
700 1245 743 1306 mi
758 1244 903 1328 ignosco,
921 1244 1063 1308 Maenius
1079 1243 1194 1326 inquit.

251 1343 378 1408 Stultus
393 1355 427 1408 et
442 1345 609 1428 improbus
625 1345 678 1408 hic
694 1366 782 1408 amor
798 1356 859 1422 est,
876 1345 1061 1429 dignusque
1076 1345 1192 1407 notari.

186 1444 230 1507 25
252 1444 363 1517 Quum
378 1455 435 1509 tua
448 1445 619 1529 pervideas
635 1445 736 1510 oculis
752 1445 834 1510 male
848 1446 958 1531 lippus
973 1446 1125 1521 inunctis,

251 1544 320 1608 Cur
334 1546 368 1607 in
383 1546 557 1610 amicorum
571 1546 657 1610 vitiis
672 1556 737 1609 tam
752 1547 858 1610 cernis
873 1558 1015 1625 acutum,

253 1646 361 1719 Quam
375 1658 432 1710 out
447 1647 555 1730 aquila
569 1658 626 1711 aut
641 1669 775 1731 serpens
792 1647 1017 1732 Epidaurius?
1039 1661 1074 1713 at
1088 1648 1148 1712 tibi
1163 1656 1277 1712 contro

165 1847 278 1912 quentis:
296 1847 722 1908 sid.Burm.sdPetron.c‚127,3,
753 1849 779 1906 ii,
799 1854 823 1909 8,
842 1853 892 1901 299
911 1851 1007 1909 dicitur,
1027 1867 1076 1901 non
1094 1849 1180 1900 didicit
1253 1852 1311 1898 icere

165 1919 189 1961 et
208 1912 239 1960 sd
259 1911 363 1970 Quintil.
381 1913 452 1962 Dacl.
472 1931 511 1963 xv.
545 1915 626 1964 Mensa
642 1919 722 1977 tripes,
753 1918 762 1962 i
819 1919 965 1978 opsndeutio
975 1926 1050 1980 tergo,
1061 1915 1104 1965 ubi
1116 1918 1195 1980 ignoto
1208 1929 1311 1962 meren·

167 1975 249 2025 Schol.
261 1977 337 2040 Cruq.
348 1993 424 2025 menso
439 1977 481 2025 Del
497 1980 557 2035 lica,
568 1997 583 2026 a
594 1981 667 2028 tritos
682 1995 721 2040 ps-
770 1993 811 2026 um
828 1987 865 2028 est
879 1979 910 2028 ad
927 1979 1057 2035 homiuem,
1073 1979 1115 2044 qui
1130 1977 1195 2043 quod
1211 1976 1313 2043 pendeat

165 2042 321 2089 ditmdicto:
338 2039 393 2088 vide
420 2055 463 2088 uos
473 1995 591 2092 dementis
603 2043 721 2104 Delphicis
752 2042 829 2108 ipsius
840 2051 904 2106 tergo
914 2043 1015 2106 ignorat.

165 2057 471 2182 loudathnestindlov.
484 2106 720 2156 Cic.in1nd.Geo·
785 2109 828 2155 24.
844 2107 858 2155 l
909 2111 971 2164 otus,
994 2107 1080 2163 malus,
1103 2120 1226 2180 ppryersus
1234 2121 1242 2164 ;
1259 2107 1310 2179 ¹z'u·

167 2167 528 2281 “tttnttttf‘snt
543 2234 720 2300 corpur...
751 2169 1315 2308 ttttn..t..¹t”t.ztl.tt¹?¹bt⁸..t”¹.t

163 2299 263 2356 periotes
283 2297 310 2342 ιἰι
329 2298 420 2343 morino
442 2299 527 2344 conclu
547 2299 616 2345 solem
638 2301 722 2347 tritam
754 2313 801 2346 sur.

165 2361 245 2408 tuom
265 2361 346 2415 solent,
369 2376 412 2432 pao
433 2377 484 2408 oum
510 2378 570 2423 pons
593 2373 722 2411 vomantur.
785 2364 828 2412 25.
847 2363 924 2416 Quom
952 2374 995 2412 tuo
1019 2363 1137 2425 pervidens
1159 2362 1232 2408 oculu
1255 2362 1314 2409 mols

167 2423 237 2478 Pari,
249 2421 344 2485 integri,
356 2421 451 2472 sinceri.
755 2427 832 2488 lippus
842 2429 953 2482 inunctis,
964 2443 1020 2475 cnm
1033 2442 1070 2483 ea,
1085 2440 1140 2499 qun
1155 2423 1186 2471 ad
1199 2423 1312 2488 teipsum

201 2488 240 2542 15,
255 2488 294 2534 16.
311 2487 423 2542 Dedisses,
434 2487 456 2535 si
466 2487 580 2546 dedisses,
590 2492 662 2539 decies
671 2507 723 2538 cen·
755 2499 872 2554 spectant,
883 2490 960 2538 oculis
970 2489 1083 2538 intnesris
1094 2503 1119 2536 ιιι
1130 2486 1235 2536 fraudem
1246 2495 1313 2535 tuom

167 2561 228 2607 tsuo,
244 2565 279 2600 so.
297 2549 373 2599 millia
391 2551 532 2601 sestertilim.
564 2554 627 2603 Huic
646 2569 723 2615 porco,
756 2553 926 2610 hebetioribus,
939 2554 1023 2619 quales
1033 2560 1090 2602 sunt
1103 2551 1210 2617 collyriis
1220 2551 1314 2601 inuncti

162 2618 245 2677 paucis
271 2625 383 2671 contento,
413 2616 524 2679 Tigellio,
547 2634 573 2667 so
601 2618 721 2667 hominem
752 2618 913 2729 lippientium.
926 2615 1315 2680 Pmideostpsrtddmexplicsnt

164 2694 263 2790 pascum
283 2687 308 2729 et
326 2679 408 2745 paucis
427 2688 565 2730 contentum
580 2682 650 2731 modo
668 2696 721 2749 pro·
754 2698 783 2731 ve
814 2698 865 2747 pro,
887 2682 918 2730 de
938 2682 1070 2746 longinquo
1087 2680 1184 2739 videre3
1203 2680 1240 2727 vel
1260 2695 1312 2745 pro,

175 2758 237 2793 διο·
755 2745 970 2806 sccumtevidero;
987 2746 1086 2811 velpro,
1129 2744 1247 2792 rlnstrsre.
1281 2745 1312 2792 In

197 2808 240 2855 20.
258 2806 328 2855 Immo
345 2809 402 2863 olio,
425 2809 487 2857 lond
501 2810 603 2876 sortass
624 2812 721 2867 mimo,
755 2808 900 2874 quibusdam
912 2820 968 2859 vett.
980 2810 1039 2858 libb.
1051 2826 1099 2875 epu
1125 2808 1249 2871 Peampm
1258 2824 1314 2870 per-

167 2886 214 2919 non
230 2872 282 2919 haec
293 2870 351 2919 vitis
367 2872 397 2920 Ti
413 2871 473 2928 ellii,
485 2873 557 2924 immo
574 2874 621 2923 alia
637 2874 722 2929 habeo,
755 2876 832 2922 videos
843 2874 931 2938 legitur
941 2876 1068 2937 provideas.
1090 2873 1312 2936 Fuemntquoque,

167 2950 211 2983 nec
223 2936 322 2983 tortasse
332 2890 428 2999 Tigellii
438 2935 502 2985 vitiis
513 2938 609 2987 leviora.
643 2938 691 2986 Pro
699 2948 721 2985 et
754 2935 1313 3003 quiproperotdcasmallentpreotdecs,ita,nt

158 3001 261 3064 sortasse
278 2998 334 3047 dedi
351 3000 530 3065 latusculum,
548 3000 612 3067 quod
628 3000 679 3065 jam
696 3002 722 3049 in
753 3004 876 3063 providere
884 3001 936 3065 jam
948 3001 1038 3049 dictum
1051 3001 1083 3048 sit
1093 3014 1143 3063 pro,
1153 3001 1314 3061 pretcruiders

164 3061 232 3111 editt.
243 3062 302 3111 Ald.
311 3072 335 3111 et
345 3064 361 3112 J
365 3072 415 3111 unt.
424 3074 543 3129 receptum
556 3074 607 3125 est;
624 3065 649 3112 id
657 3065 722 3113 enim
755 3065 968 3139 (παραβλιπιιν).
1001 3065 1049 3114 Sed
1059 3064 1113 3128 quis
1123 3063 1149 3110 in
1160 3062 1197 3110 his
1207 3077 1237 3109 er
1253 3062 1314 3111 lica«

166 3126 225 3174 mihi
247 3126 345 3175 omnino
365 3128 485 3192 postulare
509 3129 602 3178 videtur
624 3129 723 3178 modesti
755 3131 860 3178 tionibus
870 3140 894 3177 et
904 3129 1047 3178 lectionibus
1057 3126 1211 3191 acquiescstl
1236 3078 1313 3239 [ppli-

164 3190 269 3239 hominis
295 3190 424 3255 responsio.
473 3193 534 3251 Quis
561 3192 625 3241 enim
654 3192 723 3241 senet
755 3192 810 3241 dem
821 3193 978 3257 compositum
990 3188 1248 3255 pemidm(scrsdsiv,
1302 3218 1312 3227 -

165 3252 295 3311 hominem,
308 3254 426 3319 quiquis
441 3256 500 3305 vitio
533 3256 627 3306 uaedam
645 3272 723 3331 repre·
757 3257 927 3319 σκέπτεσθαι),
945 3274 986 3323 pro
1007 3255 1116 3320 simplice
1137 3257 1223 3308 videre,
1241 3263 1269 3302 ut
1288 3253 1313 3301 in

166 3316 289 3374 henderit,
307 3319 355 3367 inte
424 3328 472 3376 tus,
485 3329 501 3351 ¹⁴
535 3324 614 3369 uttam
631 3329 658 3369 tn
675 3335 725 3385 ipse
756 3320 840 3369 multis
849 3321 905 3369 aliis
915 3337 968 3371 com
1012 3320 1052 3369 itis
1065 3319 1115 3368 fieri
1130 3317 1199 3373 solet,
1211 3317 1312 3392 positum

166 3383 233 3431 intes
244 3383 333 3430 uitiot''
351 3383 510 3448 responderet,
521 3384 606 3433 Habeo
618 3384 724 3449 quidem,
757 3384 937 3433 esseeristimo.
963 3336 1027 3432 pipp&
1037 3383 1093 3432 addi
1108 3381 1313 3447 soletadjectiris,

166 3445 208 3493 sed
231 3446 329 3495 tortasse
349 3446 379 3495 iis
400 3447 495 3497 leviora.
539 3450 595 3496 Huc
621 3448 723 3504 accedit,
756 3448 799 3503 ita,
811 3457 837 3497 ut
853 3448 885 3496 sit
899 3450 969 3497 modo
984 3465 1034 3514 pro,
1046 3465 1101 3505 ιιοιι,
1113 3446 1149 3496 uti
1161 3448 1220 3494 muts
1234 3462 1313 3502 mnus,

166 3509 231 3573 quod
255 3511 370 3558 Horatius
389 3510 440 3584 jam
467 3527 516 3561 non
539 3512 656 3575 graviora,
683 3510 724 3559 sed
756 3514 816 3560 mole
832 3515 915 3561 herere
932 3513 1004 3577 paulo
1020 3512 1169 3577 postv.³l;
1186 3510 1227 3557 sed
1243 3509 1263 3557 si
1279 3510 1314 3558 ibi

165 3572 257 3622 leviora
272 3584 366 3622 tantum
378 3584 436 3622 ιιιιιι
451 3576 557 3640 Tigellii,
569 3590 654 3641 nempe
669 3591 723 3623 mu·
756 3578 816 3624 mole
826 3577 979 3641 conjunxeris
989 3593 1043 3625 cum
1061 3578 1135 3631 lorus,
1146 3576 1205 3622 mate
1216 3583 1253 3623 est
1262 3589 1313 3638 pro,
1387 3584 1390 3592 “

165 3638 265 3686 tabilem
290 3638 395 3686 animum
415 3647 442 3687 et
460 3655 586 3688 commune
605 3638 726 3705 quoddam
757 3644 842 3698 m‘mis,¹
859 3640 929 3689 modo
944 3640 974 3689 de
989 3658 1021 3696 eo,
1033 3642 1091 3704 quod
1106 3643 1131 3687 ιἰι
1140 3639 1255 3704 jioudcm
1267 3641 1313 3685 nli-

165 3709 290 3750 cantorum
302 3702 395 3758 sitium,
408 3702 506 3751 notavit.
756 3708 823 3767 cujus
834 3708 983 3766 depravatum
996 3715 1037 3760 est,
1046 3712 1073 3751 ut
1084 3704 1108 3751 h.
1121 3703 1139 3750 l.
1151 3704 1210 3750 mals
1221 3704 1298 3765 lippus
1304 3720 1314 3760 ,-

198 3767 240 3813 21.
259 3766 371 3814 Manius:
399 3767 432 3815 cl'.
455 3783 508 3832 sup.
530 3767 561 3816 ad
583 3770 632 3817 Sat.
654 3766 671 3825 i,
694 3769 725 3829 l;
757 3766 828 3817 modo
845 3769 875 3817 de
891 3771 999 3833 ecquod
1011 3770 1316 3829 receditojustomodo,nt

166 3827 237 3893 plura
251 3830 282 3878 de
297 3830 342 3879 hoc
357 3829 453 3881 homine
467 3847 571 3897 nequam
587 3832 643 3881 vide
661 3831 726 3897 apud
757 3831 802 3880 int.
812 3849 836 3881 v.
847 3836 888 3891 tt,
899 3835 959 3881 mats
967 3849 1054 3895 parona
1059 3849 1067 3890 ‚·
1084 3832 1155 3879 modo
1166 3845 1217 3895 pro,
1228 3833 1314 3891 impor-

166 3893 248 3941 Schol.
269 3894 384 3959 Porphyr.
430 3895 542 3944 ll'ouium:
571 3896 610 3944 hic
630 3910 726 3971 quoque
759 3906 823 3953 tuns,
836 3905 864 3944 ut
874 3899 933 3944 mole
942 3898 1052 3953 sedulus3
1069 3893 1139 3943 modo
1154 3909 1205 3959 pro,
1217 3894 1314 3949 moue.

166 3956 236 4007 lromo
254 3958 325 4007 mslae
344 3966 406 4006 notas
425 3958 478 4015 luit,
511 3976 640 4025 numquam
657 3960 726 4009 vitro·
760 3969 787 4007 ut
803 3962 863 4009 mole
878 3976 964 4009 raucus
981 3960 1005 4007 in
1022 3975 1057 4025 sq.
1072 3963 1124 4007 Sat.
1138 3975 1159 4006 ι.
1178 3958 1226 4016 66;
1243 3956 1315 4004 modo

166 4036 234 4133 :pipp
255 4021 344 4086 quibus
367 4022 412 4071 iste
438 3976 546 4081 indulsit,
575 4038 651 4088 genus
678 4040 726 4073 non
757 4040 809 4100 pro,
821 4028 908 4136 piretro,
920 4025 970 4135 pivs
978 4022 1133 4135 1d⁰1w’'qwg
1143 4038 1215 4134 pti-poe
1215 4030 1247 4133 ὀιι
1253 4022 1314 4132 puppii

214 4101 272 4133 sur.
757 4104 919 4144 omsnues,u
940 4105 999 4135 mne
1024 4105 1104 4141 msere,
1134 4102 1203 4141 sat,
1234 4121 1240 4142 ,
1308 4102 1314 4113 ·

199 4150 241 4198 22.
259 4150 356 4213 lgnorcu
372 4162 402 4209 te,
418 4158 460 4199 tua
476 4150 551 4216 ipsius
562 4151 636 4200 vitiol
652 4170 683 4199 on
696 4162 723 4199 ut
756 4160 780 4200 et
796 4152 872 4200 multa
888 4152 944 4207 ulia,
956 4151 999 4199 ubi
1013 4151 1130 4214 particula
1144 4151 1203 4198 mole
1218 4148 1250 4197 sd
1260 4119 1315 4197 uon³

166 4215 269 4276 ignotum
281 4215 492 4263 dorsuotisVertn
537 4218 587 4263 tasi
605 4224 723 4280 anputas,
757 4230 810 4263 sum
821 4215 863 4272 rei,
874 4214 904 4263 de
915 4230 964 4278 qua
975 4230 1051 4263 senno
1064 4224 1109 4273 est,
1120 4213 1261 4288 explicanda
1270 4223 1316 4261 est.

166 4284 198 4332 te,
212 4286 238 4325 ut
248 4277 377 4335 hominem,
389 4278 440 4343 qui,
451 4294 501 4343 qua
510 4279 531 4326 is
542 4278 592 4345 ipse
603 4280 643 4335 sit,
655 4280 721 4342 igno-
757 4280 861 4341 Lippus:
879 4278 998 4344 lippitudo
1013 4278 1065 4343 jam
1076 4280 1105 4327 sd
1119 4294 1236 4333 animum,
1248 4276 1274 4324 in
1290 4292 1315 4326 re

166 4349 210 4397 rat,
222 4342 322 4390 aliorum
334 4342 391 4390 vitia
402 4342 522 4408 carpendo
536 4343 643 4392 fraudem
656 4343 724 4393 nobis
757 4344 839 4408 aliqua
856 4342 1023 4408 cognoscenda
1043 4342 1218 4397 concutientem,
1238 4351 1315 4389 trans-

165 4404 244 4455 lucere
261 4408 348 4471 posset
372 4410 376 4421 '
434 4424 481 4463 um,
501 4423 536 4455 sc.
556 4408 617 4457 sibi:
640 4408 725 4457 Sencc.
757 4407 838 4457 fertur.

165 4468 266 4533 Thyest.
291 4486 315 4518 v.
345 4472 402 4525 39,
429 4474 520 4535 ignotus
547 4474 590 4519 sibi
617 4474 725 4520 moritur.
789 4474 831 4520 26.
848 4473 1097 4547 corrumpuntur.

166 4534 273 4582 Maenius
290 4535 362 4599 igitur
377 4542 413 4583 est
424 4535 504 4590 homo,
516 4534 567 4600 qui,
580 4546 607 4584 ut
618 4535 660 4585 iul.
673 4538 725 4584 Sat.
789 4537 831 4590 27,
848 4537 888 4583 28.
909 4536 1004 4598 Apicio,
1017 4551 1084 4599 teque
1106 4550 1134 4583 ac
1150 4534 1217 4599 lynx,
1233 4533 1316 4581 oculo-
