3150 5200
281 370 348 435 390
701 362 1023 431 SATIRARUM

369 522 455 585 lllud
471 522 556 585 idem
567 520 605 583 in
620 520 770 603 rapidum
784 518 915 595 flumen,
928 519 1093 602 jaceretve
1108 516 1273 581 cloacam?

370 624 486 697 Quinti
502 624 674 707 progenies
692 619 781 698 Arri,
797 643 857 705 par
871 619 981 684 nobile
997 619 1145 697 fratrum,

369 724 528 807 Nequitia
543 734 576 787 et
591 724 686 807 nugis
702 744 877 807 pravorum
891 731 926 785 et
940 743 1049 785 amore
1064 720 1247 805 gemellum,

284 828 347 892 246
371 827 542 891 Luscinios
560 826 646 890 soliti
661 827 808 911 impenso
824 823 985 908 prandere
1000 833 1155 887 coemtas.

370 929 537 1003 Quorsum
552 929 692 992 abeant?
737 926 816 990 Sani
831 936 868 989 ut
883 935 983 999 creta,
999 946 1042 987 an
1055 926 1198 989 carbone
1212 924 1370 989 notandi?

373 1031 554 1095 AEdifieare
570 1052 673 1105 casas,
689 1028 840 1113 plostello
855 1028 1034 1110 adjungere
1050 1048 1169 1103 mures,

374 1132 507 1196 Ludere
521 1153 582 1215 per
596 1132 710 1215 impar,
727 1130 874 1212 equitare
889 1129 923 1189 in
938 1127 1097 1191 arundine
1111 1127 1220 1211 longa,

373 1233 408 1296 Si
423 1254 519 1317 quem
535 1232 676 1297 delectet
690 1232 874 1305 barbatum,
890 1229 1030 1291 amentis
1042 1238 1160 1293 verset.

286 1336 351 1399 250
374 1334 409 1397 Si
424 1334 580 1417 puerilius
595 1333 647 1396 his
662 1333 745 1396 ratio
760 1354 834 1395 esse
848 1330 976 1394 evincet
989 1353 1109 1408 amare,

374 1437 449 1501 Nec
463 1436 640 1519 quidquam
655 1434 801 1509 differre,
816 1444 967 1496 utrumne
984 1434 1017 1495 in
1032 1432 1177 1517 pulvere,
1193 1433 1307 1497 trimus

374 1536 480 1610 Quale
496 1538 598 1622 prius,
614 1536 709 1600 ludas
725 1558 820 1620 opus,
836 1557 877 1598 en
892 1536 1070 1599 meretricis
1085 1558 1193 1600 amore
1320 1524 1324 1528 “

374 1639 538 1703 Sollicitus
554 1638 679 1723 plores:
704 1658 827 1721 quaero,
843 1636 986 1700 faciasne
1001 1637 1090 1720 quod
1105 1636 1180 1701 olim

374 1741 525 1806 Mutatus
541 1740 718 1805 Polemoni
742 1759 845 1822 ponas
860 1737 999 1821 insignia
1013 1739 1129 1811 morbi,

288 1845 352 1909 255
374 1842 550 1919 Fasciolas,
567 1840 699 1916 cubital,
716 1839 844 1913 focalia,
860 1848 958 1921 potus
973 1850 1011 1902 ut
1025 1838 1078 1902 ille

374 1945 506 2009 Dicitur
519 1966 561 2006 ex
576 1942 659 2005 eollo
672 1940 782 2005 furtim
798 1940 959 2022 carpsisse
974 1962 1121 2017 coronas,

288 2094 383 2144 insania
398 2108 447 2157 qua
463 2091 600 2157 Cleopatra,
612 2101 639 2140 ut
654 2091 797 2145 ostenderet,
809 2091 846 2138 iu·
880 2091 1008 2147 Prundere,
1026 2093 1156 2150 comelere,
1173 2102 1201 2142 ut
1216 2094 1261 2143 iul.
1274 2094 1353 2159 Epist.
1368 2093 1385 2150 i,
1399 2096 1438 2149 17,

288 2168 382 2225 gentem
395 2157 503 2224 pecunie
514 2172 631 2205 summam
639 2156 778 2209 brevissimo
786 2162 847 2202 tem·
881 2157 920 2211 is,
931 2159 1111 2218 prandereoins.

288 2224 351 2289 poris
365 2221 441 2288 spatio
455 2220 480 2269 iu
492 2230 596 2270 ventrem
608 2220 700 2269 demitti
711 2235 789 2284 posse,
802 2217 847 2265 im·
911 2221 970 2267 246.
988 2221 1100 2275 anrsn
1115 2225 1217 2270 obeam?
1232 2238 1267 2271 sc.
1283 2224 1324 2270 s'sti
1339 2231 1440 2283 sspotea

289 2288 364 2338 mensi
385 2286 453 2351 pretii
475 2285 637 2348 margaritam,
659 2292 726 2335 aceto
746 2283 848 2332 dilutam
880 2284 937 2330 Sani
954 2294 982 2332 at
1002 2296 1073 2342 mnu,
1096 2294 1153 2335 cett.
1170 2296 1265 2335 cretam
1279 2293 1308 2333 ut
1324 2284 1388 2340 sani,
1408 2300 1441 2333 su

288 2352 328 2463 qb.
340 2368 362 2401 e.
375 2360 526 2406 maceratam,
544 2348 711 2413 liquefactam)
730 2348 849 2398 sorbuisse
880 2348 983 2397 carbone
1003 2357 1031 2397 ut
1043 2349 1121 2399 insani
1138 2351 1237 2400 usundi
1254 2353 1331 2398 suutt
1349 2350 1440 2399 Fausta

305 2415 383 2469 icitur,
397 2414 447 2477 agit
462 2430 558 2479 quoque
574 2414 604 2463 de
621 2430 646 2462 re
664 2428 717 2478 quea
734 2412 765 2461 ad
783 2411 848 2460 hunc
881 2411 944 2467 albo,
956 2411 1136 2477 inlaustanigro
1146 2414 1224 2463 colore
1234 2422 1365 2471 notantur3
1381 2412 1439 2463 ltine

289 2480 369 2528 locum
382 2478 476 2527 Horatii
486 2486 590 2543 spectat:
610 2478 682 2526 Prius
694 2479 764 2544 (ante
776 2477 848 2525 Cleo·
881 2484 937 2524 nota
953 2476 996 2524 illa
1013 2476 1110 2534 locutio,
1121 2478 1185 2528 diem
1202 2479 1307 2527 faustum
1323 2480 1386 2534 sibe,
1401 2478 1440 2527 in-

289 2542 395 2608 petrem)
418 2544 443 2589 id
462 2542 554 2608 sereret
577 2544 653 2591 Roma
675 2545 700 2590 in
724 2542 848 2589 arsionibus
880 2540 1064 2616 faustumnigro
1075 2545 1288 2607 tupittoinsignr'rs.
1322 2542 1439 2608 Hoejam

282 2606 848 2734 attitulat..Cttttntttttttt
880 2606 1040 2719 &itti
1061 2607 1440 2720 instituisti:

289 2745 349 2782 —ut
360 2737 503 2796 experiretur
513 2738 538 2782 in
551 2736 628 2797 glorio
643 2736 727 2797 palati,
739 2737 795 2796 quid
810 2751 848 2780 so-
879 2735 930 2783 sius
941 2751 965 2789 v,
980 2735 1036 2790 los,
1049 2736 1148 2798 Quaeque
1157 2738 1365 2801 sequendasorsan
1375 2754 1438 2799 quc·

288 2809 369 2860 perant
380 2801 526 2861 nsorgnritoe;
542 2808 654 2860 utquam
664 2801 721 2845 mire
730 2799 847 2859 placuere,
880 2815 923 2861 que
933 2802 1042 2847 evitanda
1050 2803 1157 2857 nusum,
1168 2801 1217 2849 Ilio
1228 2804 1296 2862 prius
1304 2810 1378 2856 erets,
1389 2818 1440 2849 ιω

289 2879 317 2910 ne
328 2865 388 2910 lblur
400 2865 439 2910 boc
448 2865 525 2916 sciret,
532 2863 634 2924 singulos
645 2863 739 2909 autom
748 2864 846 2909 consitis
879 2864 924 2910 bec
933 2865 1029 2910 carbone
1040 2866 1138 2912 notasti?

288 2943 374 3040 proque
380 2926 746 3052 Iaqbsmbqurpdeqitfflqdqpplae:
765 2925 848 2974 Schol.
911 2928 969 3037 249?
986 2929 1092 3002 Amantio
1100 2941 1183 3041 demde,
1191 2928 1361 3039 {calum
1371 2929 1439 2977 bunc

316 3007 359 3048 er.,
406 3009 427 3040 er
498 3005 565 3039 orus
630 3006 663 3036 ee
704 3024 710 3044 ,
741 3005 775 3037 ue
797 3006 848 3037 eam
881 3007 950 3038 amen
961 3005 1100 3040 savarone
1184 3009 1204 3039 n
1230 3008 1290 3040 ress.

289 3057 415 3118 deperibat,
428 2993 532 3104 adlatum
548 3057 654 3102 unionem
669 3064 691 3101 et
708 3007 769 3101 odero
782 3054 848 3100 dilu—
914 3056 963 3103 250
973 3070 1027 3120 sqq.
1045 3007 1171 3104 Stertidl‘rls
1182 3055 1268 3104 transit
1279 3053 1440 3104 edissertam

290 3130 339 3168 tum
357 3123 452 3168 sorbuit.
486 3119 605 3168 Metellum
622 3117 745 3165 mulierem
763 3115 847 3164 admo·
879 3134 959 3167 eorum
977 3122 1018 3182 qui
1037 3119 1135 3169 delicies
1152 3120 1243 3169 iaciunt
1261 3120 1286 3168 in
1307 3120 1440 3169 monbus.

290 3183 347 3232 dum
366 3183 463 3240 divitem
480 3183 562 3240 luisse,
577 3198 606 3230 ex
625 3180 671 3230 hac
688 3180 740 3246 ipsa
756 3180 786 3228 de
805 3181 848 3230 illa
880 3183 1012 3240 Sententia,
1024 3199 1098 3248 quam
1108 3185 1207 3250 pulchre
1217 3183 1339 3233 exornavit
1349 3191 1375 3232 et
1386 3199 1439 3232 sns-

290 3249 425 3296 narratione
435 3247 493 3296 satis
504 3254 610 3312 apparet.
636 3245 756 3300 Sed,cum
769 3246 848 3308 plures
880 3247 997 3310 plificavit
1017 3258 1096 3313 poeta,
1118 3258 1155 3298 est
1175 3249 1224 3298 iem
1246 3248 1312 3297 bec:
1335 3247 1363 3296 Si
1378 3248 1440 3297 ratio

290 3311 363 3375 hujus
378 3309 480 3359 nominis
493 3311 580 3359 suerint
589 3309 700 3358 mulieres
710 3309 748 3358 vel
760 3319 847 3358 matro-
880 3311 977 3367 evincit,
988 3327 1030 3360 eos
1040 3312 1082 3387 qui
1093 3313 1212 3362 moribus
1223 3312 1358 3374 indulgens,
1367 3311 1441 3361 ludos

290 3390 337 3430 ne,
352 3389 428 3439 ,quam
448 3374 597 3438 potissimum
617 3373 669 3438 jam
691 3373 850 3437 designaverit
882 3375 962 3423 ludere
973 3376 1109 3440 pueriirores
1119 3378 1149 3425 iis
1159 3377 1286 3442 dequibus
1296 3376 1368 3424 modo
1377 3375 1439 3432 disi.

307 3447 369 3492 oeta,
382 3446 463 3487 manet
478 3439 503 3486 iu
520 3439 642 3502 ambiguo.
677 3439 746 3493 Sunt,
759 3437 802 3502 qui
817 3438 848 3486 de
881 3454 960 3488 nonne
974 3439 1050 3489 satius
1064 3440 1137 3490 luerit
1150 3442 1207 3490 illos
1220 3440 1309 3489 imitari
1324 3441 1439 3490 Polemo·

290 3455 387 3549 distetis
398 3502 482 3566 (cujus
493 3504 581 3551 mentio
592 3505 619 3551 fit
629 3503 692 3568 apud
703 3501 757 3551 Cic.
771 3503 847 3566 Epist.
880 3519 944 3558 nem,
954 3514 986 3559 et,
994 3513 1086 3553 mutato
1096 3505 1183 3560 auimo,
1191 3504 1332 3570 pmdentius
1342 3507 1440 3554 »aresi

291 3565 321 3613 ad
339 3565 414 3613 Attic.
434 3566 466 3624 xi,
487 3569 542 3628 23),
564 3566 699 3616 Dolabella
718 3574 743 3614 et
761 3566 846 3630 AEsopi
880 3568 960 3616 Locus
971 3567 1079 3632 inprimis
1089 3569 1119 3618 de
1129 3571 1193 3618 vario
1203 3578 1228 3617 et
1236 3567 1348 3617 mutabili
1357 3569 1439 3617 animo

290 3627 385 3693 pellice.
396 3630 509 3694 cogitent.
879 3647 960 3680 eorum
975 3633 1018 3695 qui
1034 3642 1124 3691 amant,
1135 3643 1270 3699 comparato
1283 3647 1340 3680 cum
1351 3647 1439 3697 pueru-

322 3695 380 3742 240.
397 3695 512 3744 Sotidnm:
527 3701 611 3749 totum,
621 3695 748 3758 integrum,
762 3711 808 3743 non
821 3694 847 3744 iu
879 3712 930 3744 rum
940 3696 1098 3747 mutabilitate
1108 3707 1133 3747 et
1143 3691 1311 3752 inconstantia,
1319 3705 1357 3745 est
1366 3698 1440 3761 louge

291 3765 368 3822 partes
390 3759 506 3821 quasdam
527 3758 639 3814 divisum,
661 3758 703 3807 sed
724 3758 749 3807 iu
772 3775 847 3807 unum
879 3759 1042 3809 suavissimus.
1075 3764 1168 3818 Amore,
1185 3762 1281 3810 amandi
1296 3762 1348 3810 sive
1361 3777 1439 3811 mere·

290 3822 461 3886 conjunctum,
479 3839 534 3886 ergo
545 3823 662 3886 integram
672 3823 752 3871 decies
765 3833 846 3872 ceute·
879 3824 949 3872 trices
959 3825 1067 3873 sectandi
1075 3827 1192 3876 studium.

290 3901 373 3934 nomm
390 3887 492 3936 millium
505 3889 546 3936 HS
561 3901 677 3935 summam
693 3902 742 3936 uno
758 3888 847 3936 haustu
911 3889 969 3938 2⁵1.
989 3889 1111 3947 Utrumne,
1122 3906 1165 3956 pro
1179 3889 1288 3954 simplice
1304 3901 1395 3946 aaran,
1410 3901 1441 3941 ut

289 3951 414 4000 absumsit.
565 3951 568 3956 '
879 3968 934 4017 sup.
951 3953 1030 4017 Epod.
1046 3955 1104 4010 1,s,
1120 3963 1145 4003 et
1160 3955 1204 4002 inl.
1216 3957 1268 4003 Sat.
1277 3954 1304 4011 ii,
1315 3955 1341 4010 6,
1353 3955 1394 4008 73,
1412 3965 1441 4004 et

322 4017 381 4063 241.
398 4017 445 4069 eri
464 4019 554 4064 sanior:
575 4015 703 4079 quomodo,
723 4031 780 4064 eum
804 4016 849 4066 boc
880 4015 968 4082 passim
984 4017 1053 4066 alibi.
1088 4019 1264 4073 Trimusante
1277 4018 1440 4083 prias‚quale

289 4077 371 4128 docies
386 4080 489 4128 solidum
504 4081 648 4138 absorberet,
660 4080 739 4128 sanior
753 4080 807 4134 suit.
820 4096 848 4130 sc
880 4081 937 4129 olim
949 4080 1026 4131 lusisti
1036 4081 1109 4131 trium
1119 4098 1234 4132 annorum
1245 4083 1367 4148 puerulus.

289 4143 310 4191 si
331 4143 394 4192 idem
422 4145 447 4192 in
471 4141 581 4209 rapidum
602 4145 690 4194 flumen
712 4144 848 4194 cloacamve
912 4147 969 4202 254,
986 4147 1044 4195 255.
1064 4147 1173 4197 Mutatus
1202 4147 1323 4196 Peterson?
1354 4147 1440 4196 Sebol.

288 4207 394 4272 jeceruti
880 4210 966 4274 Cruq.,
984 4212 1099 4265 Polemon,
1113 4215 1149 4260 oet
1167 4213 1264 4266 Polemo,
1274 4214 1371 4272 jnrents
1380 4212 1439 4276 seit

322 4274 379 4321 243.
398 4273 482 4326 Quinti
491 4276 610 4336 progenies
618 4273 691 4322 Arri:
707 4273 738 4321 cl.
751 4273 848 4338 sup.ad
881 4275 1025 4322 Atheniensis
1033 4278 1244 4337 perditoeiurarie.
1268 4276 1439 4324 ltcanebrius

289 4354 312 4385 v.
324 4337 365 4385 86.
879 4341 993 4388 incederet
1005 4355 1048 4400 per
1060 4341 1148 4396 urbis,
1156 4340 1243 4405 fertur
1258 4342 1347 4388 audine
1358 4339 1439 4388 Xeno·

321 4403 379 4449 244.
397 4401 518 4464 Nequitia,
530 4401 642 4450 luxurie:
660 4405 738 4466 nugis,
748 4403 845 4452 demen-
878 4405 950 4450 oratis
965 4419 1039 4452 vocem
1055 4405 1210 4467 disputassem
1228 4406 1310 4452 dnnde
1324 4407 1441 4455 inminse

290 4464 331 4520 tia,
344 4464 497 4577 insipientis:
513 4467 645 4578 plemellum,
657 4465 813 4516 simillimum.
878 4476 999 4516 euronotus
1009 4477 1032 4515 et
1046 4478 1205 4532 ungsoentotus
1221 4472 1251 4517 od
1266 4485 1317 4516 euss
1327 4470 1439 4516 derides·

321 4530 378 4578 245.
410 4547 506 4592 rnpenso,
537 4546 575 4578 .e.
587 4530 710 4588 immense,
719 4545 754 4580 sc.
763 4531 846 4596 pretio.
879 4532 1439 4596 dnm.Senescntempsrseraruoit,etinoectssia
