3150 5200
275 347 339 408 268
738 343 962 409 EPODON

379 495 422 557 35
445 496 518 573 Vel,
536 499 625 581 qnod
640 498 794 561 fluentem
809 519 963 561 nauseam
977 508 1137 573 coerceat,

576 599 697 664 Metire
712 601 808 663 nobis
823 600 1012 664 Caecubunr.
1081 651 1092 668 .

443 700 562 764 Curam
578 713 762 784 metumque
779 701 919 764 Caesaris
935 721 1044 765 rerum
1054 701 1149 784 juvat

575 802 674 867 Dulci
691 803 793 886 Lyaeo
809 800 944 865 solvere.

704 1121 913 1189 CARMEN
938 1123 983 1187 X.

541 1353 595 1399 IN
638 1353 866 1400 MAEVlUM
907 1352 1141 1400 POETAM.

441 1511 547 1576 Mans
564 1512 670 1575 soluta
684 1513 773 1575 navis
789 1513 858 1575 exit
873 1510 960 1588 alite,

569 1613 691 1677 Ferens
705 1613 845 1677 olentem
861 1613 1027 1678 Maevium.

440 1713 488 1778 Ut
502 1713 644 1778 horridis
660 1725 833 1799 utrumque
848 1717 1002 1779 verberes
1015 1715 1113 1791 latus,

568 1816 703 1893 Auster,
719 1826 891 1894 memento,
906 1815 1073 1881 fluctibus.

417 1920 438 1980 5
459 1919 565 2004 Niger
580 1919 736 1981 rudentes
752 1918 876 1994 Eurus,
892 1919 1021 1982 inverso
1036 1919 1127 1994 mari,

567 2020 768 2104 Fractosque
783 2042 889 2084 remos
905 2019 1053 2097 differet3

439 2123 593 2208 Insurgat
607 2121 740 2205 Aquilo,
755 2132 896 2205 quantus
912 2121 985 2184 altis
1000 2120 1165 2185 montibus

567 2223 703 2308 Frangit
720 2233 893 2287 trementes
907 2223 1015 2300 ilices;

265 2373 303 2419 icy
320 2357 366 2412 los,
381 2365 437 2406 cett.
466 2359 521 2408 Jam
539 2357 629 2407 lretitiae
645 2373 715 2405 sensu
728 2355 762 2404 ita
779 2355 824 2403 im·
892 2357 961 2404 1-4.
986 2356 1052 2403 Mula
1071 2355 1137 2412 alite,
1156 2353 1262 2402 infausto
1280 2353 1370 2412 omine,
1390 2364 1418 2403 nt

264 2373 361 2484 pellitur
375 2427 399 2468 et
415 2422 570 2470 confunditur
583 2429 662 2487 poeta,
678 2429 704 2469 ut
718 2420 769 2485 jam
787 2419 824 2467 in·
857 2421 945 2484 supi,
965 2421 1003 2478 15,
1021 2423 1046 2475 ὅ,
1063 2420 1125 2466 mola
1143 2421 1189 2466 ovi.
1220 2418 1332 2474 olentem,
1351 2419 1417 2482 gravi

266 2491 352 2530 teresse
372 2483 418 2532 sibi
437 2485 545 2534 videatur
565 2484 660 2532 indicte
680 2485 742 2549 apud
761 2485 824 2532 Me·
857 2483 928 2532 odore
942 2483 1123 2542 detestabilem
1137 2483 1218 2546 granis
1234 2497 1319 2545 nempe
1330 2483 1416 2540 hircus,

265 2554 372 2594 cenatem
392 2549 576 2614 compotationi:
602 2548 634 2596 ci.
654 2565 707 2614 sup.
728 2547 762 2605 iii,
784 2549 824 2604 19,
856 2556 885 2595 ut
901 2547 944 2596 inf.
964 2547 1042 2616 Epod.
1062 2544 1235 2605 laodicius,
1253 2545 1279 2594 in
1296 2545 1349 2610 ejus
1366 2549 1415 2594 hir·

265 2610 289 2657 9.
327 2610 392 2663 Quod
402 2614 517 2676 fluentem
539 2630 645 2660 nauscam
662 2622 770 2667 coerceat,
789 2614 824 2661 al·
856 2617 914 2661 tatis
929 2616 973 2661 alis
991 2614 1092 2661 cubuisse
1109 2611 1219 2660 videtur:
1237 2610 1416 2661 ci.ndCatull.

264 2688 319 2721 vum
343 2674 455 2723 fluentem
478 2674 618 2739 adstringat.
660 2676 725 2725 Hinc
749 2676 824 2724 Athe·
857 2676 916 2734 lxix,
930 2680 961 2736 63
978 2676 1025 2725 nisi
1036 2676 1090 2741 quis
1104 2677 1156 2740 jam
1172 2677 1267 2723 olentem
1278 2674 1323 2721 sim
1341 2675 1417 2725 liciter

265 2750 333 2785 neus
356 2738 439 2787 vinum
462 2740 594 2788 Caecubum
615 2748 685 2788 vocat
711 2740 824 2789 εὔτονον.
856 2757 907 2807 pro,
915 2740 1080 2790 detestabilem
1092 2739 1210 2806 explicare
1222 2740 1298 2787 malit.
1318 2691 1415 2787 drutm-

264 2800 358 2857 lllctr're,
376 2817 417 2866 per
433 2805 546 2867 cyathos:
567 2802 615 2851 vid.
632 2802 662 2851 ad
682 2802 716 2859 iii,
738 2805 762 2858 t,
784 2806 823 2852 13.
856 2822 899 2867 pue
916 2808 986 2860 latas,
999 2822 1033 2853 sc.
1048 2804 1123 2852 navis.
1150 2804 1269 2859 Hamas,
1281 2802 1359 2857 seris,
1376 2812 1415 2851 tu-

264 2864 384 2929 Metusquc
407 2868 502 2916 Cesurr's
527 2884 613 2923 rerum,
637 2866 824 2915 sollicitudinem
856 2867 935 2917 midis.
970 2871 1063 2925 Auster,
1076 2870 1164 2925 Eunu,
1176 2870 1267 2929 Aquilo,
1284 2866 1376 2916 scilicet
1390 2877 1416 2916 ut

263 2927 293 2977 de
313 2944 398 2987 rerum,
416 2932 503 2995 quibus
519 2930 627 2996 gerendis
645 2946 700 2979 curn
720 2929 824 2981 maxime
855 2947 884 2980 eo
905 2932 998 2995 gravior
1020 2932 1151 2981 concitetur
1176 2939 1313 2995 tempestas,
1336 2931 1417 2997 plures

264 2994 347 3042 Cesar
356 3011 452 3061 operam
464 2996 513 3053 dat,
526 3004 621 3045 eventu.
856 3005 948 3055 ventos,
960 2996 1002 3062 qui
1018 2996 1089 3044 simul
1104 3004 1174 3044 ruant
1188 3003 1213 3043 et
1226 3004 1308 3043 contra
1318 3011 1344 3043 se
1355 3013 1415 3060 pug-

855 3070 921 3118 nent,
934 3069 1056 3127 poetarum
1068 3076 1131 3108 more
1149 3059 1175 3107 in
1190 3068 1268 3125 partes
1279 3068 1364 3107 vocat:
1383 3061 1416 3109 cl.

441 3122 594 3172 CARMEN
613 3124 645 3171 X.
855 3124 925 3188 Virg.
937 3128 997 3174 AEn.
1008 3124 1025 3174 i.
1037 3127 1076 3174 85.

296 3186 386 3237 Maevio
405 3186 529 3244 Horatius,
547 3186 637 3235 homini
654 3186 698 3235 sibi
717 3187 821 3235 infestis·
887 3190 976 3237 5-14.
994 3190 1078 3253 Niger,
1094 3187 1185 3236 coelum
1202 3185 1297 3249 nigrum
1313 3186 1415 3238 reddens

262 3264 331 3307 simo,
344 3252 398 3300 neri
413 3266 476 3299 nunc
493 3250 536 3299 iter
552 3252 577 3299 in
589 3251 707 3300 Graecinm
721 3250 821 3308 facturo,
854 3260 879 3300 et
889 3253 1033 3313 obscurans3
1050 3262 1077 3299 ut
1091 3267 1145 3317 sup.
1157 3251 1175 3307 i,
1187 3252 1211 3307 5,
1223 3251 1248 3306 7,
1261 3252 1325 3314 nigri
1336 3254 1414 3309 centi,·

262 3314 414 3379 naufragium
435 3317 586 3380 imprecatur.
627 3315 729 3379 Regalis
751 3316 823 3379 igitur
854 3326 938 3365 contra
954 3318 1030 3364 thru
1043 3314 1241 3379 albmsup.i,'l‚
1256 3317 1295 3371 15,
1312 3324 1336 3363 et
1353 3319 1415 3364 ocuti

262 3378 348 3433 ventis,
364 3389 391 3427 ut
407 3386 497 3427 tantam
515 3380 539 3428 in
557 3378 616 3429 mari
633 3379 702 3427 Innio
719 3387 821 3446 tempes-
854 3384 948 3428 candidi
965 3380 1072 3439 iil,7,l.
1101 3379 1192 3427 inverso
1207 3381 1347 3435 moricum
1363 3381 1415 3429 irnir

262 3448 334 3489 tatem
354 3444 482 3499 concitent,
502 3452 616 3508 quantam
634 3444 691 3491 olim
711 3444 823 3492 Minerva
855 3448 927 3500 vodis,
950 3453 977 3493 ut
1004 3444 1073 3507 Virg.
1099 3444 1159 3491 AEn.
1183 3442 1200 3500 i,
1225 3444 1271 3491 126
1299 3443 1413 3507 loquitur,

262 3503 287 3552 in
307 3505 409 3581 Ajacem
427 3507 559 3557 concitasse
579 3507 674 3564 dicitnr,
694 3524 728 3563 se,
747 3508 823 3558 fracta
854 3519 938 3572 stagna
958 3509 1134 3583 refundantur:
1163 3506 1204 3555 Cl.
1222 3506 1322 3556 Mitsclr.
1346 3522 1413 3555 com·

184 3596 188 3605 ·
261 3569 347 3617 Maevri
363 3586 433 3627 nave,
450 3572 543 3621 hircum
562 3584 586 3621 et
603 3586 688 3635 agnam
708 3574 822 3637 Tempes·
855 3582 920 3637 parat
939 3573 1047 3647 Philipp.
1069 3570 1179 3619 Thessal.
1202 3570 1244 3629 xii,
1267 3574 1292 3629 2,
1313 3571 1414 3621 Anthol.

261 3632 350 3681 tatibus
366 3635 542 3685 immolaturum
560 3652 611 3685 esse
627 3636 735 3701 spondet.
764 3638 820 3685 llla-
855 3636 935 3685 Graec.
954 3638 984 3685 T.
1005 3638 1031 3693 ri,
1052 3652 1075 3700 p.
1097 3636 1152 3684 198.
1187 3636 1299 3700 lrtsurgct
1319 3637 1412 3697 Aquilo,

261 3696 311 3744 lum
330 3710 424 3762 poetam
444 3700 562 3749 lllaevium
582 3700 656 3749 luisse
674 3716 703 3749 ex
724 3700 822 3764 Virgilii
900 3712 961 3757 ntur,
984 3700 1060 3749 irruat
1078 3699 1170 3763 Aquilo
1189 3708 1277 3754 tantus,
1314 3706 1412 3759 nantas,

262 3762 316 3810 Ecl.
344 3762 379 3819 iii.
408 3764 449 3818 90,
484 3766 530 3819 Qut
564 3764 662 3812 Butrium
689 3782 734 3812 non
763 3768 820 3823 odit,
872 3780 912 3813 .e.
925 3773 991 3813 tanto
1006 3764 1106 3828 impetu,
1117 3773 1208 3828 quanto
1219 3771 1277 3811 cett.
1323 3779 1411 3811 remers-

260 3836 319 3875 cmet
336 3837 378 3875 tna
393 3832 506 3884 currnr'nc,
522 3828 599 3883 Μαυί,
615 3828 673 3876 satis
690 3836 753 3877 certo
769 3829 819 3877 col·
853 3838 885 3876 tes
901 3832 973 3884 ilices,
989 3828 1090 3877 tremulo
1105 3836 1170 3876 motu
1182 3827 1230 3875 huc
1248 3826 1306 3875 illuc
1322 3836 1411 3876 nutan-

261 3889 303 3953 ligi
327 3906 396 3956 posse
415 3891 517 3941 videtur.
556 3892 647 3951 Quodsi
666 3892 769 3941 eundem
789 3908 819 3941 ex
852 3901 896 3949 tes,
911 3902 1034 3942 ventorum
1048 3892 1139 3957 impetu
1155 3892 1373 3947 contremiscentes,
1384 3902 1414 3941 nt

260 3955 375 4004 malorum
424 3963 515 4004 etarum
532 3971 595 4005 more
611 3955 757 4021 petulantius
768 3956 820 4005 llo·
852 3974 905 4021 sup.
925 3957 959 4013 iii,
980 3957 1021 4014 27,
1040 3958 1082 4012 93,
1101 3960 1158 4017 ripe
1174 3958 1265 4004 verbere
1283 3965 1412 4006 trementes.

261 4018 319 4067 ratio
336 4020 391 4069 insu
402 4028 464 4068 tasse
481 4028 580 4077 statuas,
595 4036 677 4077 causa,
692 4036 734 4069 cur
749 4022 819 4069 Vati·
853 4022 901 4069 Pro
917 4022 1019 4085 Frangit
1036 4036 1065 4068 ex
1085 4020 1224 4130 conpectura
1241 4018 1412 4069 Wakefieldius

261 4082 333 4131 niano
356 4085 424 4149 quasi
447 4092 516 4149 poeta
538 4085 609 4133 istum
630 4092 768 4150 persecutus
788 4086 819 4134 sit
852 4084 877 4132 in
898 4092 988 4134 textum
1008 4084 1105 4150 recepit,
1150 4085 1242 4149 longit:
1266 4092 1283 4111 ‘¹
1296 4083 1411 4139 Statim‚”

260 4146 323 4202 odio,
347 4148 416 4197 facile
443 4158 549 4214 apparet.
589 4150 701 4198 Ceterum
722 4148 742 4197 si
764 4149 819 4222 quis
851 4147 938 4213 inquit,
951 4156 1128 4214 “precesserat
1138 4162 1185 4196 vox
1189 4148 1290 4214 fractor,
1302 4154 1327 4195 et
1336 4163 1411 4211 quor·

260 4212 334 4260 animi
349 4228 422 4262 causa
437 4212 482 4261 hoc
497 4228 591 4261 carmen
603 4218 659 4261 cum*
677 4212 731 4261 libri
749 4214 818 4277 prrml
851 4229 912 4271 snm,
925 4213 1003 4271 sodes,
1015 4223 1118 4268 tremere,
1130 4211 1150 4261 si
1157 4210 1338 4277 frangantur!¹
1362 4211 1411 4259 Sed

259 4277 364 4326 carmine
386 4276 456 4325 tertio
478 4276 657 4342 comparaverit,
677 4276 718 4324 ubi
739 4278 817 4326 Hora-
849 4294 879 4326 ex
891 4293 944 4325 meo
955 4293 1026 4327 sensu
1043 4277 1136 4341 frangit
1149 4277 1211 4324 bene
1222 4276 1348 4339 respondet
1358 4276 1412 4323 voci

258 4340 306 4389 tius
324 4340 428 4403 Virgilio
443 4340 552 4389 Athenas
568 4342 706 4405 navigaturo
723 4340 817 4391 felicem
842 4344 944 4407 fructos,
956 4351 981 4391 et
994 4331 1069 4389 multo
1079 4341 1122 4388 illo
1132 4340 1229 4404 gravius
1239 4348 1291 4398 est;
1303 4338 1410 4404 ntfrrrn-

259 4405 434 4469 navigationem
460 4412 609 4471 apprecatur,
638 4403 742 4454 diversos
768 4416 817 4455 tam
847 4410 885 4470 gir
901 4406 965 4455 enim
977 4404 1069 4470 Aquilo
1084 4405 1160 4461 ilices,
1178 4405 1211 4452 ita
1219 4404 1336 4470 frangere
1347 4418 1409 4467 quo-

258 4468 291 4533 pii
309 4470 395 4518 amoris
411 4486 484 4534 quam
502 4470 582 4533 magni
600 4469 648 4518 odii
666 4486 750 4518 sensus
769 4488 816 4520 non
849 4486 896 4535 que
914 4470 986 4519 debet
1001 4487 1087 4529 rem0s5
1098 4472 1162 4535 fron
1181 4479 1255 4517 rmtar
1271 4475 1352 4516 autem
1369 4466 1411 4515 ili-

257 4532 308 4582 sine
318 4534 441 4600 voluptate
451 4550 573 4598 expressos
584 4533 764 4583 animadvertet.
848 4552 897 4592 ces,
915 4534 972 4583 dum
989 4544 1099 4583 tremunt.
1129 4534 1154 4581 S'
1171 4535 1321 4589 ceramicum,
1337 4530 1411 4580 intel·
