3150 5200
330 299 393 364 sac
595 375 598 382 ,
715 299 1105 366 sersaonunorn

412 435 594 520 Ingenium,
611 437 672 500 sibi
688 438 777 520 quod
793 458 911 502 vacuas
927 438 1085 502 desumsit
1101 436 1262 514 Athenas,

413 537 459 600 Et
475 537 592 600 studiis
608 559 709 601 annos
726 551 851 621 septem
865 537 968 615 dedit,
984 539 1191 622 insenuitque

413 637 522 702 Libris
537 648 571 702 et
586 639 684 716 curis,
701 649 810 703 statua
825 640 1017 703 taciturnius
1032 640 1101 704 exit

411 739 618 824 Plerumque,
634 752 667 804 et
682 741 750 804 risu
765 738 922 824 populum
936 742 1058 823 quatit3
1082 741 1136 804 hic
1150 763 1213 824 ego
1228 761 1337 804 rerum

345 843 388 904 85
410 841 580 906 Fluctibus
593 843 627 905 in
641 843 756 906 mediis
772 853 806 906 et
821 843 1069 926 tempestatibus
1085 843 1177 906 urhis

410 943 523 1007 Verba
537 943 616 1028 lyrae
631 954 757 1008 motura
772 965 888 1006 sonum
902 953 1095 1007 connectere
1111 943 1248 1026 digner?

410 1041 526 1109 Frater
540 1055 611 1109 erat
625 1044 741 1108 Romae
755 1041 896 1108 consulti
910 1044 1034 1120 rhetor,
1050 1055 1087 1108 ut
1102 1043 1184 1107 alter

409 1144 556 1209 Alterius
571 1168 718 1210 sermone
733 1167 840 1208 meros
855 1145 984 1210 audiret
998 1146 1151 1222 honores,

409 1247 582 1312 Gracchus
598 1259 634 1312 ut
649 1248 702 1314 hic
718 1247 763 1311 illi
779 1246 874 1323 foret,
890 1246 966 1310 huic
982 1258 1019 1311 ut
1034 1246 1167 1311 Mucius
1183 1246 1246 1312 ille.

342 1349 386 1412 90
409 1347 480 1422 Qut
492 1350 597 1414 tninus
613 1359 746 1434 argutos
759 1359 856 1413 vexat
871 1347 962 1412 furor
978 1351 1039 1414 iste
1054 1352 1190 1433 poetas?

410 1450 561 1515 Carmina
576 1473 745 1535 compone,
761 1450 816 1514 hic
831 1449 953 1533 elegos,
970 1451 1115 1515 mirabile
1130 1452 1200 1515 visu

409 1551 635 1635 Coelatumque
651 1574 765 1615 novem
782 1550 891 1613 Musis
905 1555 1005 1635 opus!
1051 1549 1199 1635 Adspice
1214 1551 1366 1636 primum,

408 1655 542 1726 Quanto
557 1675 629 1718 cum
646 1652 743 1730 lastu,
760 1663 883 1736 quanto
899 1652 1060 1718 molimine
1075 1655 1211 1717 circum-

407 1754 599 1838 Spectemus
614 1777 748 1819 vacuam
761 1755 919 1818 Romanis
934 1758 1062 1820 vatibus
1077 1757 1198 1821 aedeml

341 1858 384 1920 95
406 1856 490 1920 Mox
505 1859 613 1948 etiam,
630 1857 657 1920 si
672 1855 755 1922 forte
770 1878 878 1933 vacas,
895 1877 1043 1940 sequere,
1058 1868 1092 1921 et
1105 1856 1221 1942 procul
1235 1858 1324 1935 audi,

319 2039 370 2074 sese
382 2025 527 2076 abscondere
539 2027 625 2085 solent,
637 2026 662 2075 in
675 2027 734 2084 sola,
746 2033 844 2081 remota,
855 2031 878 2074 st
910 2025 961 2076 bito
979 2026 1103 2085 Horatius,
1115 2035 1143 2075 ut
1153 2026 1221 2082 solet,
1234 2027 1286 2075 sine
1297 2028 1413 2077 amnonis
1424 2031 1475 2078 rin·

320 2099 420 2154 angusta
438 2091 491 2139 loca
509 2094 689 2140 contrahuntur.
724 2089 878 2140 oviutun.
911 2090 967 2139 culo
987 2091 1068 2156 aliquo
1088 2091 1172 2140 transit
1190 2091 1221 2138 ad
1241 2091 1317 2146 aliud,
1334 2093 1402 2156 quod
1419 2111 1446 2142 se
1461 2111 1476 2142 a

319 2153 336 2210 i,
362 2157 383 2209 1,
407 2156 447 2212 41,
469 2155 577 2204 Carmina
598 2173 703 2204 sacernam
721 2157 839 2203 scribentis
857 2164 879 2201 st
911 2155 1018 2203 semibus
1034 2154 1203 2220 componendis
1216 2159 1474 2221 avertatstquerepri·

319 2222 365 2266 otia
388 2229 509 2282 quarunt,
540 2221 648 2285 Propert.
670 2219 747 2276 iii,1,
769 2223 807 2274 14,
827 2219 880 2266 Non
912 2230 970 2276 mat,
984 2218 1013 2267 ad
1027 2235 1112 2267 vanam
1130 2218 1224 2267 scilicet
1238 2218 1304 2266 illam
1317 2220 1417 2270 landem
1428 2239 1474 2284 qua

319 2283 524 2357 susurrantem
539 2301 632 2332 carr-ere
650 2286 697 2332 lata
715 2287 760 2334 sris.
795 2283 878 2332 Verba
909 2282 969 2331 alter
980 2284 1081 2332 alterum
1098 2282 1205 2357 certatim
1222 2299 1304 2332 ornare
1317 2292 1342 2332 et
1358 2285 1473 2334 extollere

318 2354 431 2466 blus?
447 2359 571 2460 {libb
589 2365 655 2475 ibt
675 2358 880 2477 {tiburtis
909 2347 993 2460 1¹:2¹?
992 2347 1396 2470 ‘intitubabiliter
1398 2367 1474 2487 ,ἑὲ-’Ξῖ

318 2427 369 2522 sold
390 2482 415 2522 et
435 2483 500 2523 sreta
523 2477 638 2524 contracti
658 2477 759 2524 iaciunt.
802 2477 881 2524 Usum
911 2489 985 2524 consu
996 2488 1036 2524 tus
1051 2475 1166 2524 rhetorem
1185 2475 1297 2531 Graccho,
1311 2474 1391 2547 rhetor
1397 2479 1473 2541 juris-

318 2538 384 2586 vocis
408 2549 538 2588 contractus
564 2541 657 2604 egregie
683 2540 788 2588 illustrat
815 2539 876 2587 alius
908 2541 1044 2588 consultum
1064 2541 1143 2588 Mucio
1164 2539 1329 2605 aequiparabat
1336 2558 1343 2602 5
1362 2540 1426 2590 rdern
1447 2543 1473 2591 lit

318 2602 386 2651 loeus
408 2602 502 2651 Horatii
523 2620 576 2669 sup.
599 2606 675 2671 lipist.
694 2604 711 2660 i,
731 2606 755 2662 7,
779 2608 817 2662 12,
839 2606 875 2651 Ad
908 2606 973 2669 apud
985 2613 1074 2670 poetas.
1109 2605 1239 2659 Fratrum
1254 2620 1325 2653 sensu
1341 2621 1392 2678 quo
1405 2608 1472 2671 apud

318 2682 380 2713 mare
396 2670 555 2723 descendebat
571 2670 613 2716 sibi
625 2682 711 2731 parcet,
726 2670 875 2717 Contractus·
909 2684 953 2716 nos
972 2684 1066 2733 quoque
1080 2677 1178 2716 vocatur
1189 2667 1278 2715 intime
1290 2668 1405 2719 amicitie
1416 2672 1471 2719 vin-

317 2746 360 2793 qne
372 2734 439 2795 leget.
908 2733 963 2781 culo
979 2749 1034 2781 eum
1051 2732 1083 2780 ali
1102 2748 1132 2779 uo
1147 2732 1307 2797 conjunctus:
1327 2733 1359 2781 cl.
1372 2749 1429 2807 sup.
1440 2736 1471 2784 ad

350 2797 390 2843 81.
416 2794 512 2851 Vacuus,
534 2802 678 2860 oportunus
701 2796 748 2844 otio
771 2797 833 2844 bene
852 2804 876 2845 et
909 2796 986 2869 Epist.
1000 2797 1017 2851 i,
1033 2798 1072 2851 10,
1085 2750 1126 2844 4
1144 2796 1184 2844 De
1201 2795 1272 2844 laude
1289 2812 1363 2859 quatu
1384 2800 1472 2848 Cicero

318 2865 381 2908 recte
393 2858 439 2906 lrui
449 2812 609 2924 cupientibus.
643 2860 683 2907 Sic
701 2875 754 2924 sup.
767 2860 845 2925 Epist.
857 2860 874 2915 i,
907 2860 1002 2909 Tiberio
1022 2860 1142 2915 Graccho,
1160 2868 1187 2907 ut
1205 2858 1293 2923 insigni
1312 2862 1409 2917 oratori,
1429 2864 1471 2910 tri·

318 2923 342 2979 7,
355 2926 396 2981 45,
410 2924 482 2971 Tibur
492 2941 597 2980 unctium,
611 2922 651 2971 ubi
662 2922 710 2970 vid.
724 2931 772 2972 not.
907 2923 968 2980 buit,
980 2922 1029 2972 vid.
1047 2925 1116 2971 Brut.
1131 2939 1154 2971 e.
1171 2924 1213 2974 27.
1250 2926 1279 2978 Q.
1296 2924 1394 2973 lllucirts
1411 2927 1470 2976 Se«-

350 2988 391 3044 82,
404 2988 444 3035 83.
463 2986 609 3051 Inseruitque
625 2986 700 3034 Libris
711 2999 732 3036 et
744 2992 815 3042 caris,
825 2986 873 3035 ele·
906 2990 957 3036 vola
975 2988 1069 3036 celebre
1085 2988 1145 3035 inter
1157 2987 1347 3036 iurisconsultus
1365 2990 1411 3037 tuit
1428 3008 1469 3040 no·

317 3060 401 3115 gauter
412 3067 462 3117 pro,
473 3061 497 3100 et
512 3061 605 3116 tempus
621 3051 752 3099 consumsit
763 3051 799 3101 vel
816 3060 871 3099 tera·
905 3068 960 3100 men
970 3070 976 3110 ;
987 3052 1018 3101 de
1029 3053 1045 3101 J
1048 3052 1097 3099 uris
1106 3050 1181 3100 Prud.
1191 3050 1310 3099 Muciana
1322 3053 1470 3115 singularem

317 3124 364 3164 tem
381 3116 496 3180 transegit
514 3116 538 3163 in
554 3114 660 3178 legendis
676 3114 742 3163 libris
757 3124 781 3165 et
797 3114 872 3163 medi·
906 3116 1014 3164 libellum
1027 3116 1122 3181 scripsit
1134 3115 1279 3164 Balduinus.

317 3180 455 3228 tationibus.
489 3179 600 3227 Similiter
611 3196 664 3244 sup.
677 3180 753 3243 Epist.
766 3180 783 3235 i,
796 3180 820 3234 7,
832 3180 873 3233 85,
938 3182 1045 3228 90—92.
1063 3182 1205 3235 erintinas,
1217 3187 1275 3227 cett.
1304 3180 1395 3229 Nonne
1405 3188 1469 3247 pati-

318 3244 540 3292 luntaritnrrtudr'is
551 3253 572 3290 ct
584 3259 658 3291 umore
668 3248 759 3292 torrescit
769 3245 875 3291 habendi·
906 3251 942 3291 ter
953 3253 1034 3309 poetas
1043 3243 1117 3307 agitat
1127 3243 1191 3291 lutor
1207 3242 1260 3297 iste,
1277 3260 1326 3307 quo
1338 3246 1400 3293 alter
1410 3246 1469 3295 alte·
1555 3281 1556 3292 .

318 3308 382 3362 Erit,
394 3308 428 3364 tit,
445 3306 532 3361 evadit.
548 3308 657 3364 efficitur,
673 3307 703 3356 de
723 3308 802 3357 lonnis
820 3324 875 3371 quac
907 3324 958 3355 rum
969 3307 999 3355 ad
1010 3308 1100 3355 eoelurn
1112 3322 1189 3371 usque
1199 3307 1261 3355 tollit
1277 3307 1411 3357 laudibus!
1444 3312 1470 3358 Si

316 3372 475 3435 effinguntur:
493 3372 537 3420 inl.
557 3370 634 3436 Epist.
652 3372 682 3420 ad
699 3372 749 3420 Pis.
768 3374 810 3427 22,
821 3389 875 3419 cur·
907 3387 952 3434 ego
966 3386 1062 3420 carmen
1078 3370 1180 3435 lyricum
1199 3386 1315 3435 compono
1328 3374 1469 3435 (Horatius,

316 3444 380 3483 rorate
395 3446 444 3483 ratu
460 3452 503 3483 cur
515 3438 666 3485 arcesserit?
684 3452 730 3484 non
741 3438 805 3485 enirn
816 3438 877 3483 exire
909 3443 937 3482 ut
954 3451 983 3483 eo
1005 3435 1103 3482 liberius
1124 3435 1199 3483 rideat
1217 3434 1329 3484 insanam
1351 3439 1469 3486 malorum

313 3500 364 3565 jam
376 3508 420 3556 est,
432 3502 582 3563 augebunt
593 3500 662 3549 vertit
675 3500 783 3549 Vossius.
906 3507 1028 3565 poetarum
1057 3498 1195 3553 vanitatem,
1223 3500 1335 3549 consulto
1360 3511 1387 3549 et
1411 3504 1470 3549 scite

348 3566 389 3619 84,
402 3566 442 3613 as.
461 3565 491 3612 Et
503 3568 551 3613 risu
569 3568 677 3627 populum
695 3567 779 3627 quatit,
792 3564 874 3611 lortius
906 3578 931 3611 se
949 3563 1026 3628 ipsum
1044 3563 1115 3611 talem
1133 3564 1165 3610 lin
1183 3563 1210 3619 it,
1221 3571 1245 3611 et
1261 3580 1343 3612 eorum
1360 3566 1428 3628 gregi
1445 3582 1469 3614 se

316 3644 358 3693 pro
375 3628 476 3691 vulgari,
493 3630 581 3695 populo
598 3638 632 3677 est
650 3628 706 3677 risui
722 3639 746 3676 et
761 3628 873 3675 ludibrio.
906 3626 1046 3687 immiscet),
1068 3628 1127 3675 alter
1150 3580 1268 3689 elegiam,
1286 3636 1340 3676 tum
1360 3629 1423 3678 alter
1444 3631 1470 3677 in

317 3694 402 3741 lterum
417 3692 536 3741 Fluctibus
546 3697 570 3741 in
582 3696 660 3741 mediis
672 3703 692 3741 st
705 3695 873 3754 tempestatibus
905 3692 1004 3740 alterius
1015 3691 1110 3740 laudern
1125 3692 1251 3748 exclamat,
1264 3692 1303 3739 Eu
1316 3692 1469 3748 admirabile.

315 3760 388 3813 urbis,
404 3758 428 3804 in
444 3757 522 3806 medio
538 3774 623 3813 rerum,
636 3758 749 3805 fluctuum
761 3756 837 3804 instar
848 3771 873 3804 se
905 3756 935 3803 ah
950 3756 1008 3821 ipsis
1022 3771 1105 3803 uorem
1118 3754 1198 3802 Musis
1208 3754 1298 3803 affabre
1312 3757 1469 3822 exsculptum

314 3821 417 3871 invicem
433 3822 587 3877 tradentium,
606 3821 695 3885 impetu
712 3828 735 3869 et
753 3821 819 3868 urbis
835 3830 872 3867 tu·
904 3820 977 3883 opus!
1014 3822 1123 3884 Argutos,
1135 3834 1244 3877 canoros,
1261 3829 1289 3867 ut
1303 3823 1352 3867 alar
1366 3833 1470 3885 argutus

314 3886 410 3945 multu;
429 3887 521 3950 flnctus
539 3895 563 3934 et
585 3890 651 3933 unda
671 3884 701 3933 de
723 3886 795 3932 rebus
817 3899 871 3948 quae
904 3884 967 3957 apud
981 3882 1050 3946 virg.
1064 3883 1214 3939 annuas
1248 3884 1389 3949 Opinantnr
1404 3898 1469 3934 cette

314 3951 419 3999 animum
437 3953 583 4015 perturbant,
602 3960 626 3997 et
644 3950 690 3997 huc
711 3948 769 3997 illuc
786 3948 870 4013 impel-
903 3946 1023 4011 ejusmodi
1039 3958 1116 4013 poetae
1132 3962 1158 3995 se
1175 3947 1279 3996 suaviter
1290 3964 1394 4007 canere,
1413 3964 1469 3996 nam

314 4016 381 4063 lunt:
407 4030 460 4079 sup.
481 4014 559 4080 Epist.
578 4014 595 4069 i,
618 4017 639 4071 l,
661 4016 716 4069 164,
738 4014 769 4060 Et
788 4030 872 4059 mersor
905 4017 944 4076 (v.
954 4012 1013 4073 107)
1027 4013 1137 4059 Gaudent
1148 4014 1277 4067 resilientes,
1287 4022 1467 4061 etssreneran-

312 4082 419 4129 ciuilibus
429 4082 506 4127 undis.
903 4086 952 4130 tur,
966 4087 987 4123 et
999 4078 1071 4130 ultro,
1088 4076 1114 4122 Si
1131 4086 1214 4131 taceas,
1228 4078 1339 4131 muriunt,
1350 4080 1468 4141 quidquid

345 4144 386 4191 86.
407 4142 476 4190 Verba
496 4146 551 4205 ipre
572 4152 660 4190 matram
679 4156 757 4188 sotrum
776 4157 870 4187 connec·
901 4143 1017 4200 scripsere,
1030 4142 1098 4187 beati.

313 4210 373 4257 tere:
393 4206 501 4255 similiter
520 4222 573 4271 sup.
591 4205 638 4253 Otl.
655 4205 688 4261 itt,
708 4208 732 4260 9,
756 4208 779 4260 4,
799 4204 871 4252 Ver-ba
936 4205 1042 4253 92—96.
1061 4202 1172 4250 caturam
1190 4220 1254 4264 opus,
1266 4203 1380 4253 coelorel
1398 4212 1469 4252 toruo

313 4276 374 4336 loqui
393 4272 482 4318 chordis
501 4273 607 4318 sruianrla
617 4288 624 4327 ,¹
643 4278 666 4319 et
683 4268 731 4317 (ld.
748 4270 773 4324 ii,
789 4271 828 4325 12,
847 4271 871 4323 4,
904 4268 1055 4332 exsculptum
1066 4268 1139 4329 (ἔπος
1165 4268 1470 4331 harrdvrairoprtndr).

315 4338 387 4385 Verba
401 4345 482 4395 aptare
496 4336 589 4383 cithara
608 4336 686 4380 madir.
721 4334 827 4396 Dignos?
845 4341 872 4379 ut
904 4332 980 4379 Simili
1003 4331 1107 4393 imagine
1124 4287 1168 4380 inl.
1182 4330 1207 4378 in
1228 4331 1306 4397 Epist.
1323 4332 1355 4380 ad
1372 4332 1428 4380 Pis.
1444 4350 1469 4379 t.

313 4416 360 4451 tem
373 4406 474 4448 tractatu
486 4399 582 4462 diguam
596 4398 695 4446 habeam
707 4398 715 4443 t
905 4398 961 4454 442,
974 4411 1057 4443 versus
1068 4411 1161 4442 summa
1173 4411 1231 4443 cura
1239 4396 1339 4462 expoliti
1351 4396 1469 4444 dicuntur

344 4464 449 4512 87-90.
469 4464 552 4510 Frater·
568 4473 617 4509 erut
637 4462 718 4513 licata,
736 4469 791 4508 cett.
826 4462 872 4506 Su-
906 4464 1001 4508 tornati.
1046 4463 1142 4523 Actum
1162 4464 1271 4521 primurn,
1296 4462 1392 4515 Quanto
1415 4479 1467 4508 curn
