3150 5200
732 335 958 402 EPODON

486 489 532 554 Ut
548 512 604 554 ora
620 499 727 554 vertat
743 489 809 552 huc
823 500 857 553 et
872 489 936 553 huc
952 489 1098 552 euntium

427 593 467 654 10
618 592 801 656 Liberrima
815 591 1022 674 indignatio?

487 699 508 726 “
523 693 639 758 Sectus
655 691 792 776 flagellis
807 691 861 756 hic
876 691 1160 767 Triumviralihus,

616 795 782 859 Praeconis
798 793 841 856 ad
857 792 1034 869 fastidium,

486 894 570 959 Arat
585 895 714 960 Falerni
730 895 815 958 mille
830 893 924 957 fundi
934 898 1064 979 jugera,

617 997 663 1060 Et
679 996 822 1081 Appiam
836 997 962 1059 mannis
978 997 1073 1073 terit,

424 1101 462 1162 15
485 1098 716 1181 Sedilibusque
730 1119 868 1181 magnus
881 1098 915 1160 in
930 1097 1042 1181 primis
1058 1119 1170 1180 eques,

613 1200 746 1264 Othone
762 1210 936 1273 contemto,
953 1199 1056 1262 sedet.

483 1301 574 1374 Quid
590 1303 706 1365 attinet
722 1311 770 1364 tot
782 1321 840 1362 ora
856 1300 985 1363 navium
999 1301 1091 1384 gravi

613 1403 771 1467 Rostrata
788 1401 866 1465 duci
880 1401 1026 1484 pondere

482 1503 606 1568 Contra
619 1503 762 1570 latrones
777 1514 876 1586 atque
893 1503 1041 1568 seruilem
1055 1526 1195 1581 mnam,

418 1606 462 1668 20
611 1605 686 1670 Hoc
702 1605 765 1669 hoc
780 1605 912 1668 tribuno
927 1605 1064 1670 rnilitum
1075 1607 1107 1669 1”

265 1754 828 1869 ’11011111111111110
859 1753 1178 1868 literature
1195 1769 1241 1829 '¹¹¹'
1256 1754 1423 1869 ”tritu

264 1837 411 1942 imile.
429 1836 550 1932 'sinitris
563 1836 825 1948 intn’ei'ipsli,
858 1828 1424 1940 iselthin.,‚l'‚nc⁰rilns‘2nli.¹¹c.n.

265 1950 330 2014 quod
348 1948 373 1996 in
392 1948 471 1996 Iberia
490 1963 511 1996 a.
533 1947 651 2014 Hispania
674 1949 825 2002 nascebatur,
859 1947 899 1995 56.
917 1947 1020 1996 Eosdem
1030 1947 1060 1997 de
1085 1945 1280 1997 oenisaersilibus
1285 1947 1326 2012 jus
1335 1947 1424 1996 dixisse

264 2013 346 2063 tortis:
372 2010 421 2060 vid.
440 2012 506 2062 Plin.
529 2011 578 2068 six,
600 2015 621 2068 1,
640 2027 661 2060 s.
677 2014 702 2068 2,
717 2019 741 2060 et
752 2012 784 2060 ci.
797 2011 827 2059 ad
860 2010 931 2060 docet
948 1963 1084 2074 Pignor.dj

266 2077 358 2127 Catull-
376 2076 434 2134 lxiv,
452 2077 511 2124 227.
554 2078 639 2133 Crura,
664 2090 698 2124 sc.
722 2083 826 2140 peruste.
858 2077 890 2122 od
902 2075 1046 2140 fastidium:
1064 2075 1227 2140 militatque
1242 2075 1335 2138 gratim
1351 2091 1425 2141 poene

265 2142 336 2190 Dura
352 2143 462 2203 conpede,
481 2140 605 2205 nequiores
628 2140 746 2216 praecipue
766 2138 827 2186 servi
859 2138 917 2186 olim
929 2140 960 2187 ab
971 2141 1017 2187 isto
1033 2139 1129 2187 bomine
1144 2149 1224 2187 sumta
1235 2139 1319 2196 iuerat,
1330 2155 1359 2188 eo
1370 2155 1422 2188 ma-

264 2215 314 2255 tsrn
337 2205 363 2254 iu
383 2204 519 2269 ergastulis,
538 2221 610 2269 quam
629 2219 655 2251 tn
673 2220 689 2252 o
720 2219 744 2252 re
764 2203 827 2250 lons
855 2199 905 2264 jori
916 2203 960 2251 ilia
970 2203 1067 2252 fastidio
1077 2213 1103 2252 et
1120 2203 1235 2252 molestie
1250 2203 1297 2252 luit
1310 2203 1423 2268 praeoni,

264 2269 383 2326 iaciendo,
396 2267 522 2334 compedes
534 2278 624 2332 gesture
636 2268 686 2316 sole
704 2275 753 2315 ant.
858 2265 902 2329 qui
918 2274 968 2316 tatu
987 2283 1068 2333 praua
1089 2281 1196 2324 causam,
1217 2282 1290 2332 quam
1308 2283 1423 2331 magnum

297 2335 387 2383 5-10.
405 2333 469 2381 Licet
484 2335 594 2394 superbus
609 2334 709 2380 ambalat
717 2333 825 2394 pecnnia
857 2331 981 2441 plegamm
1004 2347 1129 2379 numerum
1150 2331 1248 2395 publice
1267 2333 1424 2397 pronunciare

264 2397 321 2446 licet
337 2398 438 2458 superbo
453 2404 494 2444 tuo
510 2397 605 2444 incessu
621 2403 644 2443 te
660 2395 759 2444 divitem
773 2409 826 2444 esse
875 2396 981 2444 abuerat.
1015 2397 1084 2452 Arni,
1134 2395 1216 2452 ssidet,
1234 2395 1296 2444 nihil
1310 2395 1422 2461 amplius,

265 2469 376 2509 ostentes.
401 2461 525 2520 Superbus,
535 2459 765 2521 temadpecnniom,
776 2473 827 2524 qua
859 2465 885 2505 ut
905 2473 960 2524 sup.
982 2458 1017 2513 iii,
1039 2460 1079 2516 16,
1114 2461 1139 2508 6.
1173 2459 1252 2508 Fundi
1271 2461 1377 2517 Falerni,
1397 2460 1424 2508 iu

281 2523 319 2572 uis
333 2522 448 2588 superbit,
465 2539 537 2587 quam
556 2521 587 2570 ad
605 2525 704 2572 annoni
725 2523 826 2572 releren·
859 2523 1002 2587 Campania,
1015 2523 1057 2571 ubi
1072 2525 1103 2571 ob
1114 2522 1218 2587 regionis
1227 2540 1282 2572 cum
1294 2523 1422 2573 munin-

264 2540 336 2637 dum:
355 2589 480 2642 ambolare,
496 2595 523 2635 ut
538 2585 618 2643 Sati,
635 2589 660 2645 2,
671 2589 712 2644 25,
728 2587 826 2636 Malthi·
859 2595 907 2635 tem
924 2596 975 2636 tum
992 2586 1138 2637 fertilitatem
1153 2587 1281 2637 latifundia
1293 2588 1423 2639 suihabe-

264 2670 307 2701 κω
327 2655 413 2701 tunicis
432 2653 532 2699 denium
550 2654 662 2707 ammisit,
681 2651 711 2700 de
727 2652 765 2707 iis,
784 2650 827 2716 qui
857 2652 918 2700 bant
948 2653 1112 2701 Romanorum
1140 2652 1260 2702 ditissimi.
1305 2654 1421 2702 Mennis:

264 2716 359 2765 incessu
385 2715 526 2779 dignitatem
553 2714 675 2778 quandem
703 2715 825 2765 affectant.
857 2717 947 2773 manni,
966 2716 998 2764 ci.
1017 2732 1072 2790 sup.
1094 2715 1129 2771 iii,
1149 2718 1191 2772 27,
1211 2718 1236 2774 ’1,
1254 2718 1312 2780 oqui
1332 2717 1424 2766 Gallici

265 2780 370 2829 Fortuna
389 2796 434 2853 non
447 2788 528 2853 'mutat
544 2795 626 2853 genus,
645 2794 727 2827 munes
746 2788 827 2859 tamen
859 2779 979 2853 (letter),
992 2796 1058 2854 parvi
1069 2780 1175 2892 qqidem,
1188 2781 1230 2829 sed
1241 2780 1367 2830 velocitate
1378 2796 1423 2830 ma

264 2860 367 2965 qm,
375 2842 774 2971 ⁸liiiiiiliriiiiideiiioriiisfriidiidiitani
782 2860 827 2955 ¹itin
860 2844 963 2956 piqlppqu
975 2846 1181 2957 qqlipaqsfmda
1198 2908 1283 2959 itinera
1299 2908 1338 2957 usi
1348 2918 1422 2959 sunta

264 2972 346 3038 primis
362 2973 454 3022 solebat
466 2971 591 3022 hominum
602 2971 730 3020 otiosorum
740 2972 824 3018 turbe:
862 2972 956 3020 lucret.
969 2972 1003 3028 iii,
1019 2973 1089 3028 1076,
1109 2974 1193 3022 Currit
1207 2990 1277 3037 agens
1290 2990 1385 3021 mnes
1394 2978 1421 3023 is

264 3038 296 3087 ci.
309 3036 480 3093 infantia,
495 3039 517 3085 1.
547 3036 577 3084 Te
588 3040 704 3085 metiente:
720 3034 825 3083 suaviter
856 3037 1175 3099 ailiomhicpraeipitanter.
1196 3040 1295 3100 Appium
1305 3041 1370 3095 terit,

262 3100 313 3166 jam
325 3106 386 3151 niam
397 3104 483 3159 nntiri,
498 3110 526 3149 ut
541 3101 612 3166 paulo
627 3108 682 3148 unte
696 3100 824 3153 ambulare,
856 3098 919 3147 riam
931 3101 972 3165 Ap
988 3101 1036 3148 ium
1045 3100 1153 3158 rebitur,
1170 3100 1222 3150 bae
1230 3100 1271 3150 via
1281 3102 1347 3149 enim
1356 3117 1386 3151 ce
1395 3118 1420 3151 s·

263 3165 351 3216 dicitur
365 3167 387 3215 is
402 3167 453 3232 qui,
471 3180 497 3213 se
512 3181 560 3212 non
571 3164 694 3238 vulgarem
705 3162 826 3211 bominem
857 3164 960 3212 benima
970 3117 1075 3212 ducebat
1089 3164 1115 3211 in
1131 3164 1289 3230 Campaniam
1305 3173 1330 3214 et
1341 3166 1422 3215 Brun·

1078 2027 1092 2067 ,ε
1104 2011 1184 2059 Servis
1195 2029 1220 2076 p.
1234 2012 1274 2059 1³.
1308 2013 1424 2060 Preconis

1106 2844 1191 2893 stiores
1201 2844 1310 2911 inprimit
1317 2845 1349 2893 td
1359 2846 1423 2895 cele-

264 3246 316 3281 esse
333 3241 480 3285 ostensurus,
498 3228 593 3277 incessu
605 3228 744 3291 dignitatem
757 3242 826 3274 suam
857 3226 964 3275 dusium.
1006 3229 1163 3291 Sediiibusqm
1182 3246 1279 3293 mugnus
1298 3232 1325 3276 in
1341 3233 1423 3291 prieris

281 3296 361 3344 rodere
377 3294 473 3352 studet;
497 3290 588 3340 incedit
608 3300 687 3339 summ
709 3290 828 3354 ejusmodi
859 3307 932 3353 eques,
945 3292 1034 3340 Othone
1044 3302 1162 3348 contento,
1174 3296 1244 3350 uda,
1256 3301 1281 3342 et
1294 3292 1320 3340 in
1329 3304 1422 3358 specta·

263 3311 335 3405 horno
348 3372 426 3405 vanus
438 3356 480 3410 itu,
494 3364 522 3404 ut
539 3370 633 3417 metue
652 3354 683 3402 ad
698 3370 828 3403 mensuram
859 3355 930 3411 culis,
944 3356 1011 3404 elusa
1028 3364 1053 3404 et
1069 3372 1157 3421 susque
1174 3355 1253 3423 deque
1271 3357 1355 3405 habita
1370 3358 1423 3423 lege

278 3424 379 3469 mindam
396 3420 497 3482 dirigere
515 3418 632 3467 videatur.
665 3420 713 3468 Pro
733 3418 826 3482 vulgari
860 3418 960 3475 Roscia,
984 3428 1101 3484 tanquam
1123 3436 1225 3483 maguus
1249 3437 1323 3485 eques
1346 3422 1423 3487 prima

273 3484 373 3541 ectione,
391 3486 424 3531 bis
438 3493 475 3531 ter
491 3485 612 3540 atriorum,
629 3499 684 3531 cnm
704 3483 824 3538 Bentleio,
857 3482 944 3531 sedilia
970 3492 1081 3550 occupat.
1127 3486 1192 3547 Lege
1213 3484 1278 3533 enim
1301 3484 1421 3545 theatrali,

263 3550 379 3596 histriam
390 3550 509 3605 uitiorum,
517 3546 633 3597 latinitate
644 3548 670 3595 id
679 3547 824 3611 postulante,
859 3561 932 3611 quam
948 3547 978 3594 L.
990 3548 1095 3596 ltoscius
1113 3547 1178 3597 Otho
1193 3549 1226 3597 U.
1236 3549 1267 3597 C.
1283 3566 1421 3599 nctxxxrt

263 3610 334 3659 dedi:
351 3610 401 3659 vid.
414 3610 496 3659 Bentl.
529 3612 596 3674 Toga
608 3612 662 3661 laxa
673 3620 763 3667 sutem,
776 3610 824 3667 rel,
857 3610 922 3667 tulit,
935 3612 1054 3659 nucitum
1068 3612 1267 3676 luit,uequisiu
1277 3614 1421 3677 quatuorde-

264 3684 292 3724 ut
313 3674 417 3723 Ovidius
439 3675 511 3723 Rern.
537 3677 620 3725 Amor.
641 3677 689 3725 600
710 3674 824 3750 loquitur,
857 3673 905 3722 cim
927 3674 1040 3738 gradibus
1062 3676 1112 3723 sive
1131 3676 1215 3724 cuneis
1237 3678 1372 3733 orchestra,
1395 3679 1421 3725 in

263 3741 377 3851 leth:
391 3740 826 3867 tittltttttt{tributii
858 3754 907 3849 ‘tt
923 3738 1421 3866 tt‘tlffitfflttt‘thtttt

262 3866 392 3933 opulentiae
403 3866 505 3931 insigne,
527 3840 662 3915 'estnbstun
686 3867 752 3914 Hinc
762 3867 827 3931 apud
859 3864 1053 3922 Sedisteborno,
1066 3819 1176 3930 quantovis
1192 3876 1220 3916 ut
1234 3870 1345 3916 tribunus
1357 3870 1421 3917 mili·

263 3932 405 3981 Ciceronem
420 3930 445 3979 in
464 3882 748 3987 caulinianense
764 3931 826 3979 mol·
858 3938 909 3977 turn
919 3931 1023 3993 equestri
1035 3930 1153 3993 dignitate
1164 3931 1293 3995 gaudebat.
1305 3933 1421 3981 muns

262 3996 334 4045 liores
345 3998 409 4050 netis,
422 4012 467 4041 non
480 3998 538 4057 togis
550 3998 628 4043 amicti
640 3994 762 4043 dicuntur.
793 3995 826 4043 Ut
859 4002 938 4042 tamen
955 3995 1032 4057 legem
1049 3995 1154 4043 Othonis
1168 3997 1343 4052 contemnebat,
1357 3998 1382 4044 b.
1398 4012 1421 4046 e.

263 4076 304 4108 ora
323 4070 399 4108 uenat
419 4060 462 4106 hnc
476 4068 498 4105 et
518 4060 563 4106 hnc
577 4062 682 4107 euntium
694 4059 826 4107 Liberrims
858 4057 981 4115 eludebat,
993 4058 1057 4121 quod
1067 4074 1099 4106 ex
1109 4068 1191 4107 mente
1202 4060 1306 4108 Otbouis
1333 4062 1385 4109 lebs
1395 4070 1420 4109 et

263 4126 413 4187 indignatio?
429 4122 491 4171 utin
503 4122 540 4171 vis
558 4124 632 4171 Sacra
649 4133 672 4171 te
688 4122 826 4170 bincillinc
857 4122 951 4170 servilis
970 4121 1115 4170 conditionis
1136 4124 1252 4179 homines,
1274 4140 1308 4188 qu
1332 4124 1354 4173 is
1375 4126 1421 4174 ista

263 4195 420 4242 transeuntes,
433 4201 545 4235 converso
561 4185 591 4235 ad
609 4196 632 4235 te
648 4202 696 4241 ore,
708 4186 827 4235 liberrime
858 4184 913 4240 luit,
926 4187 956 4233 ab
968 4186 1089 4249 equitibus
1100 4187 1192 4235 secerni
1203 4188 1332 4237 debebant.

262 4250 450 4314 indignationem
463 4265 530 4298 suam
541 4251 660 4315 prodant!
678 4252 823 4314 Sequentem
898 4250 1003 4298 17-20.
1032 4252 1097 4305 Quid
1119 4254 1213 4308 attinet,
1237 4260 1295 4300 cett.
1317 4266 1419 4301 sensus:

261 4316 401 4371 orationem,
426 4316 504 4361 &crin
522 4316 628 4377 flagellis
648 4322 705 4363 cett.
728 4324 782 4377 apte
800 4322 825 4362 et
855 4312 915 4377 quid
933 4314 1030 4378 expedit
1047 4324 1114 4362 tanto
1130 4324 1247 4380 apparatu
1264 4316 1366 4365 classem
1381 4316 1421 4363 iu·

262 4380 363 4453 graviter
383 4386 454 4443 poeta
470 4392 559 4425 vanum
579 4386 685 4425 nostruin
704 4377 824 4426 bominem
857 4387 956 4432 struere,
969 4386 997 4425 ut
1006 4378 1111 4426 latrones
1125 4388 1151 4427 et
1164 4394 1245 4427 servos
1255 4379 1423 4435 vincemumi

262 4459 286 4490 sn
301 4442 339 4491 via
350 4444 423 4491 Sacra
435 4440 614 4489 nauseuntibus
624 4441 738 4505 suggerit.
858 4440 920 4489 servi
930 4442 995 4507 apud
1008 4456 1053 4489 uos
1064 4442 1094 4491 ed
1106 4442 1196 4491 tribuni
1207 4442 1311 4493 militurn
1322 4444 1423 4492 bonores

293 4507 396 4555 11-16.
409 4506 521 4571 Flageltis
531 4504 825 4555 transmittentem·
858 4503 1007 4555 evehuntur!
1051 4506 1101 4553 Oro
1121 4509 1216 4555 noviens
1236 4510 1307 4571 pani
1323 4510 1424 4569 pedm
