<?xml version="1.0" encoding="UTF-8"?>
<!DOCTYPE html PUBLIC "-//W3C//DTD XHTML 1.0 Transitional//EN"
    "http://www.w3.org/TR/xhtml1/DTD/xhtml1-transitional.dtd">
<html xmlns="http://www.w3.org/1999/xhtml" xml:lang="en" lang="en">
 <head>
  <title>
</title>
<meta http-equiv="Content-Type" content="text/html;charset=utf-8" />
  <meta name='ocr-system' content='tesseract 3.04.00' />
  <meta name='ocr-capabilities' content='ocr_page ocr_carea ocr_par ocr_line ocrx_word'/>
</head>
<body>
  <div class='ocr_page' id='page_1' title='image "./operaomniaillus00horagoog_0024.png"; bbox 0 0 3150 5200; ppageno 0'>
   <div class='ocr_carea' id='block_1_1' title="bbox 283 338 1264 410">
    <p class='ocr_par' dir='ltr' id='par_1_1' title="bbox 283 338 1264 410">
     <span class='ocr_line' id='line_1_1' title="bbox 283 338 1264 410; baseline 0.003 -6"><span class='ocrx_word' id='word_1_1' title='bbox 283 342 336 404; x_wconf 86' lang='lat' dir='ltr'><strong>xvi</strong></span> <span class='ocrx_word' id='word_1_2' title='bbox 454 338 714 410; x_wconf 88' lang='lat' dir='ltr'><strong>PRAEFATIO</strong></span> <span class='ocrx_word' id='word_1_3' title='bbox 738 340 987 407; x_wconf 84' lang='lat' dir='ltr'>EDITIONIS</span> <span class='ocrx_word' id='word_1_4' title='bbox 1011 343 1264 410; x_wconf 89' lang='lat' dir='ltr'>SECUNDAE.</span> 
     </span>
    </p>
   </div>
   <div class='ocr_carea' id='block_1_2' title="bbox 282 525 1433 710">
    <p class='ocr_par' dir='ltr' id='par_1_2' title="bbox 282 525 1433 710">
     <span class='ocr_line' id='line_1_2' title="bbox 282 525 1433 616; baseline 0.007 -26"><span class='ocrx_word' id='word_1_5' title='bbox 282 537 315 591; x_wconf 92' lang='lat' dir='ltr'><strong>et</strong></span> <span class='ocrx_word' id='word_1_6' title='bbox 341 528 383 592; x_wconf 90' lang='lat' dir='ltr'><strong>ab</strong></span> <span class='ocrx_word' id='word_1_7' title='bbox 412 528 499 592; x_wconf 89' lang='lat' dir='ltr'><strong>omni</strong></span> <span class='ocrx_word' id='word_1_8' title='bbox 528 529 752 594; x_wconf 81' lang='lat' dir='ltr'><strong>emendatione</strong></span> <span class='ocrx_word' id='word_1_9' title='bbox 782 529 902 594; x_wconf 80' lang='lat' dir='ltr'><strong>salvam</strong></span> <span class='ocrx_word' id='word_1_10' title='bbox 929 541 964 595; x_wconf 89' lang='lat' dir='ltr'><strong>et</strong></span> <span class='ocrx_word' id='word_1_11' title='bbox 991 532 1150 616; x_wconf 78' lang='lat' dir='ltr'><strong>integram</strong></span> <span class='ocrx_word' id='word_1_12' title='bbox 1178 541 1335 616; x_wconf 84' lang='lat' dir='ltr'><strong>praestare</strong></span> <span class='ocrx_word' id='word_1_13' title='bbox 1364 525 1433 598; x_wconf 85' lang='lat' dir='ltr'><strong>stu-</strong></span> 
     </span>
     <span class='ocr_line' id='line_1_3' title="bbox 283 645 391 710; baseline 0.009 -1"><span class='ocrx_word' id='word_1_14' title='bbox 283 645 391 710; x_wconf 79' lang='lat' dir='ltr'><strong>deant.</strong></span> 
     </span>
    </p>
   </div>
   <div class='ocr_carea' id='block_1_3' title="bbox 326 764 1426 850">
    <p class='ocr_par' dir='ltr' id='par_1_3' title="bbox 326 764 1426 850">
     <span class='ocr_line' id='line_1_4' title="bbox 326 764 1426 850; baseline 0.006 -22"><span class='ocrx_word' id='word_1_15' title='bbox 326 764 502 849; x_wconf 85' lang='lat' dir='ltr'>Equidem,</span> <span class='ocrx_word' id='word_1_16' title='bbox 513 765 659 848; x_wconf 89' lang='lat' dir='ltr'><strong>quamvis</strong></span> <span class='ocrx_word' id='word_1_17' title='bbox 674 768 716 831; x_wconf 92' lang='lat' dir='ltr'><strong>ab</strong></span> <span class='ocrx_word' id='word_1_18' title='bbox 729 767 976 843; x_wconf 79' lang='lat' dir='ltr'><strong>obtrectatione,</strong></span> <span class='ocrx_word' id='word_1_19' title='bbox 992 767 1189 850; x_wconf 84' lang='lat' dir='ltr'><strong>arrogantia,</strong></span> <span class='ocrx_word' id='word_1_20' title='bbox 1200 778 1235 831; x_wconf 93' lang='lat' dir='ltr'><strong>et</strong></span> <span class='ocrx_word' id='word_1_21' title='bbox 1248 769 1327 832; x_wconf 80' lang='lat' dir='ltr'><strong>rixis</strong></span> <span class='ocrx_word' id='word_1_22' title='bbox 1342 771 1426 848; x_wconf 87' lang='lat' dir='ltr'><strong>istis,</strong></span> 
     </span>
    </p>
   </div>
   <div class='ocr_carea' id='block_1_4' title="bbox 281 885 1433 1561">
    <p class='ocr_par' dir='ltr' id='par_1_4' title="bbox 281 885 1433 1561">
     <span class='ocr_line' id='line_1_5' title="bbox 283 885 1431 970; baseline 0.004 -25"><span class='ocrx_word' id='word_1_23' title='bbox 283 904 357 966; x_wconf 81' lang='lat' dir='ltr'><strong>qum</strong></span> <span class='ocrx_word' id='word_1_24' title='bbox 376 905 441 947; x_wconf 92' lang='lat' dir='ltr'><strong>non</strong></span> <span class='ocrx_word' id='word_1_25' title='bbox 455 906 529 948; x_wconf 88' lang='lat' dir='ltr'><strong>raro</strong></span> <span class='ocrx_word' id='word_1_26' title='bbox 544 885 629 949; x_wconf 86' lang='lat' dir='ltr'><strong>inter</strong></span> <span class='ocrx_word' id='word_1_27' title='bbox 644 887 729 949; x_wconf 90' lang='lat' dir='ltr'><strong>viros</strong></span> <span class='ocrx_word' id='word_1_28' title='bbox 744 886 872 961; x_wconf 86' lang='lat' dir='ltr'><strong>doctos,</strong></span> <span class='ocrx_word' id='word_1_29' title='bbox 884 885 1050 970; x_wconf 80' lang='lat' dir='ltr'><strong>praecipue</strong></span> <span class='ocrx_word' id='word_1_30' title='bbox 1065 885 1149 948; x_wconf 87' lang='lat' dir='ltr'><strong>inter</strong></span> <span class='ocrx_word' id='word_1_31' title='bbox 1164 887 1305 963; x_wconf 84' lang='lat' dir='ltr'><strong>criticos,</strong></span> <span class='ocrx_word' id='word_1_32' title='bbox 1317 885 1431 950; x_wconf 89' lang='lat' dir='ltr'><strong>huma·</strong></span> 
     </span>
     <span class='ocr_line' id='line_1_6' title="bbox 282 1001 1433 1087; baseline 0.004 -23"><span class='ocrx_word' id='word_1_33' title='bbox 282 1001 394 1065; x_wconf 86' lang='lat' dir='ltr'><strong>nitatis</strong></span> <span class='ocrx_word' id='word_1_34' title='bbox 414 1023 512 1086; x_wconf 88' lang='lat' dir='ltr'><strong>saepe,</strong></span> <span class='ocrx_word' id='word_1_35' title='bbox 528 1002 571 1067; x_wconf 89' lang='lat' dir='ltr'><strong>ad</strong></span> <span class='ocrx_word' id='word_1_36' title='bbox 590 1025 686 1087; x_wconf 89' lang='lat' dir='ltr'><strong>quam</strong></span> <span class='ocrx_word' id='word_1_37' title='bbox 710 1003 905 1068; x_wconf 87' lang='lat' dir='ltr'><strong>conformari</strong></span> <span class='ocrx_word' id='word_1_38' title='bbox 926 1003 1048 1067; x_wconf 91' lang='lat' dir='ltr'><strong>debent</strong></span> <span class='ocrx_word' id='word_1_39' title='bbox 1072 1004 1231 1067; x_wconf 87' lang='lat' dir='ltr'><strong>bonarum</strong></span> <span class='ocrx_word' id='word_1_40' title='bbox 1253 1004 1433 1068; x_wconf 87' lang='lat' dir='ltr'><strong>litterarum</strong></span> 
     </span>
     <span class='ocr_line' id='line_1_7' title="bbox 282 1119 1430 1208; baseline 0.001 -25"><span class='ocrx_word' id='word_1_41' title='bbox 282 1119 434 1197; x_wconf 87' lang='lat' dir='ltr'><strong>cultores,</strong></span> <span class='ocrx_word' id='word_1_42' title='bbox 465 1120 560 1205; x_wconf 88' lang='lat' dir='ltr'><strong>plane</strong></span> <span class='ocrx_word' id='word_1_43' title='bbox 594 1135 758 1208; x_wconf 83' lang='lat' dir='ltr'><strong>expertes,</strong></span> <span class='ocrx_word' id='word_1_44' title='bbox 789 1122 917 1186; x_wconf 81' lang='lat' dir='ltr'><strong>misceri</strong></span> <span class='ocrx_word' id='word_1_45' title='bbox 954 1121 1070 1196; x_wconf 88' lang='lat' dir='ltr'><strong>solent,</strong></span> <span class='ocrx_word' id='word_1_46' title='bbox 1101 1142 1172 1183; x_wconf 89' lang='lat' dir='ltr'><strong>sum</strong></span> <span class='ocrx_word' id='word_1_47' title='bbox 1199 1119 1430 1201; x_wconf 61' lang='lat' dir='ltr'><strong>alienissimum</strong></span> 
     </span>
     <span class='ocr_line' id='line_1_8' title="bbox 281 1237 1431 1323; baseline 0.003 -22"><span class='ocrx_word' id='word_1_48' title='bbox 281 1248 388 1302; x_wconf 86' lang='lat' dir='ltr'><strong>tamen</strong></span> <span class='ocrx_word' id='word_1_49' title='bbox 409 1239 520 1323; x_wconf 85' lang='lat' dir='ltr'><strong>inepta</strong></span> <span class='ocrx_word' id='word_1_50' title='bbox 542 1250 577 1303; x_wconf 89' lang='lat' dir='ltr'><strong>et</strong></span> <span class='ocrx_word' id='word_1_51' title='bbox 595 1262 671 1304; x_wconf 88' lang='lat' dir='ltr'><strong>vere</strong></span> <span class='ocrx_word' id='word_1_52' title='bbox 694 1239 832 1304; x_wconf 85' lang='lat' dir='ltr'><strong>ridicula</strong></span> <span class='ocrx_word' id='word_1_53' title='bbox 845 1238 959 1314; x_wconf 86' lang='lat' dir='ltr'><strong>videri,</strong></span> <span class='ocrx_word' id='word_1_54' title='bbox 975 1260 1049 1322; x_wconf 86' lang='lat' dir='ltr'><strong>quae</strong></span> <span class='ocrx_word' id='word_1_55' title='bbox 1064 1237 1106 1302; x_wconf 90' lang='lat' dir='ltr'><strong>de</strong></span> <span class='ocrx_word' id='word_1_56' title='bbox 1120 1240 1431 1318; x_wconf 84' lang='lat' dir='ltr'><strong>commentariorum,</strong></span> 
     </span>
     <span class='ocr_line' id='line_1_9' title="bbox 283 1356 1431 1440; baseline 0.002 -21"><span class='ocrx_word' id='word_1_57' title='bbox 283 1356 387 1439; x_wconf 88' lang='lat' dir='ltr'><strong>qualis</strong></span> <span class='ocrx_word' id='word_1_58' title='bbox 410 1357 463 1423; x_wconf 93' lang='lat' dir='ltr'><strong>hic</strong></span> <span class='ocrx_word' id='word_1_59' title='bbox 486 1379 577 1422; x_wconf 89' lang='lat' dir='ltr'><strong>meus</strong></span> <span class='ocrx_word' id='word_1_60' title='bbox 600 1359 634 1422; x_wconf 92' lang='lat' dir='ltr'><strong>in</strong></span> <span class='ocrx_word' id='word_1_61' title='bbox 656 1358 832 1422; x_wconf 84' lang='lat' dir='ltr'><strong>Horatium</strong></span> <span class='ocrx_word' id='word_1_62' title='bbox 851 1365 913 1434; x_wconf 88' lang='lat' dir='ltr'><strong>est,</strong></span> <span class='ocrx_word' id='word_1_63' title='bbox 929 1357 1103 1440; x_wconf 82' lang='lat' dir='ltr'><strong>generibus</strong></span> <span class='ocrx_word' id='word_1_64' title='bbox 1119 1356 1278 1433; x_wconf 81' lang='lat' dir='ltr'><strong>feruntur,</strong></span> <span class='ocrx_word' id='word_1_65' title='bbox 1294 1356 1431 1440; x_wconf 88' lang='lat' dir='ltr'><strong>judicia,</strong></span> 
     </span>
     <span class='ocr_line' id='line_1_10' title="bbox 282 1474 1431 1561; baseline 0 -22"><span class='ocrx_word' id='word_1_66' title='bbox 282 1474 484 1540; x_wconf 86' lang='lat' dir='ltr'><strong>dissimulare</strong></span> <span class='ocrx_word' id='word_1_67' title='bbox 504 1498 570 1540; x_wconf 91' lang='lat' dir='ltr'><strong>non</strong></span> <span class='ocrx_word' id='word_1_68' title='bbox 590 1499 734 1561; x_wconf 89' lang='lat' dir='ltr'><strong>possum.</strong></span> <span class='ocrx_word' id='word_1_69' title='bbox 781 1474 867 1538; x_wconf 91' lang='lat' dir='ltr'><strong>Sunt</strong></span> <span class='ocrx_word' id='word_1_70' title='bbox 888 1475 974 1537; x_wconf 90' lang='lat' dir='ltr'><strong>enim</strong></span> <span class='ocrx_word' id='word_1_71' title='bbox 994 1474 1051 1557; x_wconf 91' lang='lat' dir='ltr'><strong>qui</strong></span> <span class='ocrx_word' id='word_1_72' title='bbox 1070 1483 1214 1538; x_wconf 86' lang='lat' dir='ltr'><strong>veterum</strong></span> <span class='ocrx_word' id='word_1_73' title='bbox 1237 1476 1431 1559; x_wconf 79' lang='lat' dir='ltr'><strong>scriptorum</strong></span> 
     </span>
    </p>
   </div>
   <div class='ocr_carea' id='block_1_5' title="bbox 178 1593 1431 1678">
    <p class='ocr_par' dir='ltr' id='par_1_5' title="bbox 178 1593 1431 1678">
     <span class='ocr_line' id='line_1_11' title="bbox 178 1593 1431 1678; baseline -0.001 -20"><span class='ocrx_word' id='word_1_74' title='bbox 178 1623 180 1629; x_wconf 94' lang='lat'>·</span> <span class='ocrx_word' id='word_1_75' title='bbox 281 1593 442 1658; x_wconf 86' lang='lat' dir='ltr'><strong>editiones</strong></span> <span class='ocrx_word' id='word_1_76' title='bbox 464 1594 498 1657; x_wconf 93' lang='lat' dir='ltr'><strong>in</strong></span> <span class='ocrx_word' id='word_1_77' title='bbox 520 1617 615 1658; x_wconf 91' lang='lat' dir='ltr'><strong>usum</strong></span> <span class='ocrx_word' id='word_1_78' title='bbox 635 1595 775 1658; x_wconf 89' lang='lat' dir='ltr'><strong>tironum</strong></span> <span class='ocrx_word' id='word_1_79' title='bbox 791 1594 965 1657; x_wconf 86' lang='lat' dir='ltr'><strong>adornatas</strong></span> <span class='ocrx_word' id='word_1_80' title='bbox 977 1593 1094 1656; x_wconf 75' lang='lat' dir='ltr'><strong>noxios</strong></span> <span class='ocrx_word' id='word_1_81' title='bbox 1107 1604 1141 1657; x_wconf 92' lang='lat' dir='ltr'><strong>et</strong></span> <span class='ocrx_word' id='word_1_82' title='bbox 1149 1593 1354 1678; x_wconf 64' lang='lat' dir='ltr'><strong>penuriosus</strong></span> <span class='ocrx_word' id='word_1_83' title='bbox 1366 1593 1431 1675; x_wconf 88' lang='lat' dir='ltr'><strong>(his</strong></span> 
     </span>
    </p>
   </div>
   <div class='ocr_carea' id='block_1_6' title="bbox 217 1711 1432 4513">
    <p class='ocr_par' dir='ltr' id='par_1_6' title="bbox 217 1711 1432 4513">
     <span class='ocr_line' id='line_1_12' title="bbox 281 1711 1430 1795; baseline -0.002 -19"><span class='ocrx_word' id='word_1_84' title='bbox 281 1712 367 1776; x_wconf 88' lang='lat' dir='ltr'><strong>enirn</strong></span> <span class='ocrx_word' id='word_1_85' title='bbox 395 1713 529 1776; x_wconf 81' lang='lat' dir='ltr'><strong>vocibus</strong></span> <span class='ocrx_word' id='word_1_86' title='bbox 559 1712 603 1778; x_wconf 93' lang='lat' dir='ltr'><strong>illi</strong></span> <span class='ocrx_word' id='word_1_87' title='bbox 638 1723 778 1778; x_wconf 87' lang='lat' dir='ltr'><strong>mentem</strong></span> <span class='ocrx_word' id='word_1_88' title='bbox 815 1733 905 1776; x_wconf 90' lang='lat' dir='ltr'><strong>suam</strong></span> <span class='ocrx_word' id='word_1_89' title='bbox 940 1711 1138 1795; x_wconf 83' lang='lat' dir='ltr'><strong>exprimunt)</strong></span> <span class='ocrx_word' id='word_1_90' title='bbox 1167 1733 1239 1776; x_wconf 88' lang='lat' dir='ltr'><strong>esse</strong></span> <span class='ocrx_word' id='word_1_91' title='bbox 1276 1721 1430 1775; x_wconf 83' lang='lat' dir='ltr'><strong>statuant.</strong></span> 
     </span>
     <span class='ocr_line' id='line_1_13' title="bbox 282 1829 1432 1916; baseline 0 -22"><span class='ocrx_word' id='word_1_92' title='bbox 282 1831 447 1916; x_wconf 77' lang='lat' dir='ltr'><strong>Profecto,</strong></span> <span class='ocrx_word' id='word_1_93' title='bbox 477 1831 591 1896; x_wconf 82' lang='lat' dir='ltr'><strong>scribit</strong></span> <span class='ocrx_word' id='word_1_94' title='bbox 619 1829 746 1915; x_wconf 89' lang='lat' dir='ltr'><strong>aliquis,</strong></span> <span class='ocrx_word' id='word_1_95' title='bbox 773 1831 803 1895; x_wconf 80' lang='lat' dir='ltr'><strong>si</strong></span> <span class='ocrx_word' id='word_1_96' title='bbox 831 1831 882 1894; x_wconf 67' lang='lat' dir='ltr'><strong>11ae</strong></span> <span class='ocrx_word' id='word_1_97' title='bbox 907 1831 1062 1894; x_wconf 74' lang='lat' dir='ltr'><strong>editiones</strong></span> <span class='ocrx_word' id='word_1_98' title='bbox 1086 1831 1192 1894; x_wconf 68' lang='lat' dir='ltr'><strong>omitia</strong></span> <span class='ocrx_word' id='word_1_99' title='bbox 1213 1831 1294 1915; x_wconf 71' lang='lat' dir='ltr'><strong>ipram</strong></span> <span class='ocrx_word' id='word_1_100' title='bbox 1318 1830 1432 1915; x_wconf 70' lang='lat' dir='ltr'><strong>explo-</strong></span> 
     </span>
     <span class='ocr_line' id='line_1_14' title="bbox 280 1948 1432 2036; baseline -0.001 -23"><span class='ocrx_word' id='word_1_101' title='bbox 280 1959 369 2024; x_wconf 71' lang='lat' dir='ltr'><strong>rant,</strong></span> <span class='ocrx_word' id='word_1_102' title='bbox 384 1973 455 2035; x_wconf 81' lang='lat' dir='ltr'><strong>quae</strong></span> <span class='ocrx_word' id='word_1_103' title='bbox 469 1951 647 2036; x_wconf 70' lang='lat' dir='ltr'><strong>capicium</strong></span> <span class='ocrx_word' id='word_1_104' title='bbox 665 1949 892 2035; x_wconf 76' lang='lat' dir='ltr'><strong>magistrorum</strong></span> <span class='ocrx_word' id='word_1_105' title='bbox 909 1959 968 2024; x_wconf 79' lang='lat' dir='ltr'><strong>est,</strong></span> <span class='ocrx_word' id='word_1_106' title='bbox 983 1948 1101 2012; x_wconf 76' lang='lat' dir='ltr'><strong>scholis</strong></span> <span class='ocrx_word' id='word_1_107' title='bbox 1120 1950 1219 2033; x_wconf 81' lang='lat' dir='ltr'><strong>plone</strong></span> <span class='ocrx_word' id='word_1_108' title='bbox 1233 1971 1345 2013; x_wconf 84' lang='lat' dir='ltr'><strong>carere</strong></span> <span class='ocrx_word' id='word_1_109' title='bbox 1352 1971 1432 2034; x_wconf 81' lang='lat' dir='ltr'><strong>pos-</strong></span> 
     </span>
     <span class='ocr_line' id='line_1_15' title="bbox 279 2066 1432 2152; baseline 0.001 -22"><span class='ocrx_word' id='word_1_110' title='bbox 279 2077 354 2130; x_wconf 76' lang='lat' dir='ltr'><strong>suut</strong></span> <span class='ocrx_word' id='word_1_111' title='bbox 373 2069 534 2152; x_wconf 77' lang='lat' dir='ltr'><strong>discipali,</strong></span> <span class='ocrx_word' id='word_1_112' title='bbox 555 2077 587 2131; x_wconf 86' lang='lat' dir='ltr'><strong>et</strong></span> <span class='ocrx_word' id='word_1_113' title='bbox 601 2067 682 2152; x_wconf 75' lang='lat' dir='ltr'><strong>fleri</strong></span> <span class='ocrx_word' id='word_1_114' title='bbox 705 2071 891 2125; x_wconf 63' lang='lat' dir='ltr'><strong>advotatum.</strong></span> <span class='ocrx_word' id='word_1_115' title='bbox 947 2067 1023 2129; x_wconf 84' lang='lat' dir='ltr'><strong>Non</strong></span> <span class='ocrx_word' id='word_1_116' title='bbox 1035 2066 1098 2129; x_wconf 72' lang='lat' dir='ltr'><strong>seiri</strong></span> <span class='ocrx_word' id='word_1_117' title='bbox 1111 2068 1145 2129; x_wconf 81' lang='lat' dir='ltr'><strong>in</strong></span> <span class='ocrx_word' id='word_1_118' title='bbox 1159 2067 1269 2130; x_wconf 76' lang='lat' dir='ltr'><strong>schola</strong></span> <span class='ocrx_word' id='word_1_119' title='bbox 1276 2089 1363 2152; x_wconf 82' lang='lat' dir='ltr'><strong>puer</strong></span> <span class='ocrx_word' id='word_1_120' title='bbox 1376 2069 1432 2131; x_wconf 85' lang='lat' dir='ltr'><strong>do-</strong></span> 
     </span>
     <span class='ocr_line' id='line_1_16' title="bbox 280 2183 1428 2272; baseline 0.001 -23"><span class='ocrx_word' id='word_1_121' title='bbox 280 2187 397 2250; x_wconf 81' lang='lat' dir='ltr'><strong>eendus</strong></span> <span class='ocrx_word' id='word_1_122' title='bbox 419 2196 477 2263; x_wconf 80' lang='lat' dir='ltr'><strong>eet,</strong></span> <span class='ocrx_word' id='word_1_123' title='bbox 494 2187 649 2272; x_wconf 75' lang='lat' dir='ltr'><strong>quidquid</strong></span> <span class='ocrx_word' id='word_1_124' title='bbox 665 2186 730 2270; x_wconf 77' lang='lat' dir='ltr'><strong>ipsi</strong></span> <span class='ocrx_word' id='word_1_125' title='bbox 749 2185 914 2248; x_wconf 75' lang='lat' dir='ltr'><strong>obscurum</strong></span> <span class='ocrx_word' id='word_1_126' title='bbox 934 2207 975 2247; x_wconf 88' lang='lat' dir='ltr'><strong>ac</strong></span> <span class='ocrx_word' id='word_1_127' title='bbox 997 2183 1129 2268; x_wconf 60' lang='lat' dir='ltr'><strong>difficile</strong></span> <span class='ocrx_word' id='word_1_128' title='bbox 1148 2183 1428 2269; x_wconf 79' lang='lat' dir='ltr'><strong>intellectufuerit.</strong></span> 
     </span>
     <span class='ocr_line' id='line_1_17' title="bbox 282 2300 1429 2389; baseline 0.001 -23"><span class='ocrx_word' id='word_1_129' title='bbox 282 2301 351 2375; x_wconf 82' lang='lat' dir='ltr'><strong>Qui</strong></span> <span class='ocrx_word' id='word_1_130' title='bbox 375 2302 438 2368; x_wconf 94' lang='lat' dir='ltr'><strong>hoc</strong></span> <span class='ocrx_word' id='word_1_131' title='bbox 466 2303 783 2389; x_wconf 87' lang='lat' dir='ltr'><strong>scripsit—(scripsit</strong></span> <span class='ocrx_word' id='word_1_132' title='bbox 813 2313 921 2366; x_wconf 85' lang='lat' dir='ltr'><strong>autem</strong></span> <span class='ocrx_word' id='word_1_133' title='bbox 946 2303 995 2364; x_wconf 88' lang='lat' dir='ltr'><strong>vir</strong></span> <span class='ocrx_word' id='word_1_134' title='bbox 1021 2303 1078 2386; x_wconf 87' lang='lat' dir='ltr'><strong>qui</strong></span> <span class='ocrx_word' id='word_1_135' title='bbox 1103 2303 1137 2364; x_wconf 91' lang='lat' dir='ltr'><strong>in</strong></span> <span class='ocrx_word' id='word_1_136' title='bbox 1159 2301 1291 2385; x_wconf 89' lang='lat' dir='ltr'><strong>publico</strong></span> <span class='ocrx_word' id='word_1_137' title='bbox 1320 2300 1429 2386; x_wconf 89' lang='lat' dir='ltr'><strong>aliquo</strong></span> 
     </span>
     <span class='ocr_line' id='line_1_18' title="bbox 280 2419 1431 2505; baseline 0.001 -21"><span class='ocrx_word' id='word_1_138' title='bbox 280 2421 462 2504; x_wconf 87' lang='lat' dir='ltr'><strong>Gymnasio</strong></span> <span class='ocrx_word' id='word_1_139' title='bbox 482 2421 625 2484; x_wconf 89' lang='lat' dir='ltr'><strong>doctoris</strong></span> <span class='ocrx_word' id='word_1_140' title='bbox 648 2443 780 2485; x_wconf 90' lang='lat' dir='ltr'><strong>munere</strong></span> <span class='ocrx_word' id='word_1_141' title='bbox 803 2419 979 2504; x_wconf 76' lang='lat' dir='ltr'><strong>fungitur),</strong></span> <span class='ocrx_word' id='word_1_142' title='bbox 1003 2423 1060 2504; x_wconf 91' lang='lat' dir='ltr'><strong>qui</strong></span> <span class='ocrx_word' id='word_1_143' title='bbox 1078 2433 1223 2486; x_wconf 86' lang='lat' dir='ltr'><strong>veterum</strong></span> <span class='ocrx_word' id='word_1_144' title='bbox 1238 2422 1431 2505; x_wconf 87' lang='lat' dir='ltr'><strong>scriptorum</strong></span> 
     </span>
     <span class='ocr_line' id='line_1_19' title="bbox 217 2537 1431 2625; baseline 0.002 -22"><span class='ocrx_word' id='word_1_145' title='bbox 217 2553 225 2562; x_wconf 82' lang='lat'><em>&#39;</em></span> <span class='ocrx_word' id='word_1_146' title='bbox 280 2537 451 2611; x_wconf 89' lang='lat' dir='ltr'><strong>lectionem</strong></span> <span class='ocrx_word' id='word_1_147' title='bbox 475 2549 539 2603; x_wconf 88' lang='lat' dir='ltr'><strong>tam</strong></span> <span class='ocrx_word' id='word_1_148' title='bbox 561 2539 708 2625; x_wconf 86' lang='lat' dir='ltr'><strong>angustis</strong></span> <span class='ocrx_word' id='word_1_149' title='bbox 732 2547 862 2604; x_wconf 88' lang='lat' dir='ltr'><strong>coercet</strong></span> <span class='ocrx_word' id='word_1_150' title='bbox 884 2550 918 2603; x_wconf 91' lang='lat' dir='ltr'><strong>et</strong></span> <span class='ocrx_word' id='word_1_151' title='bbox 944 2539 1179 2605; x_wconf 83' lang='lat' dir='ltr'><strong>circumscribit</strong></span> <span class='ocrx_word' id='word_1_152' title='bbox 1200 2537 1340 2618; x_wconf 85' lang='lat' dir='ltr'><strong>finibus3</strong></span> <span class='ocrx_word' id='word_1_153' title='bbox 1374 2541 1431 2625; x_wconf 88' lang='lat' dir='ltr'><strong>qui</strong></span> 
     </span>
     <span class='ocr_line' id='line_1_20' title="bbox 281 2656 1429 2743; baseline 0.002 -23"><span class='ocrx_word' id='word_1_154' title='bbox 281 2680 346 2721; x_wconf 92' lang='lat' dir='ltr'><strong>non</strong></span> <span class='ocrx_word' id='word_1_155' title='bbox 360 2668 455 2721; x_wconf 83' lang='lat' dir='ltr'><strong>extra</strong></span> <span class='ocrx_word' id='word_1_156' title='bbox 470 2659 528 2721; x_wconf 89' lang='lat' dir='ltr'><strong>sed</strong></span> <span class='ocrx_word' id='word_1_157' title='bbox 542 2660 628 2723; x_wconf 89' lang='lat' dir='ltr'><strong>intra</strong></span> <span class='ocrx_word' id='word_1_158' title='bbox 651 2667 775 2723; x_wconf 88' lang='lat' dir='ltr'><strong>tantum</strong></span> <span class='ocrx_word' id='word_1_159' title='bbox 794 2656 976 2722; x_wconf 86' lang='lat' dir='ltr'><strong>scholarum</strong></span> <span class='ocrx_word' id='word_1_160' title='bbox 989 2658 1099 2721; x_wconf 91' lang='lat' dir='ltr'><strong>limina</strong></span> <span class='ocrx_word' id='word_1_161' title='bbox 1113 2668 1240 2721; x_wconf 88' lang='lat' dir='ltr'><strong>veteres</strong></span> <span class='ocrx_word' id='word_1_162' title='bbox 1254 2660 1429 2743; x_wconf 83' lang='lat' dir='ltr'><strong>scriptores</strong></span> 
     </span>
     <span class='ocr_line' id='line_1_21' title="bbox 280 2774 1431 2861; baseline 0 -22"><span class='ocrx_word' id='word_1_163' title='bbox 280 2774 345 2860; x_wconf 84' lang='lat' dir='ltr'><strong>legi</strong></span> <span class='ocrx_word' id='word_1_164' title='bbox 368 2786 402 2841; x_wconf 91' lang='lat' dir='ltr'><strong>et</strong></span> <span class='ocrx_word' id='word_1_165' title='bbox 424 2778 545 2861; x_wconf 86' lang='lat' dir='ltr'><strong>exponi</strong></span> <span class='ocrx_word' id='word_1_166' title='bbox 563 2776 677 2861; x_wconf 87' lang='lat' dir='ltr'><strong>jubet;</strong></span> <span class='ocrx_word' id='word_1_167' title='bbox 700 2776 756 2860; x_wconf 90' lang='lat' dir='ltr'><strong>qui</strong></span> <span class='ocrx_word' id='word_1_168' title='bbox 777 2775 840 2839; x_wconf 89' lang='lat' dir='ltr'><strong>hac</strong></span> <span class='ocrx_word' id='word_1_169' title='bbox 854 2786 944 2839; x_wconf 86' lang='lat' dir='ltr'><strong>arcta</strong></span> <span class='ocrx_word' id='word_1_170' title='bbox 958 2775 1138 2860; x_wconf 84' lang='lat' dir='ltr'><strong>disciplinae</strong></span> <span class='ocrx_word' id='word_1_171' title='bbox 1153 2776 1354 2841; x_wconf 82' lang='lat' dir='ltr'><strong>scholasticae</strong></span> <span class='ocrx_word' id='word_1_172' title='bbox 1369 2778 1431 2842; x_wconf 86' lang='lat' dir='ltr'><strong>cir·</strong></span> 
     </span>
     <span class='ocr_line' id='line_1_22' title="bbox 280 2892 1429 2978; baseline -0.001 -18"><span class='ocrx_word' id='word_1_173' title='bbox 280 2894 529 2978; x_wconf 88' lang='lat' dir='ltr'><strong>cumscriptione</strong></span> <span class='ocrx_word' id='word_1_174' title='bbox 544 2892 686 2959; x_wconf 84' lang='lat' dir='ltr'><strong>fomenta</strong></span> <span class='ocrx_word' id='word_1_175' title='bbox 706 2904 801 2978; x_wconf 84' lang='lat' dir='ltr'><strong>parat</strong></span> <span class='ocrx_word' id='word_1_176' title='bbox 815 2894 955 2957; x_wconf 91' lang='lat' dir='ltr'><strong>tironum</strong></span> <span class='ocrx_word' id='word_1_177' title='bbox 969 2894 1107 2978; x_wconf 84' lang='lat' dir='ltr'><strong>ignaviae</strong></span> <span class='ocrx_word' id='word_1_178' title='bbox 1127 2905 1161 2958; x_wconf 91' lang='lat' dir='ltr'><strong>et</strong></span> <span class='ocrx_word' id='word_1_179' title='bbox 1180 2895 1355 2959; x_wconf 86' lang='lat' dir='ltr'><strong>socordiae:</strong></span> <span class='ocrx_word' id='word_1_180' title='bbox 1378 2917 1429 2959; x_wconf 85' lang='lat' dir='ltr'><strong>nae</strong></span> 
     </span>
     <span class='ocr_line' id='line_1_23' title="bbox 278 3011 1430 3096; baseline -0.001 -19"><span class='ocrx_word' id='word_1_181' title='bbox 278 3012 332 3077; x_wconf 91' lang='lat' dir='ltr'><strong>ille</strong></span> <span class='ocrx_word' id='word_1_182' title='bbox 356 3012 483 3096; x_wconf 87' lang='lat' dir='ltr'><strong>signum</strong></span> <span class='ocrx_word' id='word_1_183' title='bbox 505 3014 599 3095; x_wconf 87' lang='lat' dir='ltr'><strong>quasi</strong></span> <span class='ocrx_word' id='word_1_184' title='bbox 621 3012 664 3075; x_wconf 85' lang='lat' dir='ltr'><strong>ad</strong></span> <span class='ocrx_word' id='word_1_185' title='bbox 686 3011 869 3076; x_wconf 86' lang='lat' dir='ltr'><strong>barbariem</strong></span> <span class='ocrx_word' id='word_1_186' title='bbox 892 3012 1106 3077; x_wconf 86' lang='lat' dir='ltr'><strong>revocandam</strong></span> <span class='ocrx_word' id='word_1_187' title='bbox 1126 3012 1269 3077; x_wconf 87' lang='lat' dir='ltr'><strong>extollit!</strong></span> <span class='ocrx_word' id='word_1_188' title='bbox 1314 3011 1430 3077; x_wconf 88' lang='lat' dir='ltr'><strong>Omnis</strong></span> 
     </span>
     <span class='ocr_line' id='line_1_24' title="bbox 280 3128 1430 3215; baseline 0 -19"><span class='ocrx_word' id='word_1_189' title='bbox 280 3132 376 3208; x_wconf 91' lang='lat' dir='ltr'><strong>enim,</strong></span> <span class='ocrx_word' id='word_1_190' title='bbox 401 3153 474 3214; x_wconf 84' lang='lat' dir='ltr'><strong>quae</strong></span> <span class='ocrx_word' id='word_1_191' title='bbox 498 3132 531 3193; x_wconf 92' lang='lat' dir='ltr'><strong>in</strong></span> <span class='ocrx_word' id='word_1_192' title='bbox 555 3128 673 3194; x_wconf 88' lang='lat' dir='ltr'><strong>scholis</strong></span> <span class='ocrx_word' id='word_1_193' title='bbox 700 3129 808 3214; x_wconf 82' lang='lat' dir='ltr'><strong>colligi</strong></span> <span class='ocrx_word' id='word_1_194' title='bbox 837 3129 948 3207; x_wconf 86' lang='lat' dir='ltr'><strong>debet,</strong></span> <span class='ocrx_word' id='word_1_195' title='bbox 973 3132 1131 3197; x_wconf 85' lang='lat' dir='ltr'><strong>doctrinae</strong></span> <span class='ocrx_word' id='word_1_196' title='bbox 1160 3133 1305 3209; x_wconf 88' lang='lat' dir='ltr'><strong>scientia,</strong></span> <span class='ocrx_word' id='word_1_197' title='bbox 1332 3154 1430 3215; x_wconf 87' lang='lat' dir='ltr'><strong>quam</strong></span> 
     </span>
     <span class='ocr_line' id='line_1_25' title="bbox 279 3247 1430 3333; baseline -0.001 -19"><span class='ocrx_word' id='word_1_198' title='bbox 279 3250 429 3326; x_wconf 84' lang='lat' dir='ltr'><strong>maxime,</strong></span> <span class='ocrx_word' id='word_1_199' title='bbox 454 3259 490 3313; x_wconf 90' lang='lat' dir='ltr'><strong>ut</strong></span> <span class='ocrx_word' id='word_1_200' title='bbox 513 3250 618 3312; x_wconf 89' lang='lat' dir='ltr'><strong>sciunt</strong></span> <span class='ocrx_word' id='word_1_201' title='bbox 642 3269 764 3325; x_wconf 88' lang='lat' dir='ltr'><strong>omnes,</strong></span> <span class='ocrx_word' id='word_1_202' title='bbox 786 3247 910 3332; x_wconf 89' lang='lat' dir='ltr'><strong>pendet</strong></span> <span class='ocrx_word' id='word_1_203' title='bbox 927 3270 948 3311; x_wconf 87' lang='lat' dir='ltr'><strong>a</strong></span> <span class='ocrx_word' id='word_1_204' title='bbox 967 3250 1092 3332; x_wconf 82' lang='lat' dir='ltr'><strong>privata</strong></span> <span class='ocrx_word' id='word_1_205' title='bbox 1111 3248 1342 3333; x_wconf 88' lang='lat' dir='ltr'><strong>discipulorum</strong></span> <span class='ocrx_word' id='word_1_206' title='bbox 1358 3250 1430 3314; x_wconf 89' lang='lat' dir='ltr'><strong>dili-</strong></span> 
     </span>
     <span class='ocr_line' id='line_1_26' title="bbox 279 3364 1430 3452; baseline -0.001 -20"><span class='ocrx_word' id='word_1_207' title='bbox 279 3368 400 3452; x_wconf 85' lang='lat' dir='ltr'><strong>gentia.</strong></span> <span class='ocrx_word' id='word_1_208' title='bbox 447 3365 483 3429; x_wconf 93' lang='lat' dir='ltr'><strong>ln</strong></span> <span class='ocrx_word' id='word_1_209' title='bbox 507 3364 625 3429; x_wconf 87' lang='lat' dir='ltr'><strong>scholis</strong></span> <span class='ocrx_word' id='word_1_210' title='bbox 647 3365 797 3449; x_wconf 87' lang='lat' dir='ltr'><strong>quaedam</strong></span> <span class='ocrx_word' id='word_1_211' title='bbox 820 3376 947 3429; x_wconf 84' lang='lat' dir='ltr'><strong>tantum</strong></span> <span class='ocrx_word' id='word_1_212' title='bbox 960 3376 1107 3431; x_wconf 84' lang='lat' dir='ltr'><strong>veterum</strong></span> <span class='ocrx_word' id='word_1_213' title='bbox 1121 3368 1315 3452; x_wconf 87' lang='lat' dir='ltr'><strong>scriptorum</strong></span> <span class='ocrx_word' id='word_1_214' title='bbox 1328 3367 1430 3452; x_wconf 84' lang='lat' dir='ltr'><strong>parti-</strong></span> 
     </span>
     <span class='ocr_line' id='line_1_27' title="bbox 279 3482 1429 3569; baseline -0.002 -18"><span class='ocrx_word' id='word_1_215' title='bbox 279 3486 361 3551; x_wconf 85' lang='lat' dir='ltr'><strong>culae</strong></span> <span class='ocrx_word' id='word_1_216' title='bbox 375 3484 589 3568; x_wconf 85' lang='lat' dir='ltr'><strong>explicantur,</strong></span> <span class='ocrx_word' id='word_1_217' title='bbox 606 3482 638 3545; x_wconf 93' lang='lat' dir='ltr'><strong>h.</strong></span> <span class='ocrx_word' id='word_1_218' title='bbox 652 3504 681 3547; x_wconf 89' lang='lat' dir='ltr'><strong>e.</strong></span> <span class='ocrx_word' id='word_1_219' title='bbox 695 3495 812 3567; x_wconf 86' lang='lat' dir='ltr'><strong>gustus</strong></span> <span class='ocrx_word' id='word_1_220' title='bbox 827 3492 952 3547; x_wconf 87' lang='lat' dir='ltr'><strong>tantum</strong></span> <span class='ocrx_word' id='word_1_221' title='bbox 966 3484 1159 3561; x_wconf 87' lang='lat' dir='ltr'><strong>dulcedinis,</strong></span> <span class='ocrx_word' id='word_1_222' title='bbox 1172 3508 1247 3569; x_wconf 80' lang='lat' dir='ltr'><strong>quae</strong></span> <span class='ocrx_word' id='word_1_223' title='bbox 1260 3507 1302 3549; x_wconf 85' lang='lat' dir='ltr'><strong>ex</strong></span> <span class='ocrx_word' id='word_1_224' title='bbox 1317 3508 1429 3549; x_wconf 90' lang='lat' dir='ltr'><strong>eorum</strong></span> 
     </span>
     <span class='ocr_line' id='line_1_28' title="bbox 278 3599 1430 3686; baseline -0.002 -17"><span class='ocrx_word' id='word_1_225' title='bbox 278 3604 417 3669; x_wconf 86' lang='lat' dir='ltr'><strong>lectione</strong></span> <span class='ocrx_word' id='word_1_226' title='bbox 432 3602 505 3686; x_wconf 90' lang='lat' dir='ltr'><strong>capi</strong></span> <span class='ocrx_word' id='word_1_227' title='bbox 519 3612 553 3664; x_wconf 93' lang='lat' dir='ltr'><strong>et</strong></span> <span class='ocrx_word' id='word_1_228' title='bbox 567 3599 690 3664; x_wconf 84' lang='lat' dir='ltr'><strong>hauriri</strong></span> <span class='ocrx_word' id='word_1_229' title='bbox 710 3601 825 3684; x_wconf 88' lang='lat' dir='ltr'><strong>possit,</strong></span> <span class='ocrx_word' id='word_1_230' title='bbox 841 3602 1014 3679; x_wconf 84' lang='lat' dir='ltr'><strong>excitatur,</strong></span> <span class='ocrx_word' id='word_1_231' title='bbox 1029 3623 1069 3665; x_wconf 87' lang='lat' dir='ltr'><strong>eo</strong></span> <span class='ocrx_word' id='word_1_232' title='bbox 1085 3602 1216 3685; x_wconf 89' lang='lat' dir='ltr'><strong>quidem</strong></span> <span class='ocrx_word' id='word_1_233' title='bbox 1231 3603 1376 3679; x_wconf 89' lang='lat' dir='ltr'><strong>consilio,</strong></span> <span class='ocrx_word' id='word_1_234' title='bbox 1391 3614 1430 3667; x_wconf 89' lang='lat' dir='ltr'><strong>ut</strong></span> 
     </span>
     <span class='ocr_line' id='line_1_29' title="bbox 278 3718 1427 3805; baseline -0.002 -19"><span class='ocrx_word' id='word_1_235' title='bbox 278 3720 430 3805; x_wconf 88' lang='lat' dir='ltr'><strong>discipuli</strong></span> <span class='ocrx_word' id='word_1_236' title='bbox 444 3720 506 3783; x_wconf 89' lang='lat' dir='ltr'><strong>hac</strong></span> <span class='ocrx_word' id='word_1_237' title='bbox 521 3719 614 3801; x_wconf 87' lang='lat' dir='ltr'><strong>quasi</strong></span> <span class='ocrx_word' id='word_1_238' title='bbox 629 3718 814 3801; x_wconf 80' lang='lat' dir='ltr'><strong>gustatione</strong></span> <span class='ocrx_word' id='word_1_239' title='bbox 834 3729 869 3781; x_wconf 92' lang='lat' dir='ltr'><strong>et</strong></span> <span class='ocrx_word' id='word_1_240' title='bbox 888 3718 1087 3802; x_wconf 87' lang='lat' dir='ltr'><strong>promulside</strong></span> <span class='ocrx_word' id='word_1_241' title='bbox 1102 3721 1245 3785; x_wconf 86' lang='lat' dir='ltr'><strong>suaviter</strong></span> <span class='ocrx_word' id='word_1_242' title='bbox 1259 3719 1370 3787; x_wconf 84' lang='lat' dir='ltr'><strong>affecti</strong></span> <span class='ocrx_word' id='word_1_243' title='bbox 1384 3722 1427 3784; x_wconf 87' lang='lat' dir='ltr'><strong>ad</strong></span> 
     </span>
     <span class='ocr_line' id='line_1_30' title="bbox 273 3835 1429 3925; baseline 0 -21"><span class='ocrx_word' id='word_1_244' title='bbox 273 3842 396 3925; x_wconf 87' lang='lat' dir='ltr'><strong>justam</strong></span> <span class='ocrx_word' id='word_1_245' title='bbox 409 3859 535 3903; x_wconf 85' lang='lat' dir='ltr'><strong>coenam</strong></span> <span class='ocrx_word' id='word_1_246' title='bbox 551 3845 738 3921; x_wconf 87' lang='lat' dir='ltr'><strong>properent,</strong></span> <span class='ocrx_word' id='word_1_247' title='bbox 755 3847 788 3899; x_wconf 90' lang='lat' dir='ltr'><strong>et</strong></span> <span class='ocrx_word' id='word_1_248' title='bbox 803 3835 989 3899; x_wconf 89' lang='lat' dir='ltr'><strong>lautissimis</strong></span> <span class='ocrx_word' id='word_1_249' title='bbox 1003 3836 1108 3920; x_wconf 87' lang='lat' dir='ltr'><strong>epulis</strong></span> <span class='ocrx_word' id='word_1_250' title='bbox 1117 3838 1274 3922; x_wconf 70' lang='lat' dir='ltr'><strong>privatim</strong></span> <span class='ocrx_word' id='word_1_251' title='bbox 1288 3841 1429 3904; x_wconf 86' lang='lat' dir='ltr'><strong>animum</strong></span> 
     </span>
     <span class='ocr_line' id='line_1_31' title="bbox 276 3954 1430 4044; baseline -0.002 -21"><span class='ocrx_word' id='word_1_252' title='bbox 276 3967 414 4044; x_wconf 85' lang='lat' dir='ltr'><strong>pascant</strong></span> <span class='ocrx_word' id='word_1_253' title='bbox 439 3967 473 4021; x_wconf 93' lang='lat' dir='ltr'><strong>et</strong></span> <span class='ocrx_word' id='word_1_254' title='bbox 494 3965 694 4021; x_wconf 85' lang='lat' dir='ltr'><strong>exsaturent.</strong></span> <span class='ocrx_word' id='word_1_255' title='bbox 740 3954 937 4037; x_wconf 78' lang='lat' dir='ltr'><strong>Quicunque</strong></span> <span class='ocrx_word' id='word_1_256' title='bbox 956 3955 1056 4039; x_wconf 81' lang='lat' dir='ltr'><strong>igitur</strong></span> <span class='ocrx_word' id='word_1_257' title='bbox 1074 3956 1233 4039; x_wconf 85' lang='lat' dir='ltr'><strong>privatam</strong></span> <span class='ocrx_word' id='word_1_258' title='bbox 1253 3956 1430 4040; x_wconf 86' lang='lat' dir='ltr'><strong>discipulo·</strong></span> 
     </span>
     <span class='ocr_line' id='line_1_32' title="bbox 276 4073 1429 4161; baseline 0.001 -22"><span class='ocrx_word' id='word_1_259' title='bbox 276 4098 358 4153; x_wconf 91' lang='lat' dir='ltr'><strong>rum,</strong></span> <span class='ocrx_word' id='word_1_260' title='bbox 376 4078 541 4161; x_wconf 73' lang='lat' dir='ltr'><strong>praecipue</strong></span> <span class='ocrx_word' id='word_1_261' title='bbox 565 4097 677 4140; x_wconf 91' lang='lat' dir='ltr'><strong>eorum</strong></span> <span class='ocrx_word' id='word_1_262' title='bbox 700 4074 756 4158; x_wconf 90' lang='lat' dir='ltr'><strong>qni</strong></span> <span class='ocrx_word' id='word_1_263' title='bbox 779 4073 924 4137; x_wconf 86' lang='lat' dir='ltr'><strong>nondum</strong></span> <span class='ocrx_word' id='word_1_264' title='bbox 943 4074 1013 4136; x_wconf 90' lang='lat' dir='ltr'><strong>sine</strong></span> <span class='ocrx_word' id='word_1_265' title='bbox 1032 4074 1154 4137; x_wconf 91' lang='lat' dir='ltr'><strong>cortice</strong></span> <span class='ocrx_word' id='word_1_266' title='bbox 1176 4083 1288 4137; x_wconf 87' lang='lat' dir='ltr'><strong>natare</strong></span> <span class='ocrx_word' id='word_1_267' title='bbox 1305 4074 1429 4140; x_wconf 89' lang='lat' dir='ltr'><strong>didice-</strong></span> 
     </span>
     <span class='ocr_line' id='line_1_33' title="bbox 276 4190 1428 4280; baseline -0.001 -20"><span class='ocrx_word' id='word_1_268' title='bbox 276 4206 363 4272; x_wconf 90' lang='lat' dir='ltr'><strong>runt,</strong></span> <span class='ocrx_word' id='word_1_269' title='bbox 380 4196 580 4280; x_wconf 86' lang='lat' dir='ltr'><strong>diligentiam</strong></span> <span class='ocrx_word' id='word_1_270' title='bbox 594 4204 738 4257; x_wconf 89' lang='lat' dir='ltr'><strong>veterum</strong></span> <span class='ocrx_word' id='word_1_271' title='bbox 755 4192 948 4276; x_wconf 85' lang='lat' dir='ltr'><strong>scriptorum</strong></span> <span class='ocrx_word' id='word_1_272' title='bbox 968 4190 1178 4267; x_wconf 91' lang='lat' dir='ltr'><strong>editionibus,</strong></span> <span class='ocrx_word' id='word_1_273' title='bbox 1199 4192 1428 4259; x_wconf 82' lang='lat' dir='ltr'><strong>commentario</strong></span> 
     </span>
     <span class='ocr_line' id='line_1_34' title="bbox 274 4308 1429 4396; baseline -0.003 -17"><span class='ocrx_word' id='word_1_274' title='bbox 274 4314 454 4389; x_wconf 86' lang='lat' dir='ltr'><strong>instructis,</strong></span> <span class='ocrx_word' id='word_1_275' title='bbox 479 4314 594 4396; x_wconf 85' lang='lat' dir='ltr'><strong>juvare</strong></span> <span class='ocrx_word' id='word_1_276' title='bbox 623 4320 657 4374; x_wconf 89' lang='lat' dir='ltr'><strong>et</strong></span> <span class='ocrx_word' id='word_1_277' title='bbox 687 4318 870 4373; x_wconf 90' lang='lat' dir='ltr'><strong>sustentare</strong></span> <span class='ocrx_word' id='word_1_278' title='bbox 900 4309 1044 4386; x_wconf 88' lang='lat' dir='ltr'><strong>student,</strong></span> <span class='ocrx_word' id='word_1_279' title='bbox 1074 4308 1223 4393; x_wconf 86' lang='lat' dir='ltr'><strong>profecto</strong></span> <span class='ocrx_word' id='word_1_280' title='bbox 1258 4332 1324 4374; x_wconf 91' lang='lat' dir='ltr'><strong>non</strong></span> <span class='ocrx_word' id='word_1_281' title='bbox 1341 4318 1344 4323; x_wconf 85' lang='lat'>&#39;</span> <span class='ocrx_word' id='word_1_282' title='bbox 1360 4334 1429 4375; x_wconf 91' lang='lat' dir='ltr'><strong>rem</strong></span> 
     </span>
     <span class='ocr_line' id='line_1_35' title="bbox 274 4426 1426 4513; baseline -0.001 -19"><span class='ocrx_word' id='word_1_283' title='bbox 274 4431 404 4494; x_wconf 77' lang='lat' dir='ltr'><strong>noxiam</strong></span> <span class='ocrx_word' id='word_1_284' title='bbox 429 4440 462 4493; x_wconf 92' lang='lat' dir='ltr'><strong>et</strong></span> <span class='ocrx_word' id='word_1_285' title='bbox 481 4428 697 4513; x_wconf 80' lang='lat' dir='ltr'><strong>perniciosam</strong></span> <span class='ocrx_word' id='word_1_286' title='bbox 721 4426 770 4509; x_wconf 92' lang='lat' dir='ltr'><strong>(ut</strong></span> <span class='ocrx_word' id='word_1_287' title='bbox 793 4427 970 4491; x_wconf 85' lang='lat' dir='ltr'><strong>virbonus</strong></span> <span class='ocrx_word' id='word_1_288' title='bbox 994 4426 1048 4492; x_wconf 90' lang='lat' dir='ltr'><strong>ille</strong></span> <span class='ocrx_word' id='word_1_289' title='bbox 1071 4429 1229 4511; x_wconf 89' lang='lat' dir='ltr'><strong>autumat)</strong></span> <span class='ocrx_word' id='word_1_290' title='bbox 1250 4430 1426 4513; x_wconf 84' lang='lat' dir='ltr'><strong>suscipere,</strong></span> 
     </span>
    </p>
   </div>
   <div class='ocr_carea' id='block_1_7' title="bbox 0 0 1580 5200">
    <p class='ocr_par' dir='ltr' id='par_1_7' title="bbox 0 0 1580 5200">
     <span class='ocr_line' id='line_1_36' title="bbox 0 0 1580 5200; baseline 0 1"><span class='ocrx_word' id='word_1_291' title='bbox 0 0 1580 5200; x_wconf 95' lang='lat' dir='ltr'><strong> </strong></span> 
     </span>
    </p>
   </div>
  </div>
 </body>
</html>
