3150 5200
579 352 744 419 LIBER
767 353 814 432 11,
837 357 869 418 2.
1230 355 1293 418 367

233 506 325 569 Rara
339 508 419 583 avie,
435 516 469 569 et
483 506 572 589 picta
586 506 709 589 pandat
725 505 911 589 spectacula
925 506 1050 569 cauda:

233 606 405 692 Tanquam
420 608 462 671 ad
478 629 545 671 rem
561 609 695 671 attineat
713 608 901 690 quidquam.
949 606 1039 669 Num
1054 606 1194 671 vesceris
1208 608 1282 684 ista,

235 709 343 781 Quam
357 708 482 784 laudae,
499 707 629 791 plumal
652 720 746 773 cocto
761 731 839 771 num
853 709 948 773 adest
962 708 1068 773 honor
1081 710 1189 773 idem?

234 808 340 872 Carne
355 819 473 886 tamen,
489 810 635 892 quamvis
651 809 751 873 distat
766 809 858 887 nihil,
874 810 936 875 hac
950 811 1054 893 magis
1068 809 1142 873 illa!

168 908 213 971 30
234 907 418 993 Imparibus
434 911 544 975 formis
560 911 733 994 deceptum
749 921 781 974 te
797 922 899 994 patet.
945 910 1050 975 Esto!

235 1009 333 1076 Unde
347 1012 459 1075 datum
472 1014 584 1089 sentis,
600 1012 697 1096 lupus
709 1011 763 1075 hic
778 1012 968 1085 Tiberinae,
982 1036 1025 1075 au
1038 1012 1104 1075 alto

234 1111 359 1195 Captus
374 1112 467 1177 hiet?
490 1123 650 1197 pontesne
665 1114 749 1177 inter
758 1113 920 1196 jactatus;
944 1135 986 1175 an
1000 1114 1101 1177 amnis

235 1212 331 1276 Ostia
347 1215 408 1277 sub
422 1213 549 1279 Tusci?
597 1214 742 1289 LaudaS‚
759 1215 882 1290 insane,
899 1214 1056 1279 trilibrem

234 1313 385 1392 Mullum,
401 1317 435 1379 in
451 1316 577 1400 singula
592 1337 688 1398 quem
703 1316 828 1378 minuas
844 1314 1011 1399 pulmenta
1024 1336 1157 1379 necesse
1172 1326 1233 1379 est.

170 1416 214 1478 35
235 1415 338 1481 Ducit
351 1428 384 1481 te
400 1419 536 1501 species,
553 1417 666 1493 vide03
689 1437 755 1499 quo
768 1418 911 1499 pertinet
926 1437 1006 1499 ergo

181 1584 223 1632 25.
243 1584 311 1633 Vanis
322 1602 409 1643 rerum,
418 1570 491 1635 'vanis
502 1586 580 1641 rebus,
594 1585 619 1633 h.
630 1601 652 1635 e.
663 1600 704 1633 ex·
739 1584 800 1647 tur),
822 1602 890 1649 quom
911 1588 953 1649 qui
979 1586 1124 1648 languidiore
1145 1593 1294 1647 torpescunt,-

148 1656 222 1696 turnss
240 1663 347 1697 rerums
377 1649 423 1698 clei
438 1650 542 1698 vanitate
566 1650 632 1713 (uos,
657 1667 706 1697 com
737 1650 824 1697 idcireo
837 1652 951 1697 dicuntur
968 1649 1194 1709 leplessemeliores,
1205 1654 1245 1712 qai
1255 1654 1293 1701 irs·

148 1713 306 1776 triigerisebrn
317 1664 398 1761 Setia
407 1716 449 1761 der
457 1714 535 1777 Dingo
550 1714 705 1775 cerblendet).
739 1721 773 1760 ter
784 1716 840 1761 duos
849 1722 927 1774 pontes
937 1714 1048 1777 (pontem
1056 1710 1169 1760 itlilrium
1179 1722 1204 1761 et
1214 1716 1294 1763 Subli·

152 1774 219 1822 Vane
230 1780 420 1833 rerum,utuitio
441 1794 527 1832 rerum,
539 1778 601 1841 ficta
618 1794 704 1833 rerum,
738 1776 827 1837 cium),
844 1778 884 1824 ubi
897 1794 957 1839 aqrso
971 1779 1107 1824 concitatior
1123 1785 1164 1831 est,
1175 1783 1295 1842 quomqai

150 1840 705 1897 abditorerum,omorocurorcm,arduomon·
737 1842 763 1885 in
780 1844 842 1888 ostiis
859 1840 954 1887 Tiberis.
995 1840 1085 1900 Lupus,
1100 1838 1208 1902 λάβραξ,
1225 1842 1292 1905 (nos,

149 1905 218 1957 tium,
230 1912 304 1950 strato
316 1906 417 1959 ciorum,
428 1913 452 1952 et
463 1904 558 1952 similia.
738 1903 873 1968 llleeruolf)
891 1904 964 1951 Pereo
979 1903 1080 1957 Lemno.
1100 1903 1172 1950 Liun.
1207 1905 1294 1967 Captus

182 1966 224 2013 26.
242 1968 308 2014 Picto
325 1970 413 2028 pandat
424 1971 552 2030 spectaculo
563 1968 647 2021 conclu,
658 1966 707 2016 ele·
740 1968 796 2022 hiet,
814 1966 987 2029 significantius
1006 1980 1056 2029 pro,
1072 1974 1157 2031 captus
1170 1968 1219 2027 sit5
1237 1985 1293 2018 nam

199 2037 233 2078 ter
249 2046 291 2094 pro
307 2031 407 2094 vulgari,
423 2031 512 2095 pictam
529 2030 630 2079 caudam
647 2045 707 2095 pan-
740 2031 806 2077 biom
817 2030 865 2078 lere
877 2030 955 2096 pisces
966 2031 992 2078 iu
1003 2029 1086 2093 patina
1096 2030 1208 2095 appositi.

168 2101 193 2140 at
207 2095 353 2159 spectaculo.
772 2096 804 2142 ³³
815 2110 868 2158 sqq.
886 2094 988 2150 Laudas,
998 2096 1086 2149 insane,
1100 2094 1215 2141 trilibrem
1227 2096 1293 2144 Mul-

182 2156 223 2204 27.
235 2156 351 2221 Tanquam
360 2160 390 2205 od
401 2174 448 2205 rem
464 2162 562 2207 attineat
574 2161 706 2221 quidpiam,
741 2158 797 2213 lum,
810 2166 867 2206 cett.
899 2157 974 2205 Poeta
985 2155 1070 2204 transit
1086 2156 1115 2204 ad
1134 2157 1201 2205 aliud
1218 2175 1294 2223 genus

148 2226 265 2285 tanquam
283 2221 334 2269 brec
353 2222 453 2287 pavonis
470 2222 552 2270 raritas
567 2232 591 2270 et
602 2222 706 2287 pulchri·
739 2219 848 2277 insania,
868 2236 917 2285 qua
934 2220 965 2268 ab
980 2218 1117 2269 homiuibus
1135 2220 1256 2271 luxuriose
1270 2232 1295 2273 et

149 2283 209 2331 tudo
220 2284 351 2349 quidquam
364 2288 409 2349 (ud
421 2286 527 2348 rem)ad
544 2301 651 2350 saporem
669 2294 705 2333 at·
739 2286 865 2349 magnifice
893 2284 1029 2332 viventibus
1059 2284 1168 2332 cibomm
1198 2301 1295 2358 genera,

150 2346 234 2395 tineat.
738 2364 792 2411 quie
809 2348 883 2397 rarius
897 2348 1047 2413 proveniunt,
1063 2347 1186 2411 rariusque
1202 2351 1295 2399 inveni-

183 2413 223 2459 28.
243 2410 306 2459 Nllm
326 2414 396 2467 oldest,
416 2412 495 2461 littera
512 2430 533 2459 m
554 2428 569 2460 a
586 2414 706 2476 sequentis
738 2420 821 2466 untur,
832 2412 858 2460 in
869 2428 956 2475 magno
966 2411 1040 2476 pretio
1051 2419 1188 2475 ponuntur;
1205 2414 1293 2470 atalia,

150 2476 216 2523 vocis
234 2475 310 2549 vocali
330 2491 378 2523 non
398 2478 507 2553 absorpta
527 2476 661 2587 corripitur,
680 2485 708 2525 ut
738 2474 912 2551 licete'usdem
923 2475 1022 2540 saporis,
1034 2475 1092 2539 quia
1108 2484 1165 2549 eunt
1178 2477 1293 2553 vulgaris³

148 2540 707 2668 ll·ll..lia?t.·..‘.ll‘¹ll.;.tl.tlt;
738 2540 1295 2670 ltl.dilituit*itttll‘tlll:

151 2667 293 2716 Lambinus.
327 2668 416 2724 Honor,
427 2667 589 2734 pictecaudar
600 2668 705 2732 pulchri·
737 2671 856 2725 barbatas,
869 2667 940 2716 Linn.
951 2669 1024 2732 vulgo
1041 2667 1238 2731 Heringskinig),
1254 2671 1294 2718 cui

149 2729 216 2778 tudo.
738 2741 823 2781 natura
835 2731 953 2780 modicum
968 2746 1054 2795 corpus
1065 2730 1156 2786 tribuit.
1168 2730 1189 2778 si
1199 2733 1229 2780 ad
1240 2749 1294 2782 eam

182 2796 225 2843 29.
243 2794 290 2844 Hic
300 2809 383 2843 versus
394 2794 478 2843 mirum
489 2795 515 2842 iu
526 2795 622 2843 modum
634 2810 705 2844 vexa·
738 2811 815 2860 usque
832 2795 1018 2860 magnitudinem
1034 2802 1176 2852 accreverat,
1191 2803 1218 2843 ut
1232 2806 1295 2846 esset

149 2857 186 2906 vit
196 2873 278 2906 omnes
288 2859 434 2923 interpretes,
447 2874 490 2907 nec
503 2859 628 2922 quisquam
640 2875 704 2908 com·
736 2863 844 2916 trilibris,
865 2859 979 2907 immenso
995 2858 1071 2923 pretio
1085 2873 1101 2904 a
1118 2858 1235 2907 Romanis
1246 2863 1294 2910 emi

149 2921 248 2971 modum
258 2921 519 2971 seusumiudeelicuit.
544 2925 595 2986 Ego
606 2939 661 2971 eum
672 2923 706 2970 ita
737 2923 828 2971 solebat
837 2923 900 2987 (vid.
913 2921 1097 2983 Heindorf.),at
1108 2921 1185 2982 lapus,
1196 2923 1237 2998 qui
1249 2939 1292 2972 na·

149 2983 303 3050 interpretor:
331 2987 407 3034 Corne
428 2996 503 3034 lamen
530 2988 575 3039 loc,
598 2987 705 3050 pavonis,
737 2993 791 3034 tura
809 3003 853 3035 sua
870 2994 907 3034 est
923 3001 1031 3048 procerus
1049 2985 1088 3046 (b.
1106 3000 1128 3032 e.
1148 2985 1252 3059 longior)
1270 2996 1295 3036 et

149 3051 333 3112 momobdistot
351 3049 706 3115 nibil,mogis(potiusquam)
738 3050 869 3114 grandioris
885 3049 1002 3114 ponderis,
1015 3050 1046 3095 ab
1062 3046 1145 3095 iisdem
1162 3048 1202 3096 vin
1236 3051 1292 3099 nde·

149 3113 194 3160 illo
212 3113 307 3176 galline
328 3129 399 3161 carne
418 3115 524 3178 palatum
543 3122 632 3176 tergere
652 3114 702 3162 vis!
737 3114 816 3161 batur.
850 3115 945 3161 iasone.-
964 3112 1060 3161 Olellus
1070 3112 1175 3174 appellat
1214 3114 1293 3177 iquem

151 3177 167 3224 J
170 3191 210 3224 am
222 3178 343 3226 Gesnerus
354 3176 384 3226 ad
394 3194 462 3224 corno
475 3177 632 3242 supplendum
644 3193 705 3234 esse,
737 3177 846 3232 insaniae,
858 3177 889 3225 de
901 3193 950 3241 qua
959 3191 1035 3224 sermo
1046 3186 1090 3229 est,
1102 3185 1242 3224 consortem.

149 3255 180 3287 ex
190 3257 215 3286 v.
223 3241 264 3296 27,
274 3244 367 3289 vesceris
376 3241 511 3306 suspicatus
521 3250 572 3300 est5
589 3241 706 3290 sententia
769 3243 810 3289 34.
832 3243 932 3304 Singula
947 3242 1064 3301 pulmenta
1089 3239 1192 3304 explicat
1216 3241 1292 3289 Hein-

149 3302 264 3368 postulst,
281 3312 360 3352 tamen
379 3319 473 3352 caruem
490 3305 588 3369 pavonis
610 3305 706 3369 gallina
737 3303 826 3352 dorlius
837 3304 867 3352 de
878 3303 979 3368 singulis
989 3301 1086 3351 dissecti
1098 3303 1166 3350 mulli
1176 3303 1291 3367 partibus.

150 3367 218 3414 carui
237 3368 345 3433 pralersl
364 3376 388 3416 et
404 3369 456 3416 bac
474 3368 592 3416 sententia
609 3368 666 3424 exit,
685 3369 706 3416 si
738 3368 786 3416 sive
805 3369 896 3423 frustis,
914 3384 968 3431 qua
983 3367 1070 3430 cuique
1086 3365 1193 3414 conviva
1210 3368 1292 3417 offere·

150 3445 246 3479 mecum
265 3447 295 3480 ex
321 3449 345 3480 v.
362 3433 395 3479 24
420 3432 574 3497 suppleveris,
599 3435 706 3494 palatino
738 3433 842 3492 bantur;
859 3431 901 3479 sed
915 3431 978 3479 banc
993 3429 1177 3497 explicationem
1193 3433 1292 3480 nonad-

150 3504 186 3542 ter
202 3511 239 3543 ere
255 3497 304 3554 vir,·
322 3495 390 3544 alitor
405 3497 445 3544 vix
463 3511 493 3542 ex
509 3496 553 3543 boc
566 3497 618 3544 loco
629 3505 652 3543 te
664 3511 705 3544 ex·
738 3496 811 3543 mittit
820 3510 866 3542 vox
884 3497 1034 3557 pulmentum,
1052 3509 1107 3542 nam
1122 3510 1163 3558 per
1175 3497 1294 3556 pulmenta

198 3559 243 3606 ias.
262 3558 465 3623 Vesceria-nugis
474 3559 513 3606 vix
524 3557 569 3607 lert
580 3560 706 3608 Latinitas.
739 3557 903 3622 intelliguntur
919 3558 1026 3612 obsonia,
1043 3574 1073 3606 ex
1091 3573 1162 3606 cerne
1181 3573 1235 3606 assa
1254 3561 1293 3608 vel

184 3623 224 3669 30.
242 3621 370 3684 imparibus
381 3623 478 3688 formis,
496 3622 589 3671 diversa
608 3623 706 3688 pavonis
738 3623 810 3678 elixa,
821 3638 851 3670 cx
878 3621 967 3669 iscibus
978 3630 1002 3669 et
1016 3620 1070 3668 aliis
1084 3621 1189 3670 ciborum
1201 3623 1292 3686 generi-

150 3691 175 3732 et
197 3684 294 3748 gallina
314 3687 397 3740 lanua.
415 3685 439 3734 b.
458 3703 480 3734 e.
499 3694 596 3734 externa
619 3687 706 3752 specie.
737 3687 783 3734 bus
805 3696 914 3734 conecto
930 3687 996 3747 (nos,
1015 3685 1122 3733 Geriolle
1142 3686 1293 3746 &biaulnh

152 3747 225 3796 Esto!
242 3747 273 3796 sit
283 3749 325 3798 ita.
359 3749 406 3798 Sed
416 3751 515 3798 ulterius
526 3751 707 3815 progrediuntur
739 3750 771 3798 cl.
783 3765 838 3814 sup.
854 3750 884 3798 ad
901 3765 923 3796 v.
936 3751 978 3803 20,
990 3758 1015 3797 et
1025 3749 1069 3796 iul.
1081 3749 1157 3813 Epist
1169 3749 1186 3804 i,
1201 3751 1239 3805 lli,
1251 3753 1291 3800 lli.

149 3811 269 3860 leucarum
287 3814 410 3880 epularum
429 3814 590 3870 estimatores,
604 3814 661 3862 dum
677 3813 707 3862 de
740 3815 794 3862 Nec
802 3813 854 3878 jam
870 3828 947 3860 sermo
964 3828 1017 3860 esse
1034 3811 1127 3859 videtur
1140 3811 1170 3859 de
1185 3814 1293 3861 convivio

150 3874 244 3924 interna
254 3891 350 3942 quoque
358 3878 463 3926 ciborum
474 3877 579 3926 bonitate
589 3877 708 3927 subtiliter
738 3877 829 3940 aliquo,
841 3876 882 3923 sed
897 3875 975 3939 potius
988 3875 1018 3923 de
1034 3875 1130 3922 bomine
1147 3875 1227 3938 aliquo
1239 3877 1293 3924 lux-

148 3939 270 4003 judicant.
738 3940 826 3996 urioso,
838 3937 879 4003 qui
890 3947 1053 4003 comparatum
1070 3937 1115 3984 sibi
1133 3938 1191 3986 lorte
1208 3954 1294 4002 magno

184 4005 290 4052 31-33.
305 4004 371 4054 Unde
381 4008 461 4053 dutum
470 4008 548 4058 sentis,
557 4012 623 4058 cett..
634 4005 706 4060 unde,
739 4003 815 4069 pretio
832 4001 933 4050 mullum
949 4001 1071 4054 trilibrem,
1088 4001 1144 4063 quia
1158 4002 1223 4049 solus
1238 4017 1294 4050 eum

150 4067 707 4182 titulllfflttt.iuditii*
739 4063 1294 4192 latuisti-55².l.“¹‘;³.t.¹.⁰..l¹lt

152 4202 204 4241 tum
216 4195 285 4242 abeo
296 4149 539 4259 quipddmariiapns
551 4195 600 4243 siti
624 4149 705 4244 Schdi.
739 4197 838 4242 einulne
856 4193 989 4253 Geriohte),
1008 4145 1113 4240 di'ridere
1130 4191 1208 4240 debet.
1242 4193 1294 4240 Alii

153 4257 239 4322 Cmq..
251 4263 313 4307 unde
322 4263 390 4316 nosti,
404 4277 447 4324 quo
455 4276 522 4307 sensu
532 4263 638 4321 percipis,
648 4263 706 4322 quod
738 4257 911 4306 convitiatorem
926 4257 951 4302 iu
965 4256 1018 4320 ipsa
1028 4269 1098 4304 coena
1109 4255 1221 4304 trilibrem
1231 4256 1294 4304 mul-

152 4324 194 4369 iete
205 4324 274 4384 lapus
283 4326 360 4384 potius
374 4334 405 4372 est
417 4325 530 4377 marinas,
542 4325 705 4387 quomfluuio-
738 4320 827 4369 lumin
844 4320 951 4383 singulas
969 4319 1027 4368 offas
1046 4318 1190 4369 dividentem
1205 4319 1294 4367 intelli-

152 4387 220 4434 tt'lisl
240 4387 281 4442 At,
291 4390 332 4450 qui
342 4389 416 4449 peleti
426 4389 554 4435 ncililitote
562 4390 705 4451 gloriamur,
739 4394 809 4449 gunt.

152 4451 252 4497 melioris
263 4452 349 4512 soporis
366 4455 434 4499 aiunt
451 4467 495 4499 esu
508 4454 579 4513 pisces
593 4452 654 4506 illos,
667 4454 706 4513 qui
771 4449 877 4497 35-38.
886 4449 967 4506 Ducit,
977 4445 1058 4503 trabit,
1065 4447 1138 4512 capit,
1145 4446 1246 4503 inducit,
1252 4446 1293 4496 de·

151 4515 270 4574 rapidiore
288 4516 353 4561 undo
372 4525 505 4563 merantur
527 4513 706 4578 (circumagun-
740 4513 806 4579 cipit.
825 4514 875 4567 Quo
886 4513 1101 4574 pertinet—lupos?
1117 4510 1177 4575 quid
1185 4510 1259 4574 igitur
1269 4511 1295 4560 iu
