3150 5200
565 354 731 423 LIBER
753 358 800 436 Il,
824 361 856 425 8.

283 508 327 572 25
349 506 491 572 Curntve
506 512 632 593 myrto?
655 533 752 594 quem
768 510 883 576 Venus
898 512 1057 579 arbitrum

352 610 452 675 Dicet
466 610 623 675 bibendi?
668 612 747 677 Nou
761 634 824 696 ego
840 615 950 678 senius

395 711 589 777 Baccbebor
605 713 750 779 Edonis:
775 727 909 799 recepto

440 812 547 879 Dulce
563 814 641 879 mihi
656 814 764 881 furere
779 826 830 881 est
845 817 958 883 amico.

552 1052 758 1118 CARMEN
782 1054 879 1120 Vlll.

529 1266 597 1314 AD
636 1266 902 1317 BARINEN.

353 1423 452 1489 Usus
468 1426 495 1489 si
506 1426 591 1510 juris
607 1427 667 1491 tibi
682 1428 821 1511 peierati

355 1524 470 1605 Poena,
487 1527 619 1605 Barine,
635 1529 801 1593 nocuisset
816 1552 975 1613 unquem3

355 1628 466 1695 Dente
482 1630 509 1694 si
524 1631 618 1715 nigro
633 1628 730 1695 lieres
746 1631 796 1697 vel
811 1655 878 1697 uno

654 1733 800 1817 Turpior
814 1735 935 1819 ungui:

299 1834 321 1895 5
354 1834 543 1901 Crederem.
590 1834 658 1899 Sed
674 1845 710 1899 tu
726 1836 821 1899 simul
834 1836 987 1920 obligasti

134 2016 255 2073 culorum,
272 2033 328 2083 que
344 2024 431 2070 ciborio
448 2020 610 2087 appellabant,
628 2037 698 2071 usum
731 2020 788 2071 lisse
801 2023 825 2071 ei
838 2023 920 2087 prosit,
936 2019 1004 2069 novis
1017 2020 1116 2086 insuper
1130 2021 1211 2071 lorme
1226 2022 1292 2074 leno·

135 2082 299 2154 prestebant:
322 2085 354 2133 cl.
374 2084 456 2135 Schol.
474 2087 506 2136 ad
523 2087 548 2134 b.
568 2086 586 2135 1.
620 2086 700 2133 Paulo
732 2084 803 2134 ciniis
820 2094 892 2136 aucte
907 2084 983 2133 multo
1001 2084 1175 2152 plures,quam
1192 2088 1294 2145 anteiri

135 2159 251 2219 capuerus
261 2147 322 2197 illud
333 2150 414 2214 poculi
426 2166 501 2225 genus
512 2150 631 2224 luissemx
643 2166 699 2206 usu,
733 2164 837 2225 amorem
853 2166 925 2223 suum
932 2149 1073 2261 pellerent,
1085 2164 1111 2199 se
1129 2150 1195 2198 nullo
1205 2152 1292 2225 ¹modo,

135 2224 177 2257 cm
188 2210 213 2258 1d
223 2220 296 2277 poeta
305 2229 369 2262 nunc
387 2214 498 2272 destinat,
509 2214 579 2263 lacrle
594 2222 700 2279 apparet.
734 2222 761 2263 ut
775 2230 830 2280 ejus
840 2216 919 2265 verbis
948 2213 1003 2262 dem
1017 2213 1114 2270 hebeat,
1125 2213 1213 2262 adduct
1224 2232 1294 2281 posse

136 2273 219 2332 Iaera,
232 2275 315 2341 polita,
330 2278 439 2344 adeoque
454 2278 621 2345 splendentia5
637 2280 701 2341 exple
733 2276 776 2327 ait.
805 2277 879 2338 Quod
889 2279 935 2327 sub
943 2279 990 2327 fine
1001 2276 1076 2334 addit,
1082 2285 1169 2326 matres
1180 2286 1205 2327 et
1215 2288 1294 2345 patres

136 2337 245 2397 lllotsioo,
257 2340 330 2408 imple
340 2343 395 2393 vino
411 2342 535 2393 Massico:
554 2342 585 2391 cl.
601 2358 654 2408 sup.
669 2342 700 2391 sd
732 2344 764 2390 ob
781 2343 844 2392 filios
861 2358 926 2400 suos,
943 2356 1017 2391 novas
1034 2340 1150 2407 conjuges
1166 2352 1246 2393 autem
1263 2344 1295 2394 ob

137 2401 156 2457 i.
181 2404 204 2459 l,
229 2406 270 2453 19.
310 2409 430 2466 Oblivioso,
453 2424 523 2465 curas
546 2407 656 2471 abigente
676 2415 701 2456 et
732 2408 830 2457 maritos
846 2423 903 2456 suos
919 2406 1051 2457 deBsrine
1067 2407 1294 2465 essesollicitos,id

137 2466 252 2517 oblivioni
266 2470 390 2531 trudente3
406 2472 464 2521 binc
476 2473 561 2521 Alcaeo
576 2472 640 2587 apud
652 2472 700 2522 Ur·
732 2486 791 2521 sans
803 2472 833 2521 ad
844 2472 963 2535 insignem
976 2470 1044 2519 illius
1056 2470 1188 2520 venustatis
1198 2472 1294 2522 laudem

138 2531 588 2598 simp.101,vinumdiciturotr0rtn
605 2534 698 2600 ικηδής,
732 2536 864 2602 plurimum
881 2536 955 2586 valet.
988 2534 1102 2584 Ceterum
1122 2552 1171 2584 non
1193 2538 1296 2603 poenitet

139 2603 167 2644 et
183 2596 249 2660 λήθη
265 2599 357 2662 ὀδύνης
373 2618 388 2650 a
404 2603 437 2651 ud
455 2605 545 2653 Incert.
561 2603 635 2653 Auct.
652 2604 673 2651 E
692 2637 698 2651 .
732 2617 770 2650 me
785 2617 868 2651 eorum
884 2599 1008 2651 sententie
1021 2616 1082 2658 esse,
1096 2600 1138 2666 qui
1154 2609 1231 2651 totum
1247 2602 1294 2652 boo

139 2659 217 2718 lxxix,
229 2665 254 2720 8,
265 2664 291 2713 in
307 2619 409 2714 Antbol.
424 2668 507 2718 Grec.
518 2668 548 2717 T.
561 2667 593 2724 iv,
623 2619 699 2716 ‚lsi
731 2681 828 2716 carmen
845 2683 876 2716 ex
892 2667 979 2715 Graeco
993 2665 1097 2740 quodam
1113 2674 1185 2731 posu
1199 2682 1294 2741 expres-

141 2726 247 2786 Corrclris,
267 2730 330 2778 rasis
353 2732 525 2796 unguentariis,
548 2683 699 2780 adlimam
731 2746 848 2780 sumesse
861 2739 980 2804 statuunt.
1013 2731 1139 2804 Horatium
1151 2729 1181 2804 de
1194 2731 1294 2796 perjuri-

138 2791 343 2844 conchaeeffictis.
733 2811 801 2844 orum
822 2796 849 2843 in
871 2811 949 2844 umore
971 2801 1112 2860 impunitate
1129 2803 1237 2843 imitatus
1258 2805 1296 2845 est

171 2855 278 2906 stt-28.
297 2859 364 2918 Quis,
379 2875 414 2908 sc.
430 2859 595 2909 conrivamm.
630 2861 701 2914 Quem
733 2860 808 2911 Ovid.
820 2861 878 2909 Am.
888 2860 924 2917 iii,
936 2861 962 2908 3.

143 2919 218 2969 Venus
227 2924 341 2971 arbitrum
352 2924 421 2973 Dicet
433 2927 540 2973 bibendi?
571 2925 620 2972 Per
631 2924 701 2973 Vene-
768 2926 841 2974 1-5.
868 2924 936 2972 ,luris
958 2925 1066 2986 prieruti,
1088 2923 1114 2972 b.
1135 2939 1158 2972 e.
1180 2922 1294 2988 perjuriis

139 2999 187 3030 rem
208 2985 316 3052 intellige
335 2987 438 3038 talorum
456 2987 549 3053 jactum
568 2988 702 3054 optimum
752 2989 937 3037 uemadmodum
958 2987 1023 3036 enim
1038 2990 1084 3060 jus¹
1097 2991 1209 3050 juratum
1230 2988 1295 3054 apud

130 3051 216 3109 jactus
232 3055 330 3112 ‹ptimus
349 3067 443 3116 nempe,
461 3069 518 3101 cum
536 3051 703 3116 unusquisque
735 3005 1067 3124 linniumprojurejurando,
1079 3059 1113 3098 tta
1116 3055 1160 3113 jus
1168 3054 1296 3112 pejeratum

139 3123 243 3175 quatuor
265 3115 377 3174 talorum,
398 3117 542 3181 quibuscum
566 3116 701 3174 ludebatur,
735 3133 777 3180 pro
788 3116 893 3182 perjurio
902 3123 1013 3180 ponitur,
1027 3113 1167 3177 scilicetjus
1176 3118 1297 3176 pejeratur

139 3175 208 3226 aliud
220 3179 284 3227 latus
294 3179 436 3237 ostenderet,
453 3181 580 3240 Venerem
595 3183 704 3244 pessimus
735 3182 766 3229 ab
783 3197 813 3229 eo
829 3180 881 3245 qul,
895 3179 960 3244 quod
975 3177 1038 3242 juris
1047 3177 1085 3226 rel
1101 3177 1173 3226 officii
1187 3177 1233 3227 sibi
1249 3178 1294 3227 im-

138 3250 231 3300 contra,
243 3259 300 3292 cum
315 3261 398 3294 omnes
412 3245 456 3294 tali
466 3245 530 3294 idern
545 3245 609 3294 latus
623 3253 702 3294 osten·
736 3246 840 3310 positum
856 3252 902 3302 est,
918 3243 1015 3309 perfide,
1034 3258 1060 3291 se
1080 3242 1105 3290 id
1126 3251 1296 3292 exsecuturum

138 3303 233 3363 demut,
253 3310 324 3357 cante
340 3309 480 3358 dicebatur:
503 3311 585 3374 legant
605 3309 702 3366 tirones,
735 3325 797 3366 esse,
812 3307 912 3421 putarit.
945 3309 1021 3357 Dente
1037 3310 1058 3356 si
1074 3309 1151 3372 nigre,
1166 3315 1222 3355 cett.
1239 3322 1296 3382 nam

139 3386 197 3434 quae
220 3381 332 3422 accurate
351 3374 380 3423 ds
396 3374 499 3422 talorum
518 3374 573 3422 lusu
595 3373 705 3440 exposuit
736 3389 811 3423 secun
829 3389 871 3420 um
887 3371 1027 3436 religionem
1046 3389 1102 3437 quae
1118 3379 1225 3420 veterum
1243 3387 1295 3420 anr-

140 3435 242 3484 Ernesti
265 3435 292 3483 iu
317 3437 385 3486 Clau.
407 3437 461 3488 Cic.
482 3439 528 3488 sub
548 3454 606 3487 voce
631 3440 704 3487 telus.
736 3437 782 3486 mis
807 3437 933 3494 insidebat,
958 3437 1018 3485 vitia
1043 3453 1099 3501 qum
1121 3435 1176 3510 quIs
1200 3452 1297 3502 corpore

141 3501 269 3548 Arbitrum
286 3502 389 3550 bibendi:
410 3502 443 3551 cl.
461 3519 516 3569 sup.
537 3501 567 3552 ad
585 3502 603 3560 i,
619 3504 643 3558 l,
664 3503 704 3552 17.
736 3502 854 3559 traxisset,
876 3503 915 3550 vel
938 3501 1022 3558 morbi,
1043 3502 1081 3550 vel
1102 3501 1152 3550 aha
1173 3501 1298 3566 repentina

143 3563 243 3622 Edonis,
258 3563 366 3614 Thracis
383 3567 481 3632 populo,
500 3566 563 3632 proi
593 3565 703 3615 isl'hra-
736 3567 801 3616 mala
819 3565 850 3614 ad
869 3565 1057 3623 mendaciorum,
1076 3565 1242 3631 perjuriorum,
1258 3565 1296 3615 vel

141 3627 221 3686 cibus,
233 3627 355 3677 effrenata
365 3631 390 3679 in
401 3583 617 3697 compoutionldus
627 3631 703 3679 licen·
736 3630 826 3681 fraudis
837 3631 961 3695 cujusdam
972 3630 1106 3679 commisse
1116 3645 1201 3695 poenas
1211 3629 1296 3680 relere-

141 3691 176 3740 tia
187 3692 246 3740 satis
257 3693 332 3742 notis:
351 3695 383 3745 cl.
393 3711 448 3761 sup.
459 3695 489 3744 ad
499 3697 517 3752 i,
527 3697 566 3751 18,
575 3697 600 3746 9.
628 3696 704 3744 Dulce
735 3695 839 3745 bantur:
860 3694 910 3744 rid.
929 3697 1068 3746 Casanbon.
1088 3695 1156 3744 Lect.
1176 3694 1297 3745 Theocrit.

142 3758 200 3804 milti
202 3757 289 3821 furere
298 3769 339 3814 est,
350 3759 467 3825 expressit
480 3759 630 3809 notissiruum
641 3759 703 3810 illud
735 3777 791 3826 cap.
808 3777 833 3808 x.
866 3760 994 3816 Crederem,
1013 3776 1049 3809 sc.
1069 3757 1124 3808 fidei
1140 3758 1297 3824 jurejurando

142 3820 305 3871 Anacreontis
315 3825 382 3881 xxxi,
394 3823 464 3881 otto,
477 3825 539 3875 otto
550 3828 671 3890 μανῆναι.
736 3824 875 3890 interposito
885 3823 945 3871 mibi
955 3823 1028 3873 detre-

768 3892 842 3939 5-8.
869 3889 944 3936 Simul
970 3891 1077 3951 obligasti
1098 3887 1219 3950 Perfidum
1240 3891 1298 3936 uotis

301 3951 455 4002 CARMEN
473 3953 552 4003 VIII.
736 3964 817 4017 caput,
837 3953 862 4000 b.
880 3968 904 4000 e.
923 3951 1025 4000 simulac
1042 3949 1147 4024 jurasti,
1170 3965 1235 4022 nam,
1255 3951 1297 4024 qui

176 4015 250 4063 Haud
262 4017 371 4065 nescium
428 4026 453 4067 tn
466 4017 492 4066 in
502 4019 548 4066 boc
562 4017 666 4066 camnine
679 4034 705 4067 se
735 4017 809 4082 jurat,
826 4019 922 4079 obliget,
940 4014 1074 4078 obstringit,
1091 4015 1219 4061 obnoxium
1240 4015 1298 4062 lacit

158 4079 265 4127 rofitetur
275 4095 341 4130 surse
352 4081 385 4129 lal
395 4081 453 4140 acIs,
464 4098 512 4146 qua
519 4081 584 4132 varia
593 4091 616 4131 et
626 4089 705 4132 mutu·
735 4093 806 4144 caput
817 4098 893 4138 suum,
902 4080 928 4126 b.
938 4095 961 4128 e.
970 4094 1005 4134 se,
1013 4081 1079 4134 votis,
1086 4077 1297 4150 exsecrationibus,

141 4095 198 4191 litis
209 4144 292 4208 puella
304 4145 393 4194 Burine
403 4145 428 4194 in
439 4162 519 4196 amore
530 4162 594 4195 nunc
606 4147 651 4195 sibi
662 4147 705 4196 ad-
737 4145 763 4195 in
782 4161 808 4194 se
827 4145 915 4211 ipsum,
932 4144 953 4192 si
972 4142 1051 4200 sallat,
1067 4142 1155 4206 jactis:
1174 4143 1297 4206 perficiunt,

140 4208 224 4272 spiret.
249 4209 366 4266 Quamvis
374 4209 447 4274 igitur
455 4211 543 4260 Berine
551 4211 706 4276 jurejurando
738 4210 846 4276 apposite
857 4224 908 4274 pro,
921 4216 998 4263 tuum,
1008 4207 1122 4270 perfidum
1135 4214 1299 4268 reputantem

139 4271 238 4320 tandem
250 4273 378 4322 firmiorem
388 4274 410 4324 ei
423 4275 449 4323 in
459 4291 538 4324 amore
549 4275 707 4324 constantiam
738 4290 789 4340 pro,
813 4284 845 4324 te.
890 4273 1011 4327 Enitesris,
1034 4280 1062 4319 ut
1087 4284 1158 4318 versu
1183 4279 1298 4336 sequente

141 4335 290 4400 promiserat,
314 4345 403 4394 tamen,
423 4355 479 4389 cnm
503 4339 546 4388 illa
568 4339 621 4403 jam
642 4356 707 4404 saepe
736 4341 825 4403 prodis,
848 4336 1022 4401 significantius
1042 4350 1097 4410 pro,
1115 4350 1151 4384 es.
1182 4335 1299 4384 Juvenum

140 4399 293 4465 pejeraverit,
310 4417 354 4451 nec
373 4403 423 4452 ulle
439 4419 541 4469 usquam
558 4403 637 4454 edbuc
654 4419 706 4453 cor·
737 4407 833 4466 publiea
850 4419 907 4450 curo
923 4404 1016 4464 prodis:
1033 4402 1100 4449 brevi
1116 4400 1231 4464 gravitate
1246 4415 1298 4465 pro,

141 4466 206 4528 poris
222 4473 290 4530 perte
306 4466 406 4540 perjurii
421 4485 518 4534 poenarn
534 4468 634 4523 dederit,
650 4469 706 4526 imo,
740 4477 788 4517 tam
806 4467 907 4533 pulchra
922 4475 946 4514 et
960 4473 1060 4514 venusta
1074 4479 1183 4539 appares,
1195 4472 1232 4524 ut,
1244 4463 1298 4530 qui·

140 4529 212 4593 quasi
228 4543 269 4594 per
278 4531 443 4584 sanctissimus
456 4532 626 4584 obtestationes
639 4532 706 4582 lelel-
740 4547 835 4597 cunque
842 4541 866 4580 te
874 4530 1024 4580 incedentem
1032 4530 1184 4595 consprciuut
1188 4530 1300 4596 juvenes,
