3150 5200
622 352 789 418 LIBER
813 352 840 432 Ι,
861 354 888 417 l.

312 500 465 565 Perfidus
480 500 534 566 hic
548 522 664 587 caupo,
680 504 782 581 miles,
800 514 983 588 nautaeque,
999 528 1059 590 per
1074 528 1166 571 omno

245 601 289 664 30
309 599 467 667 Audaces
482 624 571 667 mare
585 604 642 686 qui
657 616 803 682 currunt,
817 604 878 670 hac
893 616 1001 671 mente
1016 606 1160 673 laborem

311 701 392 767 Sese
406 700 505 780 ferre,
518 725 613 767 senes
629 716 665 769 ut
680 706 714 769 in
727 707 795 770 otia
809 717 880 771 tuta
895 708 1061 787 recedant,

311 802 427 881 Aiunt,
441 825 542 887 quum
556 805 619 869 sibi
636 806 701 870 sint
715 817 872 893 congesta
886 808 1025 888 cibaria3
1049 810 1135 875 sicut

311 904 453 969 Parvula
467 904 555 986 (nam
569 907 720 992 exemplo
732 909 795 991 est)
810 909 918 994 magni
933 908 1067 976 formica
1080 912 1201 978 laboris

309 1004 380 1071 Ore
395 1005 507 1082 trahit,
522 1007 742 1092 quodcunque
756 1020 878 1093 potest,
894 1020 992 1093 atque
1007 1012 1101 1076 addit
1114 1036 1241 1091 acervo,

246 1106 290 1169 35
310 1106 419 1179 Quem
433 1108 542 1185 struit,
557 1107 648 1172 haud
662 1109 776 1193 ignara
791 1132 829 1175 ac
845 1133 910 1175 non
924 1111 1054 1177 incauta
1069 1112 1188 1179 futuri:

311 1207 408 1286 Quae,
425 1208 520 1274 simul
532 1210 697 1274 inversum
711 1212 883 1275 contristat
897 1210 1065 1295 Aquarius
1080 1237 1211 1293 annum,

310 1310 390 1375 Non
404 1333 542 1395 usquam
557 1313 715 1396 prorepit,
731 1323 765 1377 et
779 1312 842 1376 illis
858 1314 960 1377 utitur
976 1325 1051 1378 ante

244 1401 257 1423 ⁰
311 1409 468 1484 Quoesitis
484 1413 632 1497 sapiens;
656 1435 756 1496 quum
771 1424 804 1479 te
819 1436 925 1498 neque
942 1413 1087 1481 fervidus
1101 1428 1201 1482 aestus

308 1512 483 1579 Dimoveat
496 1514 599 1591 lucro,
616 1537 675 1579 nec
691 1514 807 1593 hieme,
824 1516 919 1600 ignis,
936 1538 1035 1593 mare,
1052 1516 1191 1598 ferrum3

246 1614 291 1677 40
310 1613 370 1679 Nil
384 1615 494 1681 obstet
508 1616 580 1692 tibi,
595 1615 674 1679 dum
687 1638 729 1680 ne
745 1617 787 1680 sit
802 1627 835 1680 te
850 1616 948 1680 ditior
964 1616 1055 1681 alter.

310 1714 402 1789 Quid
412 1717 508 1800 jurat
521 1717 711 1781 immensum
727 1728 759 1781 te
775 1717 902 1801 argenti
917 1718 1046 1802 pondus
1062 1730 1095 1783 et
1110 1722 1180 1785 auri

309 1815 435 1881 Furtim
449 1816 582 1881 defossa
595 1818 743 1881 timidum
758 1818 923 1903 deponere
939 1822 1046 1883 terra?

311 1915 423 1995 Quod,
440 1919 468 1981 si
482 1919 691 1995 comminuas,
707 1920 802 1983 vilem
816 1920 984 2004 redigatur
999 1921 1041 1983 ad
1057 1944 1172 1987 assem.

310 2014 369 2095 At,
385 2020 419 2083 ni
434 2019 468 2083 id
484 2020 533 2097 fit,
549 2020 629 2103 quid
643 2019 744 2083 habet
758 2019 888 2105 pulchri
902 2030 1109 2085 constructus
1124 2029 1281 2089 acervus?

245 2118 288 2181 45
309 2118 416 2183 Millia
429 2120 583 2186 frumenti
599 2131 656 2183 tua
670 2122 796 2184 triverit
811 2142 887 2185 area
901 2132 1042 2199 centum,

309 2218 390 2285 Non
404 2231 480 2285 tuus
495 2221 558 2287 hoc
573 2222 682 2306 capiet
695 2231 808 2286 venter
823 2220 908 2306 plue,
924 2244 962 2286 ac
977 2244 1085 2301 meus;
1109 2235 1146 2287 ut
1161 2225 1189 2287 si

211 2386 253 2434 93.
271 2386 324 2443 ltlc,
336 2402 432 2451 gram
446 2390 626 2443 duro—aratro,
640 2388 738 2451 elegans
769 2387 854 2446 reddit,
878 2404 920 2455 pro
947 2388 1066 2455 simplice,
1095 2397 1189 2456 tempus
1217 2388 1328 2443 hiemale.

177 2449 306 2515 descriptio
315 2454 407 2500 rustici.
770 2453 865 2501 Annum
881 2456 1003 2511 invasam,
1021 2453 1046 2501 h.
1063 2470 1085 2503 e.
1103 2463 1230 2504 exactum:
1252 2454 1328 2513 donec

213 2516 255 2563 29.
273 2514 381 2579 Perfidus
401 2516 439 2563 hic
457 2529 589 2577 caupor‘ra
621 2514 650 2564 tit
714 2523 739 2563 ta
771 2532 849 2565 annus
866 2532 962 2566 emaum
978 2534 1047 2566 suum
1065 2518 1164 2583 peragit,
1175 2518 1262 2568 dicitur
1276 2537 1327 2569 ocr-

177 2576 288 2628 homiaes
302 2580 392 2628 diunsa
406 2590 536 2643 scomma,-
606 2595 648 2646 pro
682 2598 739 2644 gum
772 2590 836 2640 teas,
862 2581 959 2646 quando
978 2598 1075 2631 cursura
1092 2599 1162 2632 suum
1181 2584 1270 2648 exegit,
1289 2584 1327 2634 di-

172 2643 740 2772 sustentarentur
771 2645 1328 2774 tarracfallerentur}

179 2769 402 2825 lucri,sedhon01is
410 2781 434 2821 et
442 2770 551 2820 utilitatis
560 2786 635 2821 causa
645 2772 739 2835 dejure
770 2775 878 2822 rendere
889 2774 987 2839 frigora
1004 2777 1109 2840 ingentio
1123 2777 1257 2824 solentesss.
1287 2777 1326 2824 Sol

179 2833 363 2908 respondebant,
379 2835 507 2901 prudenter
523 2835 604 2900 posuit
619 2852 739 2898 caupones,
770 2847 847 2884 autern
859 2840 945 2886 transit
960 2841 987 2886 s'n
999 2839 1128 2900 Aquarium
1139 2840 1165 2886 X
1169 2839 1216 2887 Vll
1229 2841 1327 2890 Calcad.

179 2914 222 2962 qur
236 2896 295 2946 lueri
309 2897 414 2948 faciendi
424 2907 449 2948 et
457 2897 590 2947 ditescendi
599 2900 676 2964 gratia
685 2917 737 2961 pcr-
770 2901 857 2959 Fam
875 2905 900 2949 ia
912 2917 936 2948 eo
952 2911 984 2950 ert
999 2903 1076 2950 dictus
1093 2905 1194 2966 triginta
1210 2919 1280 2967 sapsa
1296 2907 1328 2952 ad

171 2965 226 3028 fide
244 2961 359 3018 homines,
377 2963 407 3011 ad
425 2979 451 3013 se
468 2963 618 3022 divertentes,
637 2964 738 3012 circum·
771 2966 798 3012 X
803 2963 851 3012 Vll
860 2965 958 3012 calend.
969 2963 1045 3014 Mart.

179 3025 261 3075 venire
278 3026 364 3085 solent,
380 3026 448 3084 dum,
466 3042 537 3092 paruo
554 3027 622 3076 lucro
641 3026 736 3086 intenti,
802 3030 844 3076 33.
864 3028 895 3076 Et
911 3029 959 3076 illis
974 3031 1053 3077 utitur
1070 3039 1125 3076 ants
1143 3029 1249 3082 Quasitis
1264 3034 1326 3092 sapi-

179 3105 280 3146 merces,
296 3106 358 3154 quas
372 3091 488 3146 vendunt,
504 3107 597 3140 carrum
614 3102 668 3148 unt,
679 3109 703 3139 v.
714 3108 737 3140 c.
769 3107 818 3147 sus,
834 3099 858 3140 et
875 3091 933 3149 illis,
950 3109 1005 3157 que
1023 3101 1078 3140 ante
1094 3107 1139 3140 con
1169 3091 1259 3148 ssit,ut
1273 3094 1325 3142 ani·

179 3154 265 3202 viuum
283 3169 346 3218 aqua
361 3155 489 3204 miscentes
503 3163 560 3204 cett.
594 3108 634 3204 dic
650 3173 734 3219 coapo-
767 3156 816 3204 mal
831 3156 998 3221 sapiens‚pro,
1011 3157 1128 3222 sapienter
1155 3155 1215 3204 ieme
1232 3155 1326 3206 fruitur.

178 3235 219 3266 uss
230 3219 328 3282 maligni
344 3218 476 3273 inf.Sat.i‚
488 3222 512 3274 5,
526 3221 550 3276 4,
562 3228 587 3268 et
601 3221 636 3268 sic
652 3237 735 3279 sarn-
768 3221 826 3270 Jam
846 3219 956 3268 transfert
975 3229 1044 3285 poeta
1066 3219 1202 3285 exemplum
1222 3219 1326 3270 formica

177 3281 263 3332 λεὺειν
272 3280 336 3346 apud
347 3283 454 3333 Grecos.
481 3283 559 3338 Miles,
574 3283 616 3347 qui
632 3283 736 3332 laborem
768 3283 799 3332 ad
817 3298 941 3332 avarorum
958 3283 1100 3344 stultitiam
1123 3291 1255 3344 congerant
1271 3285 1326 3348 qui-

179 3344 206 3394 in
219 3345 285 3394 bello
301 3345 395 3412 perfert,
411 3355 460 3395 tam
476 3344 562 3412 prada
579 3363 651 3420 quam
669 3363 737 3410 agro·
769 3347 823 3396 dem
846 3347 919 3406 avari,
942 3347 1013 3396 sicuti
1034 3346 1141 3403 formica,
1160 3345 1264 3404 divitias,
1283 3348 1326 3398 sed

179 3425 234 3458 rum
252 3418 304 3474 post
323 3410 387 3458 facta
409 3411 528 3476 stipendia
547 3411 738 3476 accipiendorum
769 3410 800 3459 iis
816 3419 983 3460 nonutuntur.
1017 3411 1127 3460 formica
1143 3410 1215 3476 igitur
1231 3411 1326 3462 homine

179 3488 224 3540 spe
245 3472 339 3539 plenus.
380 3474 516 3539 Nautaque,
535 3484 561 3524 et
580 3483 734 3524 mercatores:
769 3491 840 3524 avaro
852 3483 888 3524 est
897 3475 1034 3540 sapientior.

180 3552 236 3602 sup.
257 3538 283 3586 in
303 3537 352 3586 0d.
370 3537 397 3594 ii,
419 3541 458 3596 13,
480 3541 529 3595 14,
542 3542 622 3586 nauita
644 3540 736 3596 Panas,
802 3541 843 3588 39.
859 3539 947 3596 Hiems,
965 3540 1048 3602 frigus,
1062 3539 1324 3606 ignir,mars,scrram,

179 3610 297 3650 mercator
312 3601 463 3652 Phoenicius.
490 3603 529 3652 Sic
546 3601 625 3668 Epod.
643 3603 683 3663 16,
695 3605 736 3661 61,
768 3603 799 3651 de
816 3604 886 3652 rebus
901 3603 1019 3661 violentis,
1032 3620 1086 3667 qua
1101 3603 1229 3668 perniciem
1247 3604 1324 3654 inten-

179 3667 272 3714 Sidoas'i
282 3676 368 3715 naute.
769 3675 830 3716 tant.
864 3667 910 3715 Per
921 3671 1002 3716 audias
1014 3669 1078 3731 ignes
1088 3669 1194 3724 volitare,
1206 3669 1269 3742 apud
1281 3669 1326 3718 Sil.

213 3730 255 3777 32.
272 3731 375 3787 Cibaria,
393 3730 481 3796 quibus
501 3729 601 3778 alimur:
622 3740 736 3794 congesta,
769 3730 828 3779 Ital.
841 3747 880 3786 xv,
893 3733 934 3786 41,
947 3747 1052 3843 pro,6per
1063 3747 1156 3779 summa
1174 3733 1290 3798 pericula,
1301 3741 1326 3782 et

179 3792 546 3860 accommodateadexemplum
572 3797 668 3850 amnica.
681 3810 736 3859 que
768 3795 803 3843 sie
814 3794 880 3860 apud
890 3795 989 3843 Graecos
1014 3795 1137 3857 ιάπυρός.

179 3856 205 3906 in
217 3856 321 3906 hiemale
336 3865 430 3924 tempus
447 3858 507 3906 mira
564 3858 648 3907 ulitate
664 3867 737 3932 atque
802 3861 843 3906 40.
861 3859 904 3906 Nil
914 3861 982 3906 obstet
993 3861 1045 3912 tibi,
1054 3867 1110 3907 cett.
1122 3874 1153 3907 ue
1164 3859 1252 3906 multa!
1269 3874 1325 3906 cum

179 3921 308 3987 prudentia
318 3922 431 3971 alimenta
445 3925 561 3987 congerit:
581 3939 611 3972 er
628 3923 737 3987 simplice
769 3923 838 3970 nullo
856 3921 953 3971 omnino
970 3922 1075 3986 periculo
1092 3938 1106 3970 a
1123 3920 1212 3970 divitiis
1229 3936 1324 3970 coacer-

179 3985 414 4042 sententia,.sibaria
431 3997 536 4051 congesta
551 4003 612 4035 mors
620 3987 736 4052 formica,
769 3986 854 4034 vandis
872 3994 895 4035 te
914 3984 1024 4033 deterreri
1041 3985 1147 4049 patiaris,
1159 3983 1230 4032 modo
1246 3999 1326 4040 nemo,

179 4050 247 4100 enati
257 4059 315 4099 snut
326 4058 373 4101 tres
382 4066 465 4100 versus
475 4049 654 4114 elegantissimi.
769 4049 813 4114 qui
826 4058 848 4097 te
859 4049 929 4097 ditior
939 4049 979 4106 sit,
991 4048 1128 4112 reperiatur.

212 4116 255 4163 33.
277 4113 338 4162 Nam
355 4117 452 4176 esnaplo
467 4125 509 4169 est,
524 4129 560 4163 sc.
576 4129 617 4162 ma
634 4130 673 4170 no,
689 4130 738 4178 quo
803 4115 844 4161 42.
865 4113 969 4177 Defessa,
988 4111 1109 4176 explicant
1124 4111 1213 4178 effossa,
1230 4117 1255 4159 et
1272 4111 1324 4159 lau·

180 4179 253 4226 rebus
271 4179 321 4226 suis
335 4178 461 4254 prospicit,
478 4179 567 4226 labore.
626 4181 683 4242 agui
703 4181 739 4225 la·
770 4175 831 4224 dant
846 4177 941 4242 defossos
957 4191 1043 4237 emeras,
1059 4176 1124 4240 apud
1139 4173 1326 4239 Virg.Geo·iii,

179 4244 249 4297 doris,
277 4253 379 4292 suaviter
436 4259 448 4290 r
475 4241 606 4292 ἀντίθετον
633 4241 737 4290 formica
770 4241 827 4298 ³76,-
847 4240 939 4306 proprie
955 4239 1019 4288 enim
1035 4255 1083 4288 non
1100 4237 1226 4296 tma,sed
1241 4255 1326 4289 auriam

177 4307 284 4368 paroalc
294 4258 482 4355 tribuiturldbor
492 4323 597 4370 mogum.
770 4305 816 4352 sub
833 4313 894 4354 terra
910 4304 988 4415 delfidi
1003 4303 1097 4352 dicitur.
1131 4305 1172 4352 Aa
1189 4303 1285 4368 defossa,
1300 4311 1327 4376 ut

213 4371 255 4417 36.
274 4372 339 4428 era,
350 4372 419 4419 sirual
429 4379 486 4420 cett.
498 4380 522 4419 at
533 4369 627 4424 eadem,
640 4369 739 4416 simulac
772 4368 799 4417 iu
816 4369 898 4417 multis
916 4369 971 4417 aiis
986 4366 1055 4425 locis,
1071 4384 1119 4418 non
1135 4366 1165 4415 ad
1183 4382 1269 4414 nomen
1286 4382 1327 4416 cut

180 4433 217 4482 sol
234 4433 259 4481 in
270 4434 404 4508 hquarium
420 4435 512 4489 transit,
529 4443 554 4482 et
568 4441 671 4497 tempus,
688 4449 737 4505 quo
769 4433 891 4497 adjectum
908 4443 952 4490 est,
965 4431 1007 4482 sed
1024 4432 1152 4482 adnomen
1165 4430 1271 4480 vicinum
1289 4447 1324 4480 rs-

181 4513 261 4546 annus
269 4507 483 4554 circumactusest,
493 4497 627 4564 pluviosam
640 4507 664 4546 et
673 4507 738 4545 triste
770 4497 824 4546 ferri
843 4497 931 4546 debet!
954 4506 980 4546 ut
1004 4497 1027 4544 in
1048 4499 1100 4545 Sat.
1118 4512 1155 4560 sq.
1177 4511 1200 4544 v.
1217 4496 1257 4552 29,
1282 4511 1326 4544 vor
