3150 5200
582 356 747 422 LIBER
770 358 815 436 11,
839 363 871 423 2.

173 507 216 569 80
237 505 344 601 gilter,
360 508 417 571 ubi
432 508 521 572 dicto
536 508 633 572 citius
648 519 761 573 curata
776 510 887 594 sopori

237 608 388 674 Membra
402 610 505 687 dedit,
522 618 657 694 vegetus
671 612 865 695 praescripta
879 610 922 673 ad
936 610 1046 674 munia
1061 612 1175 695 surgit.

236 711 302 775 Hic
318 723 425 777 tamen
440 712 483 775 sd
498 711 612 775 melius
627 714 749 796 poterit
763 722 986 777 transcurrere
997 712 1172 797 quondam,

234 811 311 877 Sive
326 814 412 877 diem
427 812 546 877 festum
561 814 690 878 rediens
705 814 876 877 advexerit
890 834 1006 890 annus,

237 914 305 979 Seu
317 937 465 980 recreare
480 915 567 979 volet
582 927 748 980 tenuatum
764 938 895 999 corpus,
911 916 1008 978 ubire

171 1015 214 1078 85
235 1014 406 1081 Accedent
420 1017 507 1093 anni,
521 1028 555 1081 et
569 1018 702 1081 tractari
716 1016 843 1081 mollius
858 1027 938 1080 aetas

237 1117 403 1182 Imbecilla
416 1118 513 1183 volet.
559 1116 638 1183 Tibi
653 1120 807 1202 quidnam
821 1118 955 1182 accedet
969 1119 1013 1181 ad
1027 1118 1133 1194 istam,

237 1219 346 1291 Quam
359 1241 441 1304 puer
455 1230 488 1284 et
503 1220 629 1283 validus
642 1220 825 1304 praesumis,
840 1219 1016 1299 mollitiem,
1032 1241 1091 1283 seu

237 1319 333 1383 Dura
347 1321 499 1386 valetudo
508 1321 674 1398 inciderit,
692 1342 750 1386 seu
765 1321 861 1385 tarda
874 1324 1047 1385 senectus?

236 1420 421 1485 Rancidum
436 1446 550 1507 aprum
564 1423 689 1506 antiqui
703 1423 892 1500 laudabant,
909 1444 974 1486 non
988 1424 1066 1507 quia
1079 1442 1178 1485 nasus

171 1520 215 1583 90
236 1520 304 1585 Illis
318 1523 426 1587 nullus
440 1534 527 1602 erat,
553 1526 622 1601 sed,
638 1525 748 1601 credo,
764 1524 827 1589 hac
841 1535 960 1600 mente,
975 1525 1066 1607 quod
1080 1523 1203 1607 hospes

238 1620 382 1687 Tardius
398 1626 572 1689 adveniens
588 1626 735 1689 vitiatum
750 1626 962 1701 commodius,
977 1648 1075 1709 quam

237 1723 404 1809 integrum
419 1727 504 1793 edax
518 1728 667 1792 dominus
682 1738 896 1792 consumeret.
943 1725 1016 1791 Hos
1032 1728 1155 1791 utinam
1168 1728 1253 1792 inter

239 1824 369 1891 Heroas
384 1838 495 1893 natum
509 1828 624 1893 Tellus
639 1852 690 1893 me
704 1832 809 1914 prima
824 1829 969 1893 trrlisset!

238 1925 309 1991 Das
325 1928 447 2012 aliquid
462 1930 566 2007 famae,
580 1953 654 2014 quae
667 1932 808 1995 carmine
822 1931 946 2014 gratior
960 1951 1072 1993 aurem

172 2026 216 2089 95
238 2028 389 2113 Occupet
403 2030 597 2095 humanam?
640 2032 794 2095 Grandes
808 2030 936 2094 rhombi
951 2032 1136 2114 patinoeque

152 2228 190 2269 nr,
202 2228 253 2259 cum
269 2225 403 2275 perenm,
415 2219 497 2264 cedere
514 2228 570 2267 tunc
583 2222 710 2265 ciconus·
777 2219 818 2265 80.
836 2216 905 2265 Dicto
921 2218 1005 2265 citius:
1023 2216 1062 2264 hre
1074 2230 1143 2265 vocss
1156 2230 1205 2263 non
1220 2216 1250 2263 nd
1261 2231 1303 2263 vo-

151 2286 226 2325 osrst.
744 2279 1303 2342 commortssdsdcuratamtrorsfcrsn-

186 2341 227 2389 68·
254 2341 361 2402 linctum,
379 2345 447 2393 sorde
466 2344 491 2393 in
509 2344 633 2404 uinctum
656 2344 712 2393 hinc
745 2343 865 2404 desnnt3
882 2345 1066 2409 sermojamest
1079 2344 1109 2391 de
1126 2344 1303 2406 coemafrugtli,

152 2404 197 2455 int.
213 2404 245 2455 de
260 2405 334 2453 servis
349 2410 400 2457 Sat.
420 2407 446 2464 ii,
459 2362 537 2465 tia,
556 2410 653 2473 Magna
666 2425 711 2457 ιιιο-
745 2424 801 2473 qun
815 2425 881 2457 cunc
897 2412 971 2457 datie
983 2408 1126 2474 oppositum
1142 2416 1197 2471 post
1207 2422 1303 2455 coenam

152 2480 206 2517 seut
228 2472 339 2519 stomata
355 2472 470 2537 fastidia,
492 2490 531 2521 seu
556 2490 616 2535 puer
635 2476 712 2521 arietis
744 2473 861 2536 imgslsm
875 2473 940 2522 dicto
949 2472 1023 2522 citius
1036 2480 1156 2537 peractam
1172 2476 1304 2519 romanaet

154 2532 274 2612 Praetoris
289 2536 382 2585 coliem
398 2540 512 2594 ιιιιιιιὶὺιιι,
524 2540 579 2585 dum
587 2538 662 2603 firm
680 2539 710 2585 n·-
743 2536 841 2602 placida
850 2536 918 2600 qniss
929 2536 1031 2602 capitur.
1269 2599 1275 2610 ·

149 2610 321 2736 gviiii-Varie
337 2681 382 2722 res,
397 2665 464 2714 varia
480 2666 587 2715 ciborum
605 2680 709 2730 genem
743 2601 1227 2738 ueriitzhiiciiqriifiiciiiiieriicidtionlihliii¹
1235 2613 1302 2718 iiiiii

152 2741 184 2792 op
216 2736 339 2776 mtnrerca
349 2732 451 2791 simplex.
742 2736 828 2794 potent
837 2729 982 2792 (quondam)
999 2743 1172 2792 nonnunquam
1183 2737 1304 2775 transcur-

202 2792 280 2856 isqq·
291 2792 589 2858 homoousianorum
600 2795 710 2842 tititsds·
742 2809 795 2840 rers
810 2795 842 2840 od
857 2793 947 2849 melius,
958 2792 1059 2840 transire
1073 2792 1104 2840 sd
1114 2790 1205 2840 victum
1220 2791 1303 2840 melio·

151 2858 195 2911 rit,
203 2854 228 2902 in
237 2858 386 2907 stomachum
393 2857 497 2906 demissa
507 2857 568 2906 nrbrl
578 2858 612 2905 rbr
624 2858 710 2906 moles·
742 2872 792 2906 rem
809 2856 861 2905 sire
877 2855 1011 2911 lautiorem,
1028 2855 1116 2920 poterit
1131 2869 1305 2918 nonnunqum

151 2918 193 2968 tic
209 2927 233 2968 et
252 2920 317 2969 tedii
332 2921 487 2982 excitaverim
508 2921 588 2970 tenuis
605 2921 670 2970 enim
688 2930 713 2970 et
743 2921 833 2969 lautius
844 2921 930 2969 virere.

151 2983 255 3048 simplex
263 2985 341 3034 victus
347 2985 426 3049 quista
438 2993 463 3034 st
469 2986 520 3034 sine
530 2985 714 3034 molestiascdst
777 2987 819 3033 84.
837 2984 975 3038 Tmolum,
987 2990 1135 3032 attenuatum
1148 2979 1270 3031 laboribus
1279 2990 1305 3030 st

152 3046 178 3096 in
193 3047 329 3097 stomacho:
350 3063 404 3106 nos,
414 3049 519 3115 sinfccbs
529 3050 613 3112 spata,
624 3051 661 3096 dic
672 3052 712 3097 dir
744 3049 887 3097 exhaustum
912 3046 1011 3095 viribus.
1059 3047 1152 3095 Notum
1179 3054 1216 3093 cst
1240 3043 1304 3093 illud

152 3121 213 3159 sonrt
229 3114 286 3160 wohl
299 3114 424 3162 helomnrsn
437 3118 475 3162 itt.
508 3115 540 3160 At
554 3115 710 3170 simul‚catt.,
745 3112 828 3160 Ovidii
843 3112 888 3175 (de
907 3111 962 3158 Art.
973 3111 1033 3158 Am.
1050 3109 1068 3166 i,
1083 3110 1156 3172 735),
1174 3109 1305 3157 Attenuant

152 3183 179 3222 at
195 3175 216 3222 si
232 3175 296 3224 elixa
311 3177 383 3226 simul
400 3177 471 3238 amis,
486 3177 613 3240 conchylia
631 3177 712 3240 (Μιιι-
737 3179 854 3238 finanum
875 3177 979 3239 uigilata
1004 3190 1099 3236 corpora
1122 3183 1203 3221 nomos.
1247 3173 1303 3228 Pro,

151 3239 233 3298 cteta)
245 3239 315 3290 simul
325 3240 401 3289 turdis
415 3241 556 3290 miscueris:
574 3241 599 3288 in
617 3245 712 3289 miscue-
744 3242 830 3303 utique
852 3238 980 3303 legendnm
1006 3253 1059 3287 cass
1084 3240 1151 3285 attor
1178 3237 1243 3301 (pro,
1266 3236 1307 3284 vel

153 3305 188 3376 tit
207 3303 293 3353 ultima
313 3305 407 3370 syllaba
428 3321 471 3370 per
491 3319 606 3354 caenam
626 3305 713 3370 produ·
746 3303 857 3415 Quando)
889 3303 1046 3367 conjeceram,
1074 3309 1203 3365 antequam
1236 3308 1304 3349 notas

151 3375 225 3416 citur.

188 3431 227 3481 76.
245 3433 348 3490 Pituita,
368 3432 444 3482 trihus
465 3432 565 3498 syllabis
585 3431 713 3498 pronunci·
778 3433 886 3482 st-ss.
922 3434 955 3478 itt
965 3432 1150 3494 qutdrram,cett.
1178 3427 1305 3486 Quomodo

154 3494 254 3552 sudum,
265 3497 346 3546 utini.
358 3497 438 3562 Epist.
448 3497 465 3554 i,
480 3501 504 3553 l,
515 3513 577 3547 vera.
588 3497 634 3546 ult.
747 3496 778 3545 ad
796 3495 929 3544 molliorem
945 3495 1027 3550 sitam
1044 3509 1118 3568 quam
1134 3493 1186 3557 jam
1205 3507 1263 3558 puer
1281 3499 1306 3541 et

187 3560 230 3608 77.
248 3562 416 3617 encausta,
432 3563 463 3609 ob
481 3577 593 3626 magnam
610 3559 715 3608 lautissi-
748 3569 817 3609 aetate
842 3558 957 3607 validiora
983 3557 1102 3624 precipis,
1125 3571 1187 3605 nova
1209 3555 1254 3604 tibi
1279 3555 1306 3604 in

153 3637 247 3674 mamm
268 3626 394 3690 epularum
414 3625 517 3690 copiam,
540 3627 583 3674 nbi
604 3623 713 3680 conviva,
746 3625 828 3672 morbo
848 3623 929 3686 aliquo
947 3623 987 3670 vel
1000 3622 1027 3670 in
1047 3629 1171 3670 senectute
1192 3620 1306 3669 accedere

154 3687 213 3800 prid
230 3689 378 3753 potissimam
394 3699 481 3746 sumat,
498 3689 607 3738 dubitet:
625 3687 714 3736 locutio
745 3695 825 3762 potest
841 3685 999 3751 jucunditati
1026 3700 1083 3734 nam
1100 3684 1242 3748 jucunditas
1260 3683 1305 3732 ills

176 3752 301 3800 ersntinna
312 3755 410 3802 Phonn.
420 3753 446 3811 ii,
458 3756 483 3809 2,
494 3754 536 3800 28.
742 3767 795 3816 Jam
805 3758 922 3815 praeopta
930 3757 975 3797 est.

188 3817 228 3864 78.
249 3817 326 3873 Vitiir,
338 3817 441 3866 suaviter
451 3817 481 3866 ds
496 3815 565 3871 cibis,
576 3814 619 3880 qui
631 3820 715 3878 prater
777 3815 885 3864 stt-92.
903 3815 986 3871 Credo,
1004 3820 1032 3861 ut
1048 3824 1114 3874 puto,
1131 3814 1227 3867 scitha,
1241 3813 1305 3857 uide·

154 3879 253 3928 modum
265 3890 400 3930 sumuntur.
748 3882 810 3935 ticet,
826 3878 857 3926 de
873 3877 944 3926 rebus
959 3891 1019 3950 qum
1034 3875 1149 3925 ridemus.
1183 3876 1305 3928 Virtutum,

188 3945 229 3992 79.
247 3945 338 3994 Divina
357 3946 499 4006 particulam
521 3961 592 4000 aare,
609 3939 716 3991 coelcstis
748 3942 806 3991 vitio
825 3941 883 3989 mali
906 3940 984 3988 odons
1004 3948 1150 4004 corruptam,
1172 3936 1307 3986 rancidum.

154 4007 254 4070 originis
281 4008 396 4056 animum.
430 4008 487 4057 Jam
509 4008 664 4072 Pythagoras,
690 4013 715 4054 st
748 4008 899 4060 Omanadum,
910 4003 1076 4069 opportunius,
1086 4019 1118 4054 ne
1126 4002 1230 4057 deesset,
1257 3999 1307 4048 uod

154 4081 211 4136 post
220 4087 275 4120 eum
287 4072 370 4128 Stoici,
382 4071 505 4120 hominum
520 4073 613 4120 animos
626 4069 715 4118 divinas
747 4070 859 4118 dominus
866 4075 995 4134 apponeret
1004 4066 1094 4115 tardius
1104 4063 1241 4115 advenienti
1268 4079 1307 4113 cs·

154 4136 283 4184 mentiret
298 4137 384 4185 anima
401 4135 486 4184 mnndi
499 4135 628 4200 σπέρματα
645 4133 714 4198 quasi
745 4135 799 4246 piti,
810 4132 939 4198 precipua,
950 4131 1015 4195 qnod
1029 4130 1122 4179 rancidi
1137 4130 1257 4195 apricam
1274 4128 1305 4177 ad

153 4207 180 4248 ct
197 4198 610 4264 duosrdrpcraesscstatuebant.
645 4197 714 4260 Virg.
755 4198 858 4247 tutiores
878 4196 963 4262 epulas
982 4194 1135 4243 referebatur.
1176 4193 1306 4256 integrata,

156 4265 218 4312 AEn.
240 4263 274 4322 vi,
296 4265 353 4322 730,
376 4264 461 4328 Igneus
482 4275 515 4313 ert
533 4267 585 4312 ollis
605 4267 672 4326 uigor
692 4272 715 4310 st
746 4270 875 4317 recentem,
893 4259 999 4310 nondum
1018 4257 1149 4318 vitiatum
1173 4273 1228 4306 nam
1250 4271 1308 4321 aper

154 4329 250 4376 atera
266 4331 330 4394 origo
347 4330 483 4386 semissibus,
501 4329 543 4376 ubi
563 4329 611 4376 rid.
634 4329 714 4390 Heyn.
746 4329 796 4376 iste
845 4325 972 4390 opponitur
980 4325 1085 4372 mucida.

154 4399 181 4440 ct
191 4392 304 4442 Lambin.
313 4393 344 4442 ad
354 4393 380 4442 h.
387 4394 405 4441 l.
414 4400 440 4442 at
449 4409 503 4457 qun
514 4392 571 4442 olim
581 4391 715 4441 notanmus
813 4425 820 4445 ,
832 4392 874 4439 9³.
891 4391 939 4438 Hos
952 4391 1044 4436 retincat
1053 4391 1116 4437 inter
1126 4387 1214 4436 lictors
1225 4395 1307 4432 aarum

155 4454 181 4504 in
200 4455 285 4522 Eclog.
298 4458 365 4508 Vett-
376 4459 457 4507 Posti·
468 4457 499 4506 ad
513 4457 558 4506 Sil.
569 4457 625 4506 Ital.
637 4473 662 4505 v.
674 4457 714 4510 ⁷1,
749 4454 827 4502 Tatta·
837 4471 873 4502 rna
886 4457 963 4518 primo
980 4454 1085 4500 tulisset!
1118 4449 1217 4500 Utinam
1232 4447 1306 4496 vixis·

155 4521 250 4585 ptos.
748 4533 799 4566 sem
821 4528 892 4568 atsto
912 4518 956 4566 ilis
975 4515 1083 4565 heroica!
1124 4515 1155 4564 Id
1176 4529 1225 4562 non
1246 4512 1309 4562 scrin

709 4583 776 4630 ebt

769 3367 853 3416 sntlcii
862 3367 900 3414 ins
932 3366 971 3414 xi:
988 3366 1022 3415 ci.
1033 3381 1087 3432 sup.
1099 3365 1130 3415 sd
1139 3382 1163 3412 v.
1173 3366 1216 3412 42.
