3150 5200
250 360 315 423 296
661 344 1007 437 sermenem

337 506 526 572 Reticulum
541 504 634 589 panis
649 499 777 564 venales
794 498 877 561 inter
891 504 1009 559 onusto

337 609 437 673 Forte
452 607 551 672 vehas
566 605 712 677 humero,
727 599 828 663 nihilo
842 596 916 682 plus
932 596 1083 679 accipitre,
1099 614 1195 677 quam

337 710 406 783 Qui
420 709 466 773 nil
479 705 627 791 portarit.
674 701 739 767 Vel
753 703 818 778 dic,
834 700 912 783 quid
927 695 1047 761 referat
1062 696 1147 757 intre

273 812 316 876 50
336 811 476 875 Naturae
490 810 572 873 fines
587 806 718 880 viventi,
730 804 850 887 jugera
864 812 994 865 centum
1010 818 1050 859 an

336 911 429 975 Mille
444 913 539 975 aret?
580 906 629 971 At
643 927 741 969 suave
755 914 818 981 est,
834 924 875 965 ex
891 920 1007 983 magno
1024 896 1136 960 tollere
1151 916 1276 959 acervo.

337 1014 427 1077 Dum
441 1035 484 1077 ex
498 1032 601 1095 parvo
614 1007 710 1071 nobis
724 1004 925 1069 tantumdem
940 1000 1071 1088 haurire
1086 996 1261 1080 relinquas,

338 1114 407 1177 Cur
421 1123 478 1177 tua
491 1112 566 1196 plus
580 1110 694 1173 laudes
709 1107 847 1172 cumeris
863 1103 1012 1195 granaria
1028 1100 1169 1164 nostris?

183 1296 187 1303 ⁵
339 1214 388 1279 Ut
400 1216 460 1279 tibi
476 1216 502 1276 si
519 1215 561 1276 sit
575 1232 658 1295 opus
673 1210 788 1292 liquidi
804 1229 868 1271 non
884 1203 1021 1287 amplius
1036 1223 1130 1278 urna,

273 1317 317 1381 55
337 1316 402 1381 Vel
416 1314 545 1399 cyatho,
561 1324 595 1377 et
609 1312 713 1387 dicas,
727 1309 853 1393 Magno
868 1307 910 1371 de
924 1304 1055 1369 flumine
1069 1301 1187 1378 malim,
1325 1381 1336 1398 ι

339 1420 447 1491 Quam
461 1440 504 1479 ex
519 1415 583 1478 hoc
597 1411 764 1488 fonticulo,
781 1406 980 1473 tantumdem
996 1426 1132 1469 sumere.
1179 1402 1232 1466 Eo
1247 1401 1296 1476 fit,

338 1519 471 1584 Plenior
485 1529 521 1581 ut
537 1518 564 1578 si
579 1536 661 1598 quos
676 1512 817 1576 delectet
833 1508 927 1593 copie
937 1508 1039 1591 justo,

339 1620 424 1683 Cum
438 1620 509 1702 ripa
525 1616 619 1680 simul
633 1612 761 1678 avulsos
777 1611 860 1676 ferat
877 1608 1020 1673 Aufidus
1035 1628 1126 1671 acer:

339 1719 388 1784 At
402 1720 457 1803 qui
474 1717 590 1781 tantuli
604 1727 690 1800 eget,
707 1724 830 1798 quanto
844 1723 895 1776 est
910 1732 1004 1794 opus,
1020 1711 1047 1771 is
1063 1730 1168 1792 neque
1181 1706 1257 1771 limo

275 1823 317 1887 60
339 1822 521 1886 Turbatam
535 1819 644 1881 haurit
659 1838 787 1899 equam,
801 1836 906 1897 neque
922 1814 1018 1875 vitam
1034 1810 1152 1873 amittit
1166 1810 1199 1872 in
1213 1808 1320 1871 undis.

340 1924 388 1987 At
402 1924 489 1987 bone
503 1942 579 2006 pars
594 1919 770 1993 hominum,
788 1917 927 1999 deceptu
942 1912 1095 1995 cupidine
1110 1910 1203 1987 falso,

337 2024 398 2088 Nil
413 2025 492 2087 satis
508 2032 569 2098 est,
583 2021 706 2103 inquit;
729 2018 807 2101 quia
822 2016 914 2091 tanti,
931 2023 1088 2097 quantum
1102 2011 1237 2086 habeas,
1254 2011 1308 2074 sis.

340 2126 431 2199 Quid
447 2123 547 2188 facias
562 2121 629 2185 illil
648 2122 767 2204 jubeas
783 2120 935 2180 miserum
950 2137 1034 2191 esse,
1050 2114 1189 2178 libenter

339 2227 512 2300 Quatenus
528 2227 562 2289 id
577 2224 672 2300 iacit3
696 2233 732 2285 ut
746 2220 878 2303 quidam
894 2227 1089 2281 memoratur
1104 2213 1245 2279 Athenis

274 2328 317 2391 65
340 2327 502 2391 Sordidus
518 2348 556 2389 ac
571 2326 661 2388 dives
677 2322 789 2407 populi
805 2328 1010 2384 contemnere
1026 2339 1122 2381 voces

253 2462 347 2508 subsuta
364 2472 412 2506 non
426 2457 458 2505 ed
468 2468 535 2513 verte,
552 2458 592 2506 sed
604 2458 635 2505 ad
653 2460 733 2505 inuito
751 2455 810 2504 rele-
844 2455 930 2501 viventi
941 2460 1058 2500 mutarent
1067 2451 1091 2499 in
1103 2454 1206 2500 niventis.
1225 2448 1343 2514 Equidem
1353 2464 1404 2497 me·

256 2522 328 2571 rende
347 2530 399 2581 est;
421 2521 499 2569 etsie
518 2524 574 2569 euri
591 2524 681 2583 pondus
700 2520 812 2586 defossum
843 2518 895 2572 lim,
917 2517 956 2563 Vel
975 2518 1020 2573 dic,
1041 2519 1096 2579 quid
1112 2515 1207 2581 reserat,
1226 2518 1291 2561 intre
1306 2513 1405 2561 lt'eture

254 2589 364 2648 deponere
383 2584 437 2641 erit,
457 2583 576 2633 delossum
601 2601 722 2648 reponere,
742 2601 810 2649 sepo-
837 2583 900 2646 finer
916 2583 991 2630 uicem
1008 2599 1061 2628 nrum
1074 2584 1165 2644 jugeru
1182 2588 1273 2628 centum
1289 2594 1319 2625 un
1337 2577 1406 2626 Mille

255 2665 319 2704 nere,
339 2648 475 2704 recondere,
493 2650 532 2696 vel
550 2649 689 2712 simpliciter
707 2665 757 2712 pro,
772 2652 811 2695 de·
844 2649 910 2693 uret?
930 2645 967 2693 vel
981 2645 1029 2702 dic,
1049 2645 1107 2710 quid
1125 2643 1207 2709 prosit,
1223 2659 1281 2690 uum
1298 2649 1404 2697 centum,

248 2714 342 2778 fodere.
383 2713 507 2769 liuidum,
527 2712 704 2762 accommodate
722 2713 751 2759 ad
773 2713 810 2759 in-
844 2725 874 2757 an
894 2708 959 2757 mille
978 2709 1062 2773 jugera
1085 2719 1134 2758 aret
1153 2709 1216 2757 intre
1236 2717 1326 2754 naturus
1346 2705 1406 2754 lines

256 2776 351 2840 genium
363 2775 467 2824 hominis
479 2776 552 2824 avari.
844 2773 935 2831 virens,
948 2773 974 2820 h.
986 2790 1008 2821 e.
1020 2773 1100 2821 truens
1118 2772 1147 2820 iis
1158 2789 1212 2836 qum
1227 2781 1312 2820 natura
1323 2778 1405 2834 postu·

288 2842 328 2895 4³,
341 2841 382 2888 44.
401 2841 476 2896 Quod,
494 2840 548 2889 ideo
565 2840 610 2888 hoc
626 2840 704 2903 jurat,
715 2839 781 2903 quis,
793 2843 812 2886 st
845 2838 895 2896 lat,
912 2855 1041 2892 nun-an,
1054 2846 1081 2885 ut
1096 2837 1138 2884 inl.
1157 2839 1208 2884 Set.
1222 2835 1249 2891 ii,
1261 2837 1285 2891 5,
1297 2837 1337 2891 58,
1350 2851 1407 2883 num

174 2911 177 2914 ’
254 2907 401 2960 comminuar,
423 2913 479 2953 cett.
497 2921 582 2953 summ
603 2906 773 2960 comminuitur,
793 2903 813 2952 si
836 2901 989 2964 suriel-un
1012 2903 1091 2948 ludis?
1124 2901 1233 2949 Fortasse
1248 2901 1332 2954 uirens,
1350 2915 1406 2947 cum

255 2983 324 3015 usum
334 2984 401 3016 exeo
411 2969 573 3033 capias,atex
584 2983 641 3016 auro
651 2967 743 3016 defosso
754 2982 814 3014 usus
845 2975 898 3030 pest
915 2965 977 3013 lianc
993 2981 1075 3013 vocem
1093 2965 1222 3014 excidisset
1239 2981 1303 3018 num,
1316 2963 1345 3010 ab
1361 2962 1406 3009 ho·

255 3032 310 3097 capi
321 3033 414 3096 nequit.
446 3035 509 3086 Quid
518 3036 584 3081 habet
591 3033 684 3094 putelri
695 3041 813 3078 construe·
846 3030 909 3077 mine
932 3028 1012 3092 aliquo
1032 3029 1112 3078 latine
1133 3029 1222 3093 linguae
1242 3027 1358 3092 imperito,
1379 3036 1407 3074 ut

256 3106 293 3144 tur
310 3099 422 3145 merrus?
443 3097 565 3146 simillime
577 3095 699 3144 Theocrit.
712 3095 760 3149 xvi,
772 3097 813 3150 22,
846 3102 921 3141 metro
933 3103 1088 3150 succuneret,
1099 3101 1217 3142 mutatum
1228 3099 1264 3141 est
1275 3093 1300 3139 in
1311 3093 1406 3139 virenti.

254 3160 390 3224 Δαιμόνιοι,
409 3159 473 3209 τίδὲ
493 3161 575 3225 κέρδος
594 3159 608 3207 ὁ
626 3159 713 3223 μύριος
734 3156 815 3208 ἔνδοθι
879 3159 920 3206 52.
939 3157 1088 3205 Tantundem
1114 3159 1217 3212 haurire,
1240 3155 1330 3210 tollere,
1353 3171 1406 3219 pro-

254 3228 349 3287 χρυσὸς
360 3225 494 3288 Κείμενοςς
847 3237 919 3268 mere.

287 3289 328 3342 45,
341 3289 381 3334 46.
400 3288 618 3398 Mnmosumemi'
634 3295 690 3335 cett.
705 3285 815 3350 quamvis
880 3287 920 3333 53.
939 3285 1050 3332 Cumeris.
1084 3284 1164 3334 Schol.
1177 3285 1235 3332 Aer.
1247 3285 1407 3332 rumerumdi-

254 3358 351 3398 centum
360 3351 471 3398 millium
504 3351 579 3398 iorum
588 3351 700 3398 tmmenti
710 3357 816 3398 teruntur
847 3347 1408 3413 cimurrusingensvimineum,inquofmmentu

254 3412 503 3469 increatua,obhoc
515 3415 815 3476 tameu(obhanctumeu
848 3416 988 3460 conduntur.
1020 3411 1408 3478 Siriprenltbi(llplrt.i,7,30).

255 3476 361 3541 copiam)
371 3493 419 3524 nou
431 3478 485 3542 plus
493 3488 573 3527 venter
583 3486 645 3535 tuus,
653 3495 726 3542 quum
738 3494 814 3536 meus,
847 3477 898 3524 Siue
913 3493 1007 3524 cumerae
1022 3480 1136 3538 dicuntur
1150 3494 1203 3526 nuru
1209 3478 1310 3540 fictilia,
1321 3478 1409 3524 simitu

254 3539 347 3605 capiet:
357 3540 483 3604 frumenta
498 3557 552 3606 quae
564 3543 700 3591 terebantur
712 3543 736 3589 in
748 3558 812 3598 area,
846 3542 922 3597 datin,
945 3542 986 3587 ubi
1001 3541 1152 3606 frumentum
1179 3557 1245 3588 suum
1270 3543 1407 3602 reponebant

254 3603 280 3650 h.
293 3619 315 3652 e.
328 3605 353 3651 in
369 3620 426 3666 agro
442 3607 484 3653 ubi
498 3605 650 3654 adterendae
664 3607 744 3670 fruges
759 3621 815 3655 area
846 3606 961 3666 agricole.
1007 3604 1084 3654 Tertio
1104 3623 1198 3654 cumeroe
1218 3607 1330 3652 dicuntur
1354 3621 1409 3652 uuru

254 3666 319 3715 iacta
336 3675 382 3723 est,
400 3668 432 3717 cl.
448 3685 476 3717 su
495 3703 502 3716 .
518 3670 548 3718 ad
567 3670 616 3718 Od.
634 3671 651 3727 i,
670 3673 692 3727 l,
711 3673 749 3726 10,
763 3671 813 3734 jam
846 3672 1005 3731 niueumque
1022 3673 1118 3730 eupiunt
1134 3673 1233 3732 quinque
1250 3671 1295 3716 siue
1310 3685 1345 3714 res
1361 3685 1408 3715 mo-

254 3733 304 3791 ipru
320 3749 375 3780 urea
387 3742 459 3780 terere
470 3687 575 3782 dicitur:
593 3735 685 3783 Tibull.
700 3736 718 3789 i,
730 3738 754 3789 5,
771 3737 813 3790 22,
847 3733 904 3788 dius,
919 3749 967 3795 qun
985 3733 1068 3796 lingua
1087 3734 1225 3781 Sabinorum
1242 3734 1354 3781 trimodiu
1371 3735 1409 3779 di·

254 3797 317 3842 Areu
327 3799 382 3844 dum
394 3813 470 3845 merser
486 3800 530 3845 sole
545 3800 633 3846 rutente
647 3809 720 3856 teret,
745 3798 816 3862 l'irg.
848 3806 943 3844 cuntur.
978 3797 1096 3844 Οταηαήιι
1107 3797 1161 3856 (ubi
1172 3811 1246 3861 grana
1254 3796 1348 3859 frugum
1359 3812 1409 3844 ser-

256 3857 318 3908 Geo·
336 3859 353 3918 l,
374 3861 429 3916 l9‘2,
454 3863 611 3924 Nequiequum
631 3868 728 3925 pingues
748 3865 817 3924 puleu
848 3860 958 3923 vantur),
977 3875 1028 3916 nos,
1047 3861 1237 3916 Finem-Bedese,
1252 3859 1409 3908 frecht-Mu-

256 3931 378 3972 tet-eterra
393 3926 485 3974 culmos.
522 3926 569 3974 Hoc
581 3942 631 3989 pro,
643 3928 674 3974 ob
685 3927 739 3983 hoc,
752 3925 815 3982 ideo,
847 3927 937 3986 garine.

254 3988 343 4099 gussini
369 3987 434 4053 apud
453 3990 585 4039 Nostrum:
620 3991 671 4038 Sat.
689 3989 706 4046 i,
724 3992 750 4046 2,
769 3992 816 4048 813
882 3990 922 4036 54.
940 3989 1037 4052 Liquidi
1055 3987 1176 4054 (liquoris,
1193 3988 1277 4053 aquae)
1296 4004 1367 4043 sarno,
1383 3997 1412 4037 ut

273 4059 336 4108 etr,
348 4053 373 4108 ³,
389 4053 505 4112 9³38u„
517 4055 534 4112 i,
551 4057 574 4111 4,
592 4056 626 4115 9;
644 4055 669 4110 6,
688 4056 716 4101 ll
738 4063 763 4103 et
784 4056 816 4103 52
849 4051 892 4099 inf.
913 4055 963 4100 Sat.
980 4053 997 4110 i,
1015 4056 1039 4110 5,
1057 4055 1099 4108 91,
1118 4071 1189 4109 urna,
1206 4069 1248 4100 vas
1267 4051 1408 4116 aquarium:

255 4121 280 4163 et
290 4115 340 4174 ⁸73
356 4117 381 4173 9,
394 4118 417 4164 8.
850 4131 900 4170 nos.
912 4117 1092 4178 ll'arrrr-Krug,
1108 4117 1300 4166 qusrer-Eimen

287 4179 328 4251 47,
345 4179 488 4237 Reticulum,
507 4183 612 4231 mantice
631 4180 680 4228 sive
701 4197 766 4247 pern,
785 4197 816 4230 ex
880 4182 923 4228 55.
936 4181 1031 4244 Cyntho,
1041 4181 1087 4228 'nm
1097 4181 1127 4230 de
1137 4197 1191 4230 vase
1202 4181 1301 4245 aquario
1310 4179 1409 4234 minore,

255 4251 298 4290 retr
309 4251 429 4292 contexte.
848 4259 900 4301 nos,
919 4245 1012 4299 Becher,
1025 4198 1096 4294 rim.-
1118 4246 1139 4293 si
1155 4255 1247 4310 spectes
1265 4259 1409 4300 mensurum,

287 4307 328 4354 50.
348 4307 447 4357 Viventi.
481 4308 625 4366 viximus,
652 4318 702 4365 uto,
715 4308 815 4358 idoneus
848 4326 909 4355 urnu
927 4308 1064 4358 continebat
1079 4317 1180 4374 quatuor
1197 4308 1304 4372 congios,
1315 4311 1410 4372 carrigine

253 4385 283 4443 err
305 4369 418 4482 scirnipmore
441 4371 533 4434 aliquo,
555 4373 599 4447 qui
650 4373 718 4421 oratii
745 4383 815 4422 etate
848 4387 889 4420 sex
900 4373 1023 4430 sextarios,
1036 4374 1153 4422 senterius
1164 4372 1289 4422 duodecim
1300 4375 1402 4435 cynthus.

255 4433 323 4504 Ινιιῐὶῑ,
368 4437 412 4507 erri
441 4435 815 4506 oterit,ubrimpenonelirgfert
880 4439 985 4486 56-58.
1005 4437 1034 4484 Er
1058 4439 1107 4495 lue,
1126 4449 1182 4486 ente
1201 4435 1273 4502 pedes
1288 4444 1409 4485 manente.

253 4506 352 4558 junctus
369 4507 400 4545 sit
447 4508 518 4547 tirus.
553 4501 657 4548 Fuerunt
675 4501 756 4563 igitur,
773 4503 815 4566 qui
852 4500 1410 4566 Eufir,cett.seusus:hincfit,utii,quipsrvo
