3150 5200
280 309 345 372 304
690 316 1011 384 SATIRARUM

366 463 474 535 Quam
491 467 568 529 satis
584 477 646 542 est,
663 469 782 552 pugnis
796 491 900 534 cresus
915 469 1067 552 ferroque
1082 471 1217 554 petitus,

366 565 532 630 Exelusus
547 566 627 643 fore,
644 576 744 650 q'uiim
761 569 977 654 Longarenus
993 570 1078 634 foret
1091 573 1191 636 intus.

366 667 456 731 Huic
473 669 499 730 si
515 670 655 732 mutonis
671 671 779 734 verbis
795 671 879 734 mala
893 682 985 735 tanta
999 672 1139 735 videntis

367 769 503 834 Diceret
517 770 588 834 haec
604 773 749 834 animus:
775 772 867 844 Quid
883 774 931 835 vis
946 773 1028 836 tibi?
1051 773 1207 856 numquid
1221 795 1283 857 ego
1299 796 1319 836 a
1334 786 1366 838 te

300 870 343 932 70
366 871 491 956 Magno
506 882 701 956 prognatum
717 873 861 957 deposco
877 873 1010 937 consule
1022 896 1176 950 cunnum,

366 973 583 1058 Velatumque
600 975 692 1052 stola,
709 998 780 1039 meu
795 998 895 1059 quum
909 973 1095 1039 conferbuit
1110 976 1181 1038 iru't

365 1076 456 1148 Quid
471 1078 706 1161 responderet?
753 1077 878 1160 Magno
893 1088 986 1159 patre
1001 1086 1078 1138 nats
1092 1075 1201 1158 puella
1215 1087 1275 1140 est.

364 1176 411 1240 At
426 1189 548 1261 quanto
563 1178 695 1242 meliors
707 1190 817 1243 monet
831 1179 1073 1262 pugnantiaque
1089 1179 1160 1241 istis

365 1278 467 1343 Dives
483 1282 555 1363 opis
570 1290 687 1344 natura
702 1303 780 1356 suae,
798 1281 825 1342 si
841 1293 877 1342 tu
892 1280 989 1343 modo
1004 1290 1093 1344 recte

300 1379 342 1441 75
364 1378 566 1463 Dispensare
581 1382 671 1458 velie,
688 1404 727 1445 ac
742 1405 806 1445 non
820 1381 976 1466 fugienda
992 1381 1142 1465 petendis

363 1480 564 1545 Immiscere!
589 1482 665 1546 Tuo
682 1484 759 1547 vitio
774 1505 924 1546 rerumne
938 1482 1078 1559 labores,

364 1581 423 1646 Nil
437 1583 559 1648 referre
575 1587 692 1667 putas?
716 1606 827 1667 quare,
845 1606 885 1647 ne
901 1587 1059 1666 poeniteat
1072 1597 1115 1659 te,

364 1683 489 1748 Desine
504 1695 668 1749 matronas
685 1685 850 1761 sectarier,
867 1685 954 1748 unde
969 1685 1089 1748 laboris

365 1784 443 1848 Plus
458 1785 590 1850 haurire
604 1787 679 1850 mali
695 1799 756 1862 est,
773 1808 869 1869 quam
884 1809 977 1850 exre
992 1785 1168 1871 decerpere
1181 1787 1317 1851 fructus

299 1886 342 1948 80
365 1886 439 1952 Nec
453 1889 555 1972 magis
569 1887 657 1963 huic,
674 1888 784 1952 niveos
800 1889 885 1950 inter
900 1889 1083 1970 viridesque
1097 1887 1224 1970 lapillos

365 1987 416 2051 Sit
428 1989 516 2065 licet,
531 1989 605 2065 hoc,
621 1987 788 2064 Cerinthe,
806 2000 862 2052 tuo
878 1998 1025 2052 tenerum
1039 1999 1090 2053 est
1105 1989 1210 2053 femur
1224 2000 1281 2052 siit
1297 2013 1371 2054 crus

363 2087 512 2166 RectiuS,
529 2101 626 2174 atque
641 2091 739 2154 etiam
753 2090 867 2153 melius
881 2113 1028 2174 persaepe
1044 2100 1163 2174 togatae
1177 2102 1237 2154 est.

363 2190 463 2254 Adde
478 2191 553 2270 huc,
569 2192 657 2275 quod
673 2213 813 2255 mercem
827 2192 896 2255 sine
911 2191 994 2255 fucis
1009 2201 1126 2276 gestat,
1143 2203 1266 2275 aperte,

364 2293 464 2365 Quod
481 2295 592 2358 venale
607 2293 717 2370 habet,
733 2293 887 2368 ostendit,
903 2316 974 2369 nec,
990 2295 1028 2369 si,
1044 2293 1124 2375 quid
1138 2292 1268 2356 honesti
1282 2305 1344 2370 est,

277 2425 350 2473 liliam
375 2426 486 2473 Faustam
511 2426 590 2474 uxoris
611 2427 663 2476 loco
685 2427 788 2475 habebat
809 2426 835 2474 iu
867 2426 936 2490 petis,
949 2427 1069 2483 unrebus,
1082 2442 1142 2490 quus
1157 2426 1423 2475 tibioblauseoiium-

276 2489 400 2544 adulterio,
414 2491 451 2536 iel
469 2489 542 2538 videri
555 2491 637 2546 voluit,
651 2492 687 2539 rel
702 2492 784 2556 jocose
801 2491 834 2539 itu
867 2491 913 2545 uis,
926 2491 1000 2555 culpa
1014 2490 1140 2539 tribuenda
1152 2491 1199 2538 sitl
1219 2491 1289 2548 Vitio,
1303 2491 1385 2556 culpa,
1398 2497 1426 2539 ut

276 2553 411 2627 appellatus
421 2563 466 2601 est.
501 2553 569 2603 Idem
585 2563 664 2603 tumen
680 2555 725 2605 hoc
741 2555 835 2604 nomios
867 2554 963 2620 possim.

276 2632 357 2679 generi
365 2617 448 2672 Sullae,
458 2618 495 2665 vel
507 2618 550 2666 liae
563 2619 670 2682 gloriola,
683 2636 709 2667 se
717 2620 834 2684 quodam·
899 2622 940 2667 78.
960 2620 1035 2675 Unde,
1047 2635 1062 2667 s
1072 2619 1170 2683 quibus.

275 2681 632 2794 pplpdpspenlpipppcpliglplesse,
643 2684 831 2795 priserpmdecep
866 2748 881 2795 d
896 2685 938 2796 t79.
956 2684 1007 2739 Est,
1016 2683 1080 2740 licet,
1089 2684 1173 2732 datur:
1191 2701 1216 2731 es
1227 2701 1261 2741 re,
1271 2684 1343 2748 cujus
1354 2684 1425 2749 copis

275 2808 308 2857 let
322 2780 419 2857 doiiium
434 2810 453 2857 F
455 2820 538 2866 austoe,
552 2762 833 2875 ciiiiiinoadierslealiui
882 2764 1003 2860 877ὸὶ82.
1020 2812 1069 2859 Neo
1084 2815 1367 2885 πιαςιί1ιιιίε,.οεεξῑ.ιιοοΙ
1385 2819 1423 2858 tu-

274 2873 375 2948 udulter,
405 2876 566 2939 Longarenus,
594 2876 684 2924 loribus
710 2876 832 2933 exclusus,
865 2875 1150 2949 men(hitiolmsnone,
1163 2876 1423 2949 licetnireu(upioni-

274 2953 360 3002 pugnis
378 2954 462 3012 cresus,
483 2938 588 3003 ferroque
609 2940 697 3005 petitus
716 2950 760 2989 est.
803 2941 833 2988 ln
865 2940 926 3001 biis)
937 2948 962 2987 et
977 2939 1092 2987 viridibus
1109 2940 1267 3004 (smaragdis)
1279 2938 1368 3003 lapillis
1378 2955 1423 2987 ex-

275 3002 372 3060 Fausto,
392 3019 417 3050 iii
435 3003 542 3051 libidinis
560 3004 637 3053 lructu
660 3021 714 3053 cuni
734 3006 832 3052 Fausta.
866 3003 1037 3067 pleudesceuti,
1049 3006 1121 3067 (loc)
1132 3006 1163 3052 ob
1178 3004 1233 3060 hoc,
1246 3004 1277 3076 ⁰¹?
1287 3003 1338 3051 haee
1351 3018 1422 3051 orua-

277 3066 351 3130 Usqoe
366 3084 476 3131 superque
489 3068 563 3121 Quom
575 3072 631 3117 sutis
644 3080 684 3126 est,
698 3084 775 3133 usque
790 3084 828 3124 eo,
863 3076 952 3124 ments,
972 3067 1047 3115 lemur
1064 3077 1109 3123 est,
1128 3069 1191 3131 quod
1211 3082 1288 3140 iringis
1305 3075 1422 3122 teueniiu,

272 3130 347 3181 donec
358 3132 415 3180 satis
431 3146 547 3196 superque
562 3140 605 3181 est.
639 3134 706 3188 Fore,
724 3149 765 3198 pro
776 3133 829 3181 vul·
862 3140 904 3179 eut
917 3130 1057 3195 crus,quod
1073 3132 1150 3195 magis
1162 3141 1254 3180 rectum
1268 3139 1299 3177 sit
1309 3139 1360 3185 tuo,
1373 3131 1422 3179 Ce-

272 3195 371 3257 gaiiore,
386 3196 494 3262 j'orilm:
519 3198 635 3260 exempla,
659 3197 700 3245 ubi
726 3196 782 3253 l'ori's
805 3196 830 3244 iu
862 3196 953 3255 riutlie3
966 3195 1422 3258 (utqueen'om)‚iromotogote(liber-

272 3259 386 3323 singulari
396 3260 500 3324 ponitur,
512 3259 567 3307 vide
580 3262 604 3307 iii
617 3251 724 3308 Leiiicis.¹
862 3258 933 3322 unu)
950 3274 1055 3325 persepe
1073 3267 1110 3307 est
1126 3259 1222 3308 melius.
1254 3260 1312 3315 Hoc,
1327 3274 1377 3323 pro,
1389 3260 1421 3307 ob

304 3324 345 3371 68.
358 3324 455 3378 Huicn',
466 3332 522 3370 cett.
528 3324 734 3387 jungein'liin'c(
740 3323 829 3387 Villio)
863 3321 923 3371 hoc:
941 3322 973 3370 ef.
985 3323 1016 3371 ad
1031 3326 1081 3371 Set.
1094 3323 1111 3380 i,
1125 3325 1147 3379 l,
1160 3324 1201 3372 46.
1230 3323 1348 3370 Cerintho.
1378 3324 1420 3370 Ce-

181 3388 185 3397 '
270 3390 361 3433 animur
378 3387 461 3449 (sortis
477 3400 550 3448 quani
568 3394 678 3450 expertus
694 3388 734 3445 sit,
750 3389 830 3436 consi-
862 3389 1006 3442 riruhmffix
1021 3387 1118 3435 Tibullo
1134 3401 1230 3451 quoque
1245 3394 1324 3442 notus,
1340 3386 1421 3435 lorino

270 3447 392 3511 demntia)
401 3452 499 3497 mutonis
507 3458 574 3497 tanto
583 3452 644 3498 molo
652 3453 750 3498 videntis
758 3455 831 3500 sertis
862 3450 1041 3515 pulchritudine
1053 3459 1103 3499 tum
1115 3451 1227 3516 temporis
1237 3450 1340 3513 insignis
1350 3451 1405 3498 luit.

270 3514 355 3560 diceret
385 3514 439 3568 laec,
468 3526 509 3576 pro
531 3513 633 3577 vulgari,
655 3513 740 3578 quodsi
764 3524 830 3565 muto
895 3516 936 3564 83.
956 3516 1064 3571 Meroen,
1083 3514 1214 3563 venustatis
1231 3513 1367 3562 lenocinia:
1388 3514 1422 3562 cf.

270 3584 389 3623 tantorum
412 3575 528 3623 maloi-uni
551 3577 618 3625 testis
639 3578 703 3626 liunc
726 3578 830 3628 Villium
862 3578 928 3627 adii.
941 3580 981 3625 47.
1014 3579 1149 3643 Si'nesuei's,
1162 3578 1215 3627 siue
1229 3577 1332 3626 externis
1348 3593 1420 3626 orus·

269 3639 430 3702 alloqueretur
439 3639 476 3686 his
487 3639 563 3688 verbis
575 3659 580 3687 :
600 3643 672 3699 Quid,
685 3649 741 3690 cett.
860 3642 956 3699 meotis,
968 3640 1056 3706 quibus
1065 3642 1150 3691 oculos
1160 3643 1192 3690 ud
1200 3658 1227 3691 se
1236 3641 1357 3690 advertere
1368 3650 1420 3690 stu·

302 3704 342 3751 70.
365 3704 454 3767 Magno
472 3706 571 3761 conside,
594 3715 622 3754 ut
644 3722 668 3753 v.
688 3708 719 3753 72
742 3706 830 3771 Magno
861 3706 1051 3755 dentmstronae.

267 3778 343 3828 putre,
362 3766 445 3815 Sulla:
471 3783 501 3815 ex
521 3767 566 3817 hoc
585 3785 663 3823 versu,
683 3770 784 3819 Villium
801 3774 827 3817 iii
892 3772 933 3827 84,
954 3772 995 3817 65.
1021 3772 1113 3827 Venule,
1137 3777 1193 3835 apte
1215 3769 1342 3835 respondet
1366 3768 1421 3817 voci

268 3831 357 3879 Fausto
367 3831 439 3880 luisse
452 3831 593 3887 adulterum,
606 3834 710 3883 dilucide
721 3842 826 3899 apparet.
859 3850 928 3881 nim.
962 3834 1020 3890 Nec,
1042 3836 1062 3881 si
1083 3836 1140 3897 qnid
1161 3836 1248 3881 lioiiesti
1268 3844 1309 3887 est.
1327 3833 1419 3889 doctor,

301 3896 342 3943 71.
360 3895 410 3952 lro,
421 3896 492 3950 lutor,
505 3896 577 3962 ὀργή.
855 3905 914 3945 cett.
937 3897 1038 3945 Nullum
1049 3897 1204 3963 interpretum
1215 3897 1241 3944 iii
1249 3898 1295 3945 lioc
1305 3897 1360 3945 loco
1368 3896 1419 3944 bs.»-

300 3960 340 4007 72.
358 3960 450 4017 Puella,
464 3961 561 4018 Fausta,
574 3977 634 4009 uiior
645 3960 759 4009 Milonis:
777 3976 822 4021 pu-
856 3961 924 4018 sisse,
935 3960 1007 4010 valde
1019 3960 1103 4009 miror:
1121 3961 1264 4026 porticulum
1276 3978 1325 4015 nec,
1339 3959 1419 4016 unice,

266 4026 312 4071 ello
323 4032 346 4071 et
357 4027 422 4088 virgo
432 4024 519 4088 possim
528 4024 558 4074 de
570 4026 696 4074 uxoribus:
708 4023 758 4073 vid.
770 4039 825 4088 sup.
857 4033 885 4072 ut
901 4040 938 4074 res
956 4025 1054 4081 clamet,
1072 4025 1103 4073 ad
1120 4029 1202 4088 querit
1216 4023 1371 4079 referendam,
1387 4024 1418 4072 ad

266 4088 296 4137 ad
309 4087 358 4136 Od.
369 4087 405 4143 iii,
420 4090 459 4143 14,
474 4090 512 4137 10.
857 4105 932 4136 unuin
944 4104 1027 4137 omnes
1037 4088 1151 4152 edjoetot
1162 4098 1187 4137 et
1196 4090 1272 4150 polam
1281 4090 1347 4136 tabet
1357 4087 1419 4137 rele-

298 4152 339 4199 74.
357 4152 427 4201 Dives
443 4155 491 4213 opis
509 4162 596 4200 notura
613 4170 673 4201 suo:
694 4160 718 4199 at
734 4161 825 4217 quanto
857 4162 920 4209 runt,
932 4152 1081 4216 eundemque
1090 4154 1233 4217 peniculum
1244 4152 1274 4200 sd
1286 4155 1369 4215 querit
1379 4166 1417 4199 re·

265 4216 363 4265 meliors
381 4225 405 4265 et
421 4215 473 4264 istis
492 4216 610 4264 contraria
629 4214 714 4264 suadet
732 4224 824 4273 natura,
856 4218 983 4281 petendam
994 4217 1032 4264 vel
1042 4217 1198 4290 supplendam
1210 4232 1263 4265 esse
1274 4223 1374 4281 putant:
1393 4225 1420 4263 st

265 4296 327 4345 que,
340 4294 401 4355 ques
413 4279 491 4337 habet,
504 4296 561 4345 opes
571 4286 596 4328 et
607 4280 716 4344 presidia
727 4280 823 4343 largiter
854 4282 890 4354 sic¹
913 4280 1068 4355 seususeiiit
1090 4281 1271 4346 ineptissimus;
1298 4280 1419 4342 quomodo

264 4346 409 4457 suildidlliito.
422 4412 486 4463 vitto,
499 4415 555 4457 cett.
573 4424 631 4455 num
647 4424 730 4472 parum
749 4408 821 4457 iuter·
853 4345 1061 4470 iililehiiitreiidii,
1074 4345 1214 4474 ‹ppppppgl
1228 4342 1418 4456 lididilsiuiiiabdetl

245 4487 314 4519 ¹mise
332 4482 411 4535 putes,
429 4483 508 4521 utrum
522 4472 566 4519 tibi
581 4471 635 4537 ipsi,
648 4472 690 4535 qui
707 4471 822 4534 fugienda
855 4473 980 4538 pulchrum
996 4481 1041 4529 est,
1054 4490 1098 4519 mm
1107 4476 1212 4534 jactare,
1224 4488 1272 4521 non
1282 4474 1361 4533 polum
1373 4472 1416 4516 liii-
