3150 5200
283 312 348 378 408
695 306 1017 374 SATIRARUM

370 462 471 536 Quod
485 464 617 529 nimium
632 464 795 527 institerat
808 463 937 526 viventi.
983 462 1109 525 Cautus
1124 462 1234 527 adito:

370 565 449 630 Neu
464 567 552 630 desis
568 588 687 651 operae,
704 587 784 630 neve
799 564 1029 628 immoderatus
1044 563 1204 628 abundes.

303 668 346 731 90
368 668 543 733 Difficilem
558 679 592 731 et
606 689 768 731 morosum
782 665 930 730 offendes
943 664 1105 749 garrulus.
1150 664 1248 729 Ultro

368 768 447 833 Non
462 772 559 834 etiarn
575 769 680 833 sileas.
726 768 842 832 Davus
858 767 902 830 sis
917 768 1070 843 comicus,
1086 778 1185 850 atque

368 870 443 935 Stes
459 873 564 957 capite
580 872 722 956 obstipo,
737 870 873 935 multum
887 868 997 932 similis
1013 869 1180 931 metuenti.

367 972 539 1058 Obsequio
553 994 719 1057 grassare:
743 994 849 1047 mone,
866 972 894 1032 si
907 970 1068 1033 increbuit
1082 990 1173 1045 aura,

368 1074 492 1141 Cautus
508 1077 556 1139 uti
571 1075 655 1139 velet
670 1096 780 1139 carum
794 1082 910 1157 caput:
934 1070 1071 1135 extrahe
1086 1070 1183 1133 turba

302 1175 346 1239 95
367 1175 541 1261 Oppositis
556 1176 716 1242 humeris:
740 1196 852 1239 aurem
867 1172 1052 1255 substringe
1065 1170 1204 1253 loquaci.

365 1277 575 1363 Importunas
591 1286 676 1341 amat
688 1276 838 1340 laudarit
862 1275 978 1349 donec,
994 1272 1071 1337 Ohe
1081 1274 1168 1356 jam!

365 1376 421 1443 Ad
440 1381 556 1446 coelum
571 1380 719 1443 manibus
734 1377 883 1453 sublatis,
898 1376 1029 1451 dixerit,
1046 1396 1139 1458 urge,
1154 1383 1189 1437 et

365 1479 573 1546 Crescentem
588 1481 720 1545 tumidis
735 1478 813 1543 infla
826 1478 1028 1542 sermonibus
1043 1486 1160 1541 utrem.

366 1582 478 1655 Quum
493 1594 526 1647 te
541 1582 672 1648 servitio
685 1580 783 1665 longo
799 1601 941 1662 curaque
955 1578 1081 1654 levarit,

282 1682 343 1747 100
365 1682 413 1748 Et
426 1693 550 1748 certum
564 1682 712 1767 vigilans,
729 1681 867 1753 Quartae
881 1690 954 1744 esto
967 1679 1070 1763 partis
1086 1678 1236 1762 Ulysses,

364 1784 532 1861 Audieris,
547 1783 671 1848 haeres:
695 1804 774 1866 ergo
789 1804 876 1846 nunc
891 1781 999 1845 Dama
1013 1780 1134 1845 sodalis

363 1886 537 1970 Nusquam
551 1888 623 1949 esti
647 1885 733 1948 unde
748 1883 827 1948 mihi
842 1894 907 1947 tam
922 1882 1050 1959 fortem,
1064 1894 1195 1965 tamque
1208 1881 1362 1947 fidelem?

364 1989 490 2072 Sparge
507 1986 662 2051 subinde:
686 1996 731 2063 et,
747 1986 775 2049 si
790 1984 923 2069 paulum
937 1995 1031 2070 potes
1047 1982 1247 2048 illacrimare.
1294 1983 1359 2048 Est

369 2088 502 2153 Gaudia
517 2088 710 2172 prodentem
724 2086 849 2151 vultum
865 2085 981 2150 celare.
1028 2085 1233 2171 Sepulcrum,

306 2294 347 2342 04.
365 2292 477 2355 improba,
488 2308 537 2341 non
551 2292 582 2341 sd
592 2292 677 2343 vetula
694 2305 778 2349 mores.
791 2290 833 2340 scd
864 2306 930 2340 more
946 2305 1040 2338 sursum
1056 2287 1156 2345 trahem,
1175 2288 1201 2338 1ι.
1214 2304 1238 2338 e.
1255 2286 1366 2352 arrigere,
1378 2291 1426 2346 sel,

275 2355 306 2405 ad
320 2356 432 2405 festivum
448 2357 501 2421 ejus
513 2356 645 2420 ingenium,
656 2358 705 2406 sive
719 2356 749 2405 ad
765 2370 832 2404 man·
864 2354 929 2418 quod
948 2369 1003 2419 sup.
1026 2352 1075 2403 od.
1097 2353 1124 2409 ii,
1148 2356 1187 2409 19,
1210 2357 1234 2409 4,
1252 2352 1340 2403 dicitur
1358 2372 1428 2404 suras

273 2419 363 2476 datum,
374 2420 497 2484 ingeniose
511 2419 536 2468 in
553 2429 694 2471 testamento
708 2422 740 2469 ab
751 2435 779 2469 es
790 2436 831 2469 es·
864 2435 960 2466 acuere:
977 2433 1029 2473 nos,
1040 2420 1078 2465 die
1089 2418 1167 2466 olm
1177 2420 1272 2479 spitm.

272 2483 412 2546 cogitatum,
424 2484 592 2544 referendum
608 2484 671 2551 apud
683 2500 726 2534 nos
736 2499 832 2549 quoque
894 2484 1001 2531 96-90.
1016 2484 1122 2531 Sensus:
1151 2481 1181 2537 si,
1202 2490 1230 2529 ut
1246 2480 1319 2530 bomo
1336 2481 1425 2547 impas-

272 2561 321 2593 ncn
332 2562 404 2595 sensu
415 2547 655 2614 proprio,sedj0cose
663 2564 833 2614 nonnunquam
863 2554 937 2595 tunus
955 2547 1082 2612 (molestus
1095 2544 1160 2595 euim
1177 2555 1202 2594 et
1217 2545 1312 2611 ineptus
1328 2554 1367 2595 est
1382 2547 1426 2612 qui

273 2610 362 2674 aliquis
373 2619 477 2668 vocatur,
487 2614 579 2675 gottlcs.
862 2627 968 2722 presens
977 2610 1060 2660 laudes
1067 2609 1211 2660 sumendus
1217 2610 1309 2675 cupis),
1317 2626 1332 2659 a
1339 2620 1363 2660 te
1371 2612 1424 2660 lsu-

305 2675 345 2731 87,
362 2675 454 2724 Scilicet
464 2678 484 2723 si
492 2685 610 2737 possemus
619 2677 712 2726 scilicet
721 2675 830 2733 consilio,
880 2675 914 2723 asi
932 2685 993 2732 avet,
1006 2676 1104 2726 cumula
1120 2683 1145 2724 et
1162 2675 1235 2723 obrue
1249 2691 1306 2723 eum
1321 2684 1370 2724 tum
1381 2675 1424 2725 diu

272 2755 328 2787 num
341 2737 399 2787 lone
411 2747 498 2803 posset.
862 2738 982 2795 laudibus,
993 2738 1078 2796 donec,
1090 2738 1191 2788 sublatis
1201 2738 1227 2786 in
1243 2739 1335 2788 coelum
1346 2741 1423 2788 msul-

270 2845 271 2848 ,
304 2804 344 2850 90.
370 2803 459 2851 Cautus
479 2805 551 2860 adito,
574 2802 637 2852 idem
657 2803 720 2868 quud
744 2821 768 2853 v.
789 2806 830 2860 48,
861 2804 916 2862 bus,
934 2805 981 2852 Olse
990 2808 1044 2868 jaas
1058 2801 1282 2859 sansucdixerisz
1299 2808 1423 2854 nanum

272 2869 354 2916 leniter
366 2869 457 2928 adrepe.
860 2869 941 2916 culum
958 2870 1037 2917 sollers
1054 2867 1167 2924 solemus,
1187 2883 1242 2916 cum
1256 2865 1359 2930 insignis
1377 2867 1422 2916 sli-

302 2933 343 2979 89.
376 2931 439 2980 chs
471 2933 631 2979 immoderatus
656 2933 766 2986 abundes,
794 2947 829 2981 sc.
861 2931 933 2996 cujus
942 2932 977 2980 rei
988 2931 1143 2981 admiratione
1154 2931 1313 2994 percellimur.
1347 2931 1425 2982 Diras

268 3011 283 3043 ο
313 3011 347 3051 rs,
364 3011 423 3045 neve
439 2995 472 3043 sis
488 2995 513 3044 in
530 2995 575 3043 hac
592 3010 662 3060 opera
678 2993 776 3051 nimius,
788 2995 829 3058 (ut
861 3009 934 3044 senes
944 2995 986 3059 qui
997 2995 1126 3051 inducitur,
1141 2995 1259 3059 quamvis,
1271 2993 1329 3043 dum
1339 2995 1424 3045 laudus

268 3058 285 3107 il
296 3075 317 3115 s,
328 3058 369 3124 qui
379 3059 467 3109 viventi
476 3059 562 3109 vetulas
571 3057 671 3106 nimium
682 3057 826 3123 institerat):
860 3073 917 3108 suas
934 3059 1008 3118 audit,
1020 3059 1134 3108 virtutum
1151 3074 1247 3106 suarum
1265 3057 1423 3118 minuatione

268 3139 321 3179 nos,
333 3127 386 3172 aber
397 3125 524 3172 illertrdbe
534 3140 555 3172 es
566 3124 638 3172 nicht.
860 3121 893 3172 ita
903 3123 1049 3188 percellitur,
1060 3132 1088 3171 ut
1096 3138 1182 3171 manus
1192 3123 1224 3170 sd
1233 3122 1325 3172 coelum
1343 3124 1422 3182 tollat,

299 3189 341 3236 90.
358 3188 493 3252 Dsffcllm,
506 3186 664 3234 fastidiosum.
858 3195 938 3236 tamen
949 3187 1104 3244 laudatorem,
1113 3195 1228 3251 tanquam
1236 3185 1262 3235 in
1273 3187 1423 3238 celebrandis

298 3252 340 3300 91.
361 3252 429 3300 Ultro
449 3251 500 3298 Non
520 3255 589 3298 etiam
605 3253 680 3307 sileas,
693 3265 737 3300 nec
747 3259 827 3300 tamen
858 3250 934 3315 ipsius
945 3251 1057 3300 laudibus
1068 3250 1176 3308 nimium,
1188 3259 1266 3300 tacere
1277 3255 1341 3313 (uon
1390 3252 1422 3311 ’0,

266 3312 337 3362 sileas
348 3314 405 3363 data
413 3329 492 3379 opera,
502 3315 551 3364 sive
562 3315 680 3363 consulto.
716 3316 826 3375 Comicus,
859 3314 902 3363 sed
912 3316 1063 3374 simulanter)
1073 3315 1151 3389 jubet.
1184 3314 1369 3378 Euegregieud
1410 3343 1423 3356 ·

266 3376 291 3424 in
303 3377 420 3426 comoedia
430 3378 592 3428 adumbratus.
860 3379 952 3428 brutam
962 3379 1080 3444 ejusmodr
1091 3378 1147 3428 vani
1158 3379 1261 3427 hominis
1275 3378 1421 3442 imaginem!

297 3442 339 3488 92.
358 3442 438 3504 Capite
449 3444 541 3502 obstipo,
554 3441 585 3490 ad
596 3451 682 3492 tanam
692 3442 823 3502 inclinem
858 3443 974 3506 Olsejam!
990 3451 1018 3492 ut
1027 3460 1081 3509 sup.
1092 3445 1142 3492 Sat.
1152 3442 1169 3500 i,
1181 3443 1207 3499 6,
1218 3444 1255 3500 12,
1266 3444 1374 3506 Olejcm
1382 3462 1422 3492 ss·

239 3541 241 3546 ’
263 3509 526 3619 311111111ιοῗῖ
528 3506 824 3637 {lllltttllltsstz
856 3506 1422 3637 {52“²ltttttsstllfftttttltl’

264 3632 346 3680 tantis.
380 3633 484 3682 Mullum
503 3640 622 3692 murensi.
641 3637 740 3684 multam
760 3650 825 3684 vere-
858 3635 916 3683 tusis
937 3635 1047 3685 sudibus.
1065 3633 1421 3700 lepidelsudstor,quissnss

263 3695 377 3744 cundiam
395 3712 443 3771 proe
460 3713 486 3746 se
503 3699 601 3748 serenti:
619 3711 719 3748 metzare
727 3698 823 3812 &sessim
856 3697 941 3748 laudes
957 3700 1046 3765 spargit
1055 3700 1093 3748 vel
1111 3699 1194 3755 adflat,
1205 3713 1262 3747 cum
1273 3708 1353 3756 vento,
1364 3700 1419 3749 lau-

263 3774 314 3823 pro,
330 3775 412 3817 vasen,
430 3762 548 3828 precipua
565 3763 595 3811 de
612 3762 693 3812 servis.
793 3763 824 3811 de
854 3761 1072 3827 datus,quivsnas
1091 3762 1175 3811 laudes
1193 3763 1277 3828 recipit
1293 3772 1319 3812 et
1334 3763 1365 3811 iis
1379 3766 1417 3813 in-

263 3825 358 3873 Scnect.
369 3841 392 3872 c.
408 3827 445 3882 ll,
462 3830 591 3875 metuebant
607 3831 675 3884 sarri,
685 3829 824 3876 serebantur
855 3827 974 3884 tumescit,
985 3843 1040 3876 curn
1051 3839 1113 3883 utre,
1123 3827 1163 3875 cui
1177 3836 1264 3876 ventus
1273 3827 1418 3886 imusittitus,

263 3889 338 3945 liberi,
351 3906 431 3938 curum
441 3907 514 3938 omncs
525 3892 644 3938 habebant.
854 3900 1013 3956 comparatur.

293 3954 334 4002 9³.
353 3953 461 4018 Obsequio
493 3970 596 4002 nauare.-
616 3953 821 4018 dumquovisob·
885 3957 1008 4004 99-103.
1021 3957 1235 4008 Quumresmuio
1246 3957 1339 4003 boarit.
1355 3958 1417 4004 Seu·

262 4017 340 4080 sequii
358 4033 478 4130 penerep
516 4033 555 4068 ere
573 4017 663 4075 studes,
681 4017 781 4082 procede
797 4027 822 4068 et
854 4029 1030 4068 susetnexus:
1048 4020 1133 4084 quodsi
1151 4035 1206 4068 vero
1220 4034 1292 4067 senex
1309 4028 1418 4069 mortuns

260 4095 357 4154 perges
385 4091 472 4131 metam
501 4081 724 4146 supositam,sc.ad
742 4082 822 4132 divitis
853 4082 932 4140 luerit,
945 4093 1014 4139 ertu,
1027 4083 1207 4132 uonsomnisns
1224 4081 1255 4130 de
1268 4083 1416 4142 haereditate,

261 4158 325 4193 senis
336 4146 441 4193 animum
452 4146 495 4194 tibi
506 4145 692 4195 conciliandum.
853 4146 894 4194 ssd
911 4163 936 4196 se
946 4163 1002 4196 vera
1011 4147 1115 4210 vigilans
1132 4147 1234 4196 audieris
1250 4146 1311 4202 haec,
1326 4149 1418 4211 Ulyssss

291 4210 333 4257 95.
350 4211 435 4258 Aurem
457 4212 586 4273 substringe
608 4214 713 4274 loquaci.-
739 4211 760 4258 si
782 4218 820 4260 est
849 4221 938 4285 quarte
953 4215 1028 4273 partis
1045 4214 1113 4260 tem
1127 4219 1245 4266 enatum
1260 4225 1346 4276 sparge
1356 4212 1416 4259 sub-

260 4270 358 4336 loquax,
378 4276 520 4328 substrictus,
542 4273 567 4329 h,
587 4289 608 4322 a.
628 4283 731 4324 arrectas
751 4291 820 4324 aures
851 4274 907 4324 rude
934 4274 1053 4339 ejusmodi
1074 4275 1206 4339 querelas:
1240 4275 1305 4337 Ergo
1326 4275 1416 4324 mustis

258 4334 356 4401 loquaci
381 4337 548 4386 accomumda:
577 4355 644 4386 aures
665 4341 820 4403 sulstss'ngm
850 4338 1232 4404 meusDamanusquaminhsc
1241 4339 1415 4404 tcrsssmplius

256 4398 307 4461 jam
325 4410 369 4457 est,
386 4415 455 4450 sures
471 4402 500 4453 sd
517 4400 608 4464 aliquid
620 4401 753 4451 accuratius
794 4420 817 4451 r·
850 4401 982 4468 repetituri
1008 4404 1071 4452 unde
1090 4405 1163 4452 alium
1184 4401 1243 4450 mihi
1262 4411 1310 4450 tam
1330 4403 1414 4452 sortem

258 4462 394 4526 cipiendum
416 4479 503 4514 canum
522 4475 547 4514 et
562 4465 661 4515 aliorum
679 4419 817 4516 animsddm
850 4474 874 4516 et
893 4467 986 4516 fidelem
1002 4469 1107 4532 parabol
1145 4465 1213 4516 Etsi
1233 4467 1331 4530 paulum
1348 4474 1416 4531 potes
