3150 5200
548 347 714 412 Lrssurt
736 348 799 424 111,
823 349 854 410 3.
1217 347 1275 410 127

378 501 458 564 Non
474 499 583 564 vultus
598 501 748 563 instantis
762 499 890 583 tyranni

423 603 539 667 Mente
552 602 659 686 quatit
674 600 790 678 solide,
806 623 912 683 neque
929 597 1063 677 Auster,

284 705 306 764 5
336 703 418 767 Dux
433 704 570 787 inquieti
584 703 737 768 turbidus
752 701 902 778 Hadriae,

337 806 412 871 Nec
427 805 625 870 fislminsntis
638 813 884 889 megrm'msnus
899 801 1009 867 «lovisz

379 908 416 971 Si
429 906 553 972 fractus
567 906 720 972 illabatur
734 907 835 983 orbis,

330 1076 343 1090 μ
423 1008 627 1093 impavidum
641 1007 758 1074 ferient
771 1009 886 1072 ruinae.

326 1105 413 1195 lec
428 1121 498 1175 erte
513 1109 633 1175 Pollux
647 1122 681 1176 et
695 1131 798 1194 vagus
814 1109 977 1175 Hercules

276 1213 318 1276 10
332 1211 462 1276 'Erimus
476 1233 569 1277 arces
584 1213 693 1296 attigit
707 1213 838 1296 igneas:

381 1313 476 1387 Quos
490 1315 576 1378 inter
590 1311 764 1398 Augustus
780 1315 973 1378 recumbens

424 1413 598 1500 Purpureo
611 1416 697 1480 bibit
712 1404 769 1479 ore
782 1425 905 1488 nectar.

339 1516 415 1581 Hoc
430 1528 463 1582 te
477 1529 666 1593 merentem,
683 1515 815 1581 Bacche
830 1527 936 1601 pater,
953 1527 1018 1581 tuae

337 1618 469 1685 Venere
483 1621 597 1705 tigres,
612 1617 746 1684 indocili
756 1619 874 1704 jugum

115 1769 219 1818 tentiam
238 1767 324 1817 ceteris
338 1768 385 1817 diis
400 1770 536 1834 mausona
555 1773 628 1821 verbs
646 1771 681 1820 te·
714 1769 862 1821 Felicissime
878 1771 951 1836 igitur
968 1777 1061 1836 postem
1080 1768 1179 1818 artificio
1194 1769 1235 1818 illo
1250 1769 1276 1819 in

114 1833 195 1882 cisse:
214 1839 232 1861 ‘⁴
242 1833 324 1898 Trojs,
335 1833 407 1898 cujus
417 1835 539 1901 perfidiam
548 1835 683 1886 ulciscendi
714 1833 760 1884 boc
771 1835 876 1886 carmine
887 1852 959 1884 usum
970 1849 1022 1884 esse
1033 1833 1142 1882 dixerim.
1168 1834 1231 1891 Quis
1241 1844 1278 1883 ast

115 1896 177 1944 mihi
198 1905 273 1961 etque
294 1897 412 1947 Minervas
433 1909 513 1964 partes
530 1901 594 1949 datss
615 1908 680 1958 sunt,
712 1898 786 1955 enim,
800 1915 872 1964 quem
891 1899 916 1949 in
932 1915 961 1949 eo
979 1914 1027 1948 non
1045 1898 1126 1962 cupiet
1139 1897 1278 1961 grauissime

115 1976 187 2010 versa
195 1971 234 2010 est
243 1977 286 2027 per
295 1961 408 2010 Paridem
420 1973 446 2013 et
460 1965 580 2014 Helenam
589 1964 615 2013 in
625 1965 680 2029 pul·
713 1965 819 2014 Junonis
831 1963 925 2012 oratiot
936 1964 1025 2028 etquis
1036 1963 1061 2010 in
1069 1961 1124 2010 aliis
1134 1969 1209 2026 poete
1221 1977 1276 2010 nos-

116 2026 372 2138 &013qu
381 2027 682 2142 dmiiiiimidmlfim
712 2028 942 2140 t5ridig2rpssionibus
951 2026 1175 2139 ltmngiorlibus,tvhc.
1187 2025 1232 2074 inf.
1241 2025 1277 2137 pii,

117 2163 169 2200 tarn
179 2154 222 2203 diu
237 2126 348 2203 dimensi
360 2107 441 2204 libelii
457 2108 681 2216 exitiiiumfmcibds
712 2102 828 2219 qidirtur:
838 2107 991 2206 iiiiiidims
1017 2105 1276 2202 eleliisteionelirtoidmi-

116 2217 223 2290 positum
233 2227 289 2279 est;
302 2219 354 2284 jarn
365 2235 414 2268 nou
424 2221 527 2286 emplius
537 2236 621 2286 graves
635 2222 683 2270 iras
714 2220 806 2269 ratione
824 2220 902 2284 legere
949 2223 1010 2268 testi
1028 2217 1146 2266 Dicebam
1158 2218 1189 2265 sb
1200 2217 1277 2275 initio,

118 2297 146 2328 sn
159 2283 318 2348 Trojanorum
335 2293 435 2349 nepotes
447 2287 579 2345 exercebo,
593 2286 646 2350 jam
657 2286 684 2333 in
715 2285 761 2333 boc
769 2300 865 2332 carmen
877 2285 903 2332 in
925 2284 1009 2332 audeus
1017 2281 1117 2347 justitie
1129 2291 1153 2330 et
1163 2290 1275 2330 constan·

118 2346 208 2396 Msstis
265 2347 324 2396 tiam
344 2347 485 2406 concedam,
504 2359 533 2398 ut
550 2350 684 2408 Romulus,
716 2348 880 2414 tiescriptum
888 2363 951 2398 esse.
969 2347 1048 2406 Quidl
1061 2345 1082 2394 si
1089 2347 1217 2394 totumhoc
1224 2361 1276 2394 cer-

136 2427 194 2460 uem
210 2411 217 2422 ’
237 2428 252 2460 e
271 2429 286 2462 e
302 2413 414 2462 Tro'ane
433 2413 531 2478 originis
550 2414 681 2470 sacerdote,
713 2429 770 2461 men
780 2421 876 2478 poetsm
890 2429 918 2462 eo
931 2411 1039 2478 inprimis
1053 2410 1162 2466 consilio,
1180 2418 1208 2459 nt
1225 2411 1275 2459 Au-

118 2427 178 2532 ilia,
191 2478 331 2542 procresrit,
388 2494 440 2526 snm
455 2477 577 2528 ordinibus
592 2477 681 2527 adscri-
712 2488 808 2541 ςιιιιιιιιι
830 2487 938 2540 tunquam
959 2480 1027 2525 deum
1045 2477 1139 2523 deorum
1158 2477 1277 2524 ordinibus

117 2539 210 2600 betur,
224 2539 271 2588 imo
289 2541 429 2599 conedam,
448 2551 475 2590 ut
494 2543 608 2602 Romani,
624 2542 683 2591 dum
714 2545 833 2599 immet,
852 2542 973 2609 scripsisse
991 2540 1116 2589 dicemusl
1150 2540 1194 2588 Est
1212 2539 1276 2588 enim

117 2604 194 2653 modo
203 2620 281 2654 eorum
289 2607 416 2673 imperium
427 2608 578 2673 perlongum
588 2624 652 2657 mere
667 2624 683 2656 s
715 2608 767 2655 bec
786 2614 908 2672 poetarum
928 2606 1055 2672 lyricorum
1077 2620 1123 2662 ers,
1142 2612 1170 2653 ut
1188 2605 1277 2669 sepius

118 2676 184 2717 terra
199 2670 303 2735 Trojans
318 2671 454 2746 sejunctum
471 2682 575 2730 maneat,
589 2681 615 2722 et
628 2673 683 2721 locs
715 2686 764 2719 rem
771 2669 858 2737 ipsam,
868 2688 939 2736 quem
948 2670 1052 2719 carmine
1061 2669 1200 2718 celebraturi
1211 2678 1276 2725 sunt,

117 2732 165 2780 illa
179 2734 242 2784 eirca
256 2735 348 2783 Prismr
362 2744 387 2785 et
398 2734 493 2785 Paridis
506 2737 604 2785 bustum
614 2745 684 2785 ssste
714 2735 816 2785 breviter
836 2744 930 2783 tentum
947 2743 971 2783 et
990 2735 1065 2783 obiter
1082 2732 1151 2807 quasi
1167 2740 1276 2796 tangant,

117 2804 145 2846 et
154 2797 246 2847 inculta
255 2800 366 2873 jsoeant,
380 2799 406 2847 in
423 2816 569 2865 quecunque
583 2800 633 2850 siis
646 2817 683 2849 re-
715 2816 768 2848 eam
782 2815 838 2849 vero
854 2816 910 2848 cum
928 2799 1013 2849 ceteris
1026 2796 1138 2847 cuminis
1153 2798 1278 2846 sententiis

117 2861 190 2924 gione
199 2863 263 2912 bsatr
272 2872 382 2927 regnent,
392 2864 498 2921 floreum,
515 2865 546 2913 de
558 2864 629 2914 victis
639 2881 682 2929 po·
713 2872 763 2913 uun
781 2864 889 2913 sollerter
905 2863 1060 2927 conjungant,
1078 2870 1106 2910 ut
1119 2877 1148 2911 eo
1166 2861 1276 2924 magnili-

117 2925 184 2990 pulis
199 2927 354 3002 triumphent,
370 2936 396 2978 et
410 2928 514 2977 nominis
528 2928 566 2977 sui
581 2928 682 2994 gloriam
713 2927 1061 3039 centinsillaexsplendescst.
1087 2927 1145 2974 Jam
1155 2926 1277 2991 veroquid

15 3006 19 3017 ·
118 2990 151 3037 ad
165 3001 334 3040 remonssrmas
344 2993 567 3042 terrasesteodant.
599 2994 682 3042 Multo
713 2995 739 3040 in
752 2992 857 3056 Augusti
871 2991 911 3039 lau
929 2990 1071 3042 embrevius
1086 2988 1206 3053 simulque
1222 3005 1275 3053 gra·

117 3052 226 3104 lortioms
246 3064 327 3105 umen
348 3056 386 3104 illi
406 3072 432 3105 se
453 3058 603 3130 prebebunt,
623 3056 682 3105 dum
713 3057 766 3105 vius
776 3064 801 3105 et
811 3056 960 3122 splendidius
970 3054 1020 3103 dici
1033 3052 1118 3119 potuit,
1128 3068 1200 3116 quem
1212 3052 1276 3117 quod

74 3150 82 3160 ·
116 3118 203 3183 spretis
221 3119 312 3169 divitiis
331 3129 467 3186 paupertati
487 3129 512 3170 et
530 3121 682 3187 parsimoniis
713 3138 737 3169 v.
753 3121 781 3168 ll
801 3129 827 3170 et
840 3122 879 3178 12,
899 3121 959 3175 Quru
974 3122 1036 3167 iuter
1051 3119 1171 3181 Augustus
1186 3132 1275 3189 recum·

117 3182 185 3248 apud
198 3200 240 3234 eos
255 3183 331 3233 bonor
344 3184 424 3233 inerit.
458 3184 600 3235 Nemults!
618 3194 683 3235 totus
713 3186 900 3247 bensPurpureo
914 3186 970 3232 bibit
984 3199 1022 3231 ors
1035 3191 1123 3236 nestor,
1135 3180 1165 3229 de
1176 3196 1229 3244 ejus
1238 3180 1276 3229 di·

116 3255 232 3297 tertuum
258 3250 323 3298 orbis
350 3249 516 3298 Romanorum
542 3250 684 3315 subjiciatur
713 3249 813 3299 sinitate
824 3248 915 3298 dictum
926 3251 976 3297 esti
1004 3245 1212 3311 Ampliorescerte
1222 3244 1275 3293 Au·

116 3308 226 3376 imperio,
246 3312 317 3362 modo
337 3311 376 3361 illi
397 3313 423 3361 in
444 3323 558 3363 eternum
579 3322 683 3363 veterem
715 3313 780 3376 gusti
792 3314 875 3362 landes
887 3329 917 3362 ne
930 3310 1101 3377 surplissimum
1114 3308 1211 3373 quidem
1223 3324 1275 3359 car-

117 3375 222 3450 Trojam
243 3376 366 3442 repamndi
393 3376 510 3441 abjiciant
536 3378 680 3428 consilium!
715 3393 770 3425 men
781 3378 907 3443 complecti
918 3376 1023 3442 poterstl

116 3438 219 3504 Trojsm
230 3440 295 3489 enim
305 3440 431 3490 recidivam
443 3442 571 3491 veldenuo
582 3458 682 3507 surgen·
748 3443 821 3491 1-8.
842 3442 937 3491 Justum
955 3458 982 3489 oe
998 3451 1099 3489 tenacem
1113 3442 1224 3503 propositi
1240 3442 1275 3487 υἰ-

116 3510 171 3551 tem
183 3504 270 3552 iterum
283 3505 347 3553 bello
361 3514 449 3571 petam,
460 3522 562 3571 eamque
578 3508 616 3555 sel
627 3523 682 3555 mu·
714 3524 775 3563 rum,
791 3506 868 3555 sinim
885 3506 983 3573 probum
999 3512 1025 3554 et
1038 3506 1064 3553 in
1078 3504 1116 3561 iis,
1131 3520 1186 3568 que
1203 3505 1276 3553 semel

118 3567 265 3617 nitissimsm
273 3568 378 3618 funditus
386 3571 471 3619 iterum
479 3570 609 3621 evertam.”
626 3572 681 3620 llcc
714 3569 778 3619 bons
788 3580 813 3619 et
822 3569 923 3619 honeste
931 3586 983 3619 esse
996 3568 1122 3627 intellexit,
1134 3568 1276 3617 inconcusso

117 3632 228 3681 ,lunonis
242 3633 347 3684 unusne
362 3634 480 3700 exposite,
493 3645 681 3701 poets,percns·
715 3634 794 3683 animo
817 3634 998 3700 persistentem,
1023 3632 1106 3682 laudet
1129 3631 1201 3697 igitur
1222 3648 1275 3681 erun

117 3712 162 3745 sus
173 3696 245 3762 quasi
259 3698 374 3755 audacie,
389 3714 439 3765 qus
452 3699 549 3749 deorum
564 3714 684 3749 semones
714 3707 807 3747 tanturn
824 3698 990 3755 constentiam,
1009 3713 1082 3763 quem
1100 3697 1136 3745 vir
1149 3697 1230 3762 justus
1251 3697 1276 3745 in

117 3761 234 3820 retulerit,
244 3762 397 3827 cogitatione,
406 3772 503 3828 repente
513 3780 609 3813 carmen
620 3764 682 3813 linit.
712 3763 782 3812 rebus
791 3763 864 3827 justis
876 3764 970 3828 probet.
1002 3764 1089 3819 Ardor,
1099 3762 1177 3811 furor:
1191 3778 1275 3823 provo,

118 3826 193 3882 Quod
209 3826 241 3875 sd
258 3828 389 3892 longiorem
408 3836 484 3892 poete
500 3828 681 3892 digressionem,
713 3827 821 3891 intellige
833 3844 870 3876 res
882 3843 963 3885 noras,
975 3826 1111 3883 seditiones,
1122 3834 1147 3875 et
1157 3824 1276 3889 quidquid

118 3890 184 3938 male
205 3904 220 3937 s
242 3892 365 3940 nonnullis
389 3892 564 3957 reprehensam,
588 3893 681 3949 attinet,
714 3892 855 3957 prsvicires
868 3900 951 3939 contre
964 3890 1067 3940 civitatis
1082 3890 1185 3938 salutem
1199 3898 1224 3937 et
1238 3888 1276 3937 in·

117 3953 145 4027 in
160 3956 319 4032 esipss,qqui
328 3971 428 4028 sensum
438 3956 534 4022 pulchri
543 3957 623 4015 babet,
633 3958 680 4005 bu·
712 3955 876 4005 columitatem
903 3955 1041 4003 moliuntur.
1077 3954 1169 4029 Vultus,
1184 3952 1275 4029 'mines

114 4020 470 4133 mutilum
484 4021 682 4143 utilit&
713 4018 1276 4151 litut{titinllzltttlttlltst

117 4147 209 4196 snosin
218 4147 431 4213 msuriliquoqne
456 4149 567 4206 electent,
577 4149 682 4198 studiose
713 4150 795 4205 solido,
808 4146 833 4194 h.
843 4164 866 4197 e.
876 4144 1013 4202 immobilis,
1025 4144 1055 4193 de
1072 4150 1135 4191 stetu
1153 4157 1197 4191 sno
1214 4141 1274 4206 deji-

116 4226 155 4268 es,
168 4212 295 4277 inquibus
310 4212 483 4261 adumbrandis
499 4222 523 4261 et
540 4213 683 4263 exornandis
714 4212 799 4261 cietur.
838 4212 905 4259 Bene
930 4208 1031 4259 adrem
1054 4216 1192 4273 comparent
1213 4206 1275 4256 illud

116 4276 207 4340 ingenii
216 4277 255 4325 sni
263 4277 312 4324 vim
320 4286 442 4341 artemque
448 4287 566 4327 ostentme
574 4287 684 4344 possunt,
716 4275 832 4326 Juvenal.
842 4274 891 4332 viii,
901 4275 940 4332 79,
952 4274 1061 4321 Ptouru
1072 4274 1275 4333 tuitionemque

117 4341 221 4407 arripare
236 4340 428 4414 carminibusque
447 4340 497 4390 suis
514 4342 625 4397 inserere,
642 4342 679 4391 in·
712 4344 742 4389 sis
755 4341 846 4396 Falsus,
858 4350 881 4388 st
894 4342 983 4387 udowto
996 4340 1067 4387 dictet
1076 4339 1182 4399 pery'rsria
1197 4346 1274 4385 rouro.

116 4404 681 4528 uetustissimum
712 4400 1273 4532 lmrrrttrruututiuls

116 4544 215 4598 egentes
230 4550 306 4598 quam
324 4534 491 4598 loquentes'in
508 4550 578 4585 ucere
595 4536 681 4586 solent.
712 4506 783 4584 sertis
804 4540 956 4600 tempestates
982 4541 1006 4583 et
1031 4530 1158 4581 fulminum
1183 4530 1274 4595 jactus.
