3150 5200
721 304 944 370 EPODON

430 461 475 524 Et
492 460 596 523 otiosa
611 459 751 522 credidit
767 457 938 540 Neapolis,

557 560 604 624 Et
618 582 711 624 omne
726 561 866 624 vicinum
881 558 1054 642 oppidum:

365 664 408 727 45
429 664 515 737 Quae
532 663 639 727 sidera
654 672 826 726 excantata
840 683 918 724 voce
933 658 1106 734 Thessala,

561 764 752 846 Lunamque
767 761 851 827 coelo
867 762 997 845 deripit.

431 865 496 930 Hic
510 866 700 930 inresectum
716 886 802 926 saeva
815 863 915 927 dente
928 862 1028 927 livido

557 965 696 1030 Canidia
710 965 830 1029 rodens
844 963 1004 1049 pollicem,

431 1067 522 1140 Quid
536 1068 641 1130 dixit?
665 1076 721 1129 aut
735 1065 816 1148 quid
832 1066 954 1130 tacuit?
992 1062 1024 1127 Ο
1040 1063 1138 1126 rebus
1153 1064 1234 1126 meis

345 1168 387 1232 50
537 1169 615 1232 Non
630 1166 777 1231 infideles
793 1167 936 1243 arbitrae,

430 1271 521 1349 Nox,
537 1281 570 1340 et
585 1270 704 1346 Diana,
720 1291 795 1351 quoe
808 1268 969 1332 silentium
983 1267 1082 1350 regis,

560 1371 692 1436 Arcana
706 1393 807 1454 quum
821 1369 904 1433 fiunt
919 1391 1023 1445 sacra,

430 1474 542 1550 Nunc,
558 1495 644 1536 nunc
660 1472 790 1549 adeste3
813 1472 947 1534 nuncin
962 1470 1097 1534 hostiles
1112 1469 1225 1532 domos

558 1573 644 1637 Iram
659 1585 756 1656 atque
770 1595 890 1637 numen
904 1574 1030 1637 vertite.

366 1679 409 1740 55
430 1676 661 1742 Formidolosae
676 1677 754 1739 dum
766 1674 869 1739 latent
884 1675 972 1738 silvis
986 1673 1075 1749 ferae,

560 1778 659 1843 Dulci
675 1799 792 1862 sopore
806 1777 982 1861 languidae,

428 1880 560 1957 Senem,
575 1880 664 1963 quod
679 1901 789 1944 omnes
805 1879 944 1956 rideant,
960 1877 1143 1942 adulterum

563 1981 701 2046 Latrent
716 1981 899 2045 Suburanae
914 2003 1022 2057 canes,

432 2082 549 2146 Nardo
564 2093 769 2165 perunctum,
785 2081 881 2164 quale
896 2104 960 2145 non
975 2081 1152 2164 perfectius

366 2185 411 2248 60
561 2182 649 2248 Meae
663 2184 841 2248 laborarint
855 2205 1026 2247 manus.-

262 2384 386 2486 ssdllmllli,
398 2367 711 2486 ngppenippbvetllepprlp
719 2368 820 2492 'pollellilt
852 2365 1414 2502 bdlrlanbtleobleffidbglldltctlsl’dclnbdrlllz

261 2499 371 2543 deducere
384 2494 483 2549 Lunum,
496 2493 537 2541 ubi
554 2493 606 2542 iure
622 2495 652 2542 de
667 2494 712 2543 hac
730 2510 754 2543 re
771 2495 820 2557 egit
852 2497 930 2543 domas
951 2494 1016 2542 haud
1038 2494 1110 2542 dubie
1125 2491 1288 2554 intelligenda
1303 2503 1361 2542 eunt
1376 2510 1412 2543 ea

262 2559 349 2608 Corda.
852 2575 906 2624 que
918 2559 964 2624 ipsi
975 2558 1086 2608 Canidia
1096 2557 1188 2607 intesta
1200 2556 1310 2617 fuerunt3
1329 2558 1412 2608 malim

294 2624 399 2671 47-54.
422 2621 467 2668 Hic
483 2624 615 2669 inresectum
631 2639 688 2670 seua
705 2625 772 2669 dente
790 2625 820 2670 lt·
852 2622 925 2687 igitur
932 2623 961 2672 de
970 2623 1140 2677 meretricibus,
1149 2637 1203 2684 qua
1211 2623 1412 2673 VarumaCani·

261 2688 314 2734 vido
332 2686 431 2733 Cantaba
448 2688 530 2732 rodem
546 2685 665 2747 pollicem:
684 2701 714 2733 en
729 2686 820 2735 soedam
852 2688 899 2736 dia
910 2703 948 2735 am
966 2688 1062 2736 lenibus
1072 2701 1136 2734 nunc
1146 2686 1285 2742 detinerent,
1293 2686 1406 2750 cogitare.

261 2750 364 2815 corporis
381 2747 526 2813 spurcitiem,
541 2762 590 2822 qua
606 2748 710 2797 Canidia
725 2765 821 2798 carmen
884 2754 948 2801 65-
984 2753 1170 2799 .Formr'dotm
1187 2753 1243 2797 dum
1260 2752 1333 2799 tutent
1348 2754 1413 2800 silvis

261 2813 380 2877 magicum
400 2812 531 2862 decantans
552 2812 686 2861 inducitur!
723 2814 820 2861 Irmec·
845 2815 918 2879 fere,
929 2824 986 2865 cett.
1000 2815 1122 2879 vulgarem
1139 2814 1289 2872 mutandam,
1308 2821 1326 2843 ‘⁴
1336 2814 1411 2863 uddu-

262 2887 311 2924 tnm
321 2879 437 2940 pollicem:
457 2877 535 2925 Fun'ae
549 2892 654 2941 quoque,
667 2892 767 2942 quarum
779 2892 821 2926 ax·
854 2878 901 2927 cita
918 2879 977 2927 mihi
994 2896 1075 2928 senem
1091 2893 1108 2925 a
1126 2876 1289 2927 meretricibus
1306 2880 1412 2927 Subura·

261 2949 354 2991 ternum
366 2941 474 2991 habitum
485 2940 598 2990 veneficia
613 2940 718 2990 induunt
735 2951 820 3006 poetro,
854 2942 918 2998 nis,”
934 2944 969 2991 ita
978 2944 1061 2993 effert:
1079 2941 1158 2998 facite,
1170 2956 1261 3005 queso,
1275 2958 1290 2989 o
1302 2942 1373 2998 Dera,
1384 2952 1413 2991 ut

260 3022 350 3069 unguor
375 3009 490 3055 irresactor
517 3015 611 3070 gerunt,
638 3005 674 3053 uti
701 3005 821 3070 depictam
854 3006 933 3056 madia
951 3016 1021 3057 nocte
1039 3010 1141 3061 Vtrum,
1161 3006 1243 3063 nnrdo,
1260 3022 1309 3070 quo
1326 3006 1413 3056 melius

260 3084 341 3118 aarum
363 3085 437 3118 unam
455 3069 524 3118 nobis
542 3070 607 3120 dedit
625 3069 777 3133 Boettigerur
796 3069 821 3118 in
853 3079 879 3119 ct
897 3071 1024 3136 perfectius
1042 3086 1087 3135 ego
1107 3084 1231 3132 nunquam
1251 3069 1310 3117 mibi
1329 3071 1411 3120 confe-

260 3133 818 3261 tut¹>”tll⁰l¹.⁰zlttl‘”s·l⁰t¹‘t(lma
851 3134 1198 3264 {mutuabitur
1213 3134 1345 3262 unu
1359 3135 1412 3247 ll?

259 3264 320 3319 or'do,
347 3261 432 3318 lurido,
456 3262 555 3319 cariore,
579 3261 663 3325 quales
685 3262 820 3311 vetulanun
852 3276 895 3311 nes
911 3262 984 3311 risum
1000 3264 1095 3319 tollant,
1113 3261 1251 3311 redeuntem
1269 3277 1411 3327 peraequan-

260 3323 503 3375 dentesesseaolent.
538 3327 688 3380 Quintum
705 3337 747 3375 out
762 3330 819 3389 quid
852 3334 899 3374 tur.
931 3328 1058 3375 Suburana
1076 3342 1151 3381 canu,
1170 3325 1196 3373 in
1212 3325 1267 3374 vico
1285 3327 1351 3375 enim
1366 3327 1410 3375 Su·

261 3392 352 3437 tacuit?
375 3389 478 3438 nefanda
494 3404 596 3453 quaque
613 3388 682 3437 effata
699 3398 724 3438 et
739 3390 818 3455 palam
852 3393 920 3446 bura,
931 3406 952 3439 a.
966 3391 1081 3447 Subur-ro,
1098 3388 1213 3454 nequitia
1227 3405 1279 3439 suae
1293 3390 1412 3440 officinam

260 3452 364 3516 profem
378 3460 422 3509 ert,
439 3454 504 3517 quod
522 3453 617 3517 gravius
632 3469 674 3518 per
690 3453 776 3502 interro
809 3483 819 3493 ·
851 3453 973 3503 habebant
994 3454 1143 3514 meretricem
1169 3453 1226 3502 hino
1252 3454 1316 3520 apud
1337 3456 1412 3503 Mart.

260 3514 348 3565 tionem
365 3516 451 3567 extulit
466 3524 544 3581 pocta.
576 3518 679 3565 Orabat
695 3520 748 3567 mair
791 3537 820 3567 on
852 3518 885 3573 vi,
906 3520 948 3575 66,
968 3536 992 3567 v.
1014 3522 1025 3567 l
1049 3534 1104 3583 sqq.
1125 3517 1156 3566 da
1176 3534 1287 3583 pmcona
1308 3519 1412 3584 puellam

260 3582 363 3692 ³le
389 3584 493 3638 arbitra,
520 3580 579 3636 Noa,
606 3590 628 3628 et
653 3582 740 3638 Diona,
762 3590 819 3631 cett.
851 3582 977 3638 vendente,
998 3583 1073 3631 Fame
1089 3600 1134 3629 non
1151 3584 1250 3630 nimium
1270 3584 1330 3631 bunc
1343 3584 1412 3645 puel·

287 3654 362 3693 cctam
378 3654 402 3694 et
421 3645 525 3694 Dianam
543 3644 592 3693 eive
611 3644 727 3700 Hecaten,
741 3660 821 3694 sacro-
854 3648 909 3701 lan,
923 3648 1008 3701 Quales
1018 3650 1043 3694 tn
1053 3648 1127 3695 modio
1139 3648 1216 3695 rodem
1225 3647 1340 3701 suburra,
1353 3647 1411 3694 Ven-

260 3723 312 3755 rum
339 3709 485 3773 magicorum
515 3708 636 3784 presides,
663 3710 821 3758 veneficarum
852 3712 920 3759 debat
935 3714 999 3758 modo
1013 3728 1086 3772 preco
1103 3711 1240 3759 Gellianus.-
1259 3711 1372 3759 etrus.
1386 3727 1410 3765 v,

260 3788 325 3823 more
344 3773 440 3823 invocat
461 3772 580 3832 Canidie5
602 3782 628 3821 ut
649 3772 739 3822 Medea
756 3774 821 3838 apud
853 3775 895 3823 32.
922 3774 1004 3822 Nordo
1017 3784 1163 3837 perunctum.
1192 3774 1241 3823 Per
1251 3778 1351 3823 numum
1361 3774 1411 3822 Ca-

261 3836 334 3885 Ovid.
346 3839 408 3886 Mat.
424 3836 465 3892 vii.
481 3838 526 3886 192
537 3853 599 3901 sqq..
620 3838 679 3894 Nox,
697 3840 741 3894 ott,
752 3854 820 3886 orco·
853 3837 919 3886 nidia
933 3853 981 3886 non
997 3838 1089 3904 proprie
1105 3847 1237 3901 unguenta,
1249 3838 1338 3911 quibua
1353 3837 1412 3887 aliu

259 3904 296 3950 nit
307 3900 538 3964 fidissima—Tuque
557 3905 640 3964 triceps
659 3901 754 3958 Hecate,
771 3919 821 3965 qua
852 3902 961 3951 homines
983 3903 1131 3951 venustiores
1154 3901 1191 3950 vel
1217 3901 1331 3951 ridiculos
1352 3902 1412 3950 adeo

260 3969 337 4028 coptu
355 3969 443 4014 conscia
463 3969 546 4014 nostru
567 3967 724 4030 adjutusque
743 3968 820 4014 venir:
852 3981 921 4014 renea
937 3966 983 4031 (cl.
999 3966 1082 4014 Plaut.
1099 3964 1183 4015 Casia.
1198 3965 1256 4015 Act.
1270 3966 1296 4023 ii,
1312 3968 1353 4016 Sc.
1370 3968 1410 4028 3),

260 4030 292 4079 ct'.
311 4031 396 4079 Sanec.
413 4029 482 4079 Med.
497 4031 553 4088 740,
570 4038 595 4079 et
614 4030 707 4078 Lucan.
723 4030 756 4086 vi,
772 4030 821 4078 695
852 4030 940 4095 puellis
956 4030 1065 4095 placendi
1082 4044 1156 4078 cauta
1171 4044 1197 4079 re
1208 4029 1336 4079 deliboisre
1353 4046 1411 4079 con·

260 4110 315 4160 rqq.
350 4094 406 4148 Quo
419 4096 536 4143 sitentium
554 4097 622 4170 rogis.
639 4096 731 4142 Arcano
750 4112 820 4158 quum
852 4102 908 4151 stat,
931 4095 973 4144 sed
995 4095 1054 4144 satir
1074 4094 1138 4144 talne
1162 4103 1291 4145 venenatae
1317 4094 1410 4149 herbas,

253 4162 322 4223 fiunt
342 4175 415 4213 wora,
435 4174 476 4224 pro
495 4158 597 4223 vulgari,
621 4174 675 4221 qua
693 4174 761 4207 sacra
782 4173 819 4206 ur·
852 4174 953 4224 quarum
974 4160 997 4208 vi
1015 4174 1080 4207 nunc
1098 4158 1185 4209 adduci
1201 4159 1305 4209 debebat
1322 4160 1411 4216 Varus,

260 4238 321 4273 cana
343 4223 479 4277 moderaris,
501 4238 575 4287 quum
603 4220 645 4270 illa
671 4224 716 4271 sub
743 4222 822 4271 noctis
852 4223 998 4273 intellexiste
1013 4223 1121 4282 videtur;
1140 4223 1200 4272 aliu
1214 4238 1262 4272 non
1273 4222 1412 4281 addidisset,

260 4287 355 4337 cilentio
371 4287 440 4336 fiunt.
475 4286 554 4344 Nunc,
569 4304 632 4335 nunc
646 4289 722 4335 adeste
729 4306 738 4347 ,-
757 4305 821 4336 nunc
854 4288 929 4341 Quale
950 4304 995 4334 non
1018 4287 1145 4352 perfectius
1169 4287 1208 4349 (h.
1229 4302 1252 4336 e.
1274 4288 1411 4348 efficacius)

259 4355 285 4400 r‘n
303 4353 393 4401 hostiles
411 4354 485 4399 domos
500 4351 564 4400 Iram
581 4360 648 4412 atque
665 4366 750 4399 numen
767 4368 819 4400 ver·
853 4350 911 4398 Meoe
928 4353 1056 4399 laborarint
1073 4368 1167 4410 murm
1184 4349 1371 4406 Canidiaenim,
1385 4359 1413 4400 ut

261 4419 317 4463 rite.-
339 4424 356 4445 ‘¹
369 4430 399 4465 ex
416 4415 542 4479 antiquo,’'
556 4414 590 4463 ait
606 4414 819 4473 Mitacherlichius,
853 4414 967 4471 venefica,
984 4428 1033 4463 non
1050 4414 1159 4469 nardum.
1176 4415 1217 4465 ted
1234 4430 1326 4463 venena
1343 4430 1431 4480 pm·-

261 4486 279 4509 “
288 4480 399 4544 precandi
410 4481 522 4546 ritu‚pro,
531 4479 589 4527 mibi
598 4478 705 4544 propitiae
716 4479 774 4536 sitin,
782 4479 816 4527 ira
848 4479 891 4526 bat
907 4478 1079 4542 miscebatque,
1092 4494 1136 4527 nec
1154 4478 1225 4529 tacite
1241 4477 1351 4533 nardum,
1364 4494 1413 4542 quo
