<?xml version="1.0" encoding="UTF-8"?>
<!DOCTYPE html PUBLIC "-//W3C//DTD XHTML 1.0 Transitional//EN"
    "http://www.w3.org/TR/xhtml1/DTD/xhtml1-transitional.dtd">
<html xmlns="http://www.w3.org/1999/xhtml" xml:lang="en" lang="en">
 <head>
  <title>
</title>
<meta http-equiv="Content-Type" content="text/html;charset=utf-8" />
  <meta name='ocr-system' content='tesseract 3.04.00' />
  <meta name='ocr-capabilities' content='ocr_page ocr_carea ocr_par ocr_line ocrx_word'/>
</head>
<body>
  <div class='ocr_page' id='page_1' title='image "./operaomniaillus00horagoog_0401.png"; bbox 0 0 3150 5200; ppageno 0'>
   <div class='ocr_carea' id='block_1_1' title="bbox 570 336 1291 418">
    <p class='ocr_par' dir='ltr' id='par_1_1' title="bbox 570 336 1291 418">
     <span class='ocr_line' id='line_1_1' title="bbox 570 336 1291 418; baseline 0.01 -16"><span class='ocrx_word' id='word_1_1' title='bbox 570 336 735 403; x_wconf 89' lang='lat' dir='ltr'>LIBER</span> <span class='ocrx_word' id='word_1_2' title='bbox 758 339 804 418; x_wconf 92' lang='lat' dir='ltr'><strong>ll,</strong></span> <span class='ocrx_word' id='word_1_3' title='bbox 830 342 860 405; x_wconf 91' lang='lat' dir='ltr'><strong>l.</strong></span> <span class='ocrx_word' id='word_1_4' title='bbox 1225 345 1291 409; x_wconf 76' lang='grc'><strong>359</strong></span> 
     </span>
    </p>
   </div>
   <div class='ocr_carea' id='block_1_2' title="bbox 148 488 1259 2600">
    <p class='ocr_par' dir='ltr' id='par_1_2' title="bbox 224 488 1165 778">
     <span class='ocr_line' id='line_1_2' title="bbox 226 488 1165 573; baseline 0.009 -22"><span class='ocrx_word' id='word_1_5' title='bbox 226 488 396 571; x_wconf 88' lang='lat' dir='ltr'><strong>Optimum</strong></span> <span class='ocrx_word' id='word_1_6' title='bbox 410 498 501 566; x_wconf 87' lang='lat' dir='ltr'><strong>erat;</strong></span> <span class='ocrx_word' id='word_1_7' title='bbox 524 510 635 553; x_wconf 86' lang='lat' dir='ltr'><strong>verum</strong></span> <span class='ocrx_word' id='word_1_8' title='bbox 650 512 777 573; x_wconf 79' lang='lat' dir='ltr'>nequeo</span> <span class='ocrx_word' id='word_1_9' title='bbox 793 492 944 557; x_wconf 89' lang='lat' dir='ltr'><strong>dormire.</strong></span> <span class='ocrx_word' id='word_1_10' title='bbox 989 490 1060 557; x_wconf 86' lang='lat' dir='ltr'><strong>Ter</strong></span> <span class='ocrx_word' id='word_1_11' title='bbox 1074 495 1165 559; x_wconf 89' lang='lat' dir='ltr'><strong>uncti</strong></span> 
     </span>
     <span class='ocr_line' id='line_1_3' title="bbox 224 588 1128 679; baseline 0.008 -27"><span class='ocrx_word' id='word_1_12' title='bbox 224 588 434 653; x_wconf 88' lang='lat' dir='ltr'><strong>Transnanto</strong></span> <span class='ocrx_word' id='word_1_13' title='bbox 448 589 606 669; x_wconf 87' lang='lat' dir='ltr'>Tiberim,</span> <span class='ocrx_word' id='word_1_14' title='bbox 624 613 736 657; x_wconf 87' lang='lat' dir='ltr'><strong>somno</strong></span> <span class='ocrx_word' id='word_1_15' title='bbox 751 594 872 675; x_wconf 87' lang='lat' dir='ltr'><strong>quibus</strong></span> <span class='ocrx_word' id='word_1_16' title='bbox 886 603 938 657; x_wconf 86' lang='lat' dir='ltr'><strong>est</strong></span> <span class='ocrx_word' id='word_1_17' title='bbox 952 615 1035 679; x_wconf 88' lang='lat' dir='ltr'><strong>opus</strong></span> <span class='ocrx_word' id='word_1_18' title='bbox 1050 592 1128 671; x_wconf 89' lang='lat' dir='ltr'><strong>alto,</strong></span> 
     </span>
     <span class='ocr_line' id='line_1_4' title="bbox 225 690 1080 778; baseline 0.006 -23"><span class='ocrx_word' id='word_1_19' title='bbox 225 690 452 775; x_wconf 87' lang='lat' dir='ltr'><strong>lrriguumque</strong></span> <span class='ocrx_word' id='word_1_20' title='bbox 467 714 556 757; x_wconf 89' lang='lat' dir='ltr'><strong>mero</strong></span> <span class='ocrx_word' id='word_1_21' title='bbox 572 694 634 757; x_wconf 85' lang='lat' dir='ltr'><strong>sub</strong></span> <span class='ocrx_word' id='word_1_22' title='bbox 647 703 776 758; x_wconf 83' lang='lat' dir='ltr'><strong>noctem</strong></span> <span class='ocrx_word' id='word_1_23' title='bbox 791 715 911 778; x_wconf 90' lang='lat' dir='ltr'><strong>corpus</strong></span> <span class='ocrx_word' id='word_1_24' title='bbox 924 692 1080 760; x_wconf 87' lang='lat' dir='ltr'><strong>habento.</strong></span> 
     </span>
    </p>

    <p class='ocr_par' dir='ltr' id='par_1_3' title="bbox 164 790 1092 1285">
     <span class='ocr_line' id='line_1_5' title="bbox 164 790 1020 881; baseline 0.006 -26"><span class='ocrx_word' id='word_1_25' title='bbox 164 791 203 855; x_wconf 88' lang='grc'><strong>10</strong></span> <span class='ocrx_word' id='word_1_26' title='bbox 225 790 306 869; x_wconf 92' lang='lat' dir='ltr'><strong>Aut,</strong></span> <span class='ocrx_word' id='word_1_27' title='bbox 323 793 350 855; x_wconf 89' lang='lat' dir='ltr'><strong>si</strong></span> <span class='ocrx_word' id='word_1_28' title='bbox 365 802 475 859; x_wconf 78' lang='lat' dir='ltr'><strong>tentus</strong></span> <span class='ocrx_word' id='word_1_29' title='bbox 490 816 580 859; x_wconf 87' lang='lat' dir='ltr'><strong>amor</strong></span> <span class='ocrx_word' id='word_1_30' title='bbox 595 795 759 859; x_wconf 89' lang='lat' dir='ltr'><strong>scribendi</strong></span> <span class='ocrx_word' id='word_1_31' title='bbox 774 807 808 859; x_wconf 87' lang='lat' dir='ltr'><strong>te</strong></span> <span class='ocrx_word' id='word_1_32' title='bbox 822 798 919 881; x_wconf 88' lang='lat' dir='ltr'><strong>rapit,</strong></span> <span class='ocrx_word' id='word_1_33' title='bbox 935 796 1020 860; x_wconf 89' lang='lat' dir='ltr'><strong>aude</strong></span> 
     </span>
     <span class='ocr_line' id='line_1_6' title="bbox 225 893 973 975; baseline 0.009 -20"><span class='ocrx_word' id='word_1_34' title='bbox 225 893 363 957; x_wconf 72' lang='lat' dir='ltr'><strong>Caesaris</strong></span> <span class='ocrx_word' id='word_1_35' title='bbox 379 895 489 959; x_wconf 81' lang='lat' dir='ltr'><strong>invicti</strong></span> <span class='ocrx_word' id='word_1_36' title='bbox 503 918 556 961; x_wconf 88' lang='lat' dir='ltr'><strong>res</strong></span> <span class='ocrx_word' id='word_1_37' title='bbox 572 897 693 975; x_wconf 86' lang='lat' dir='ltr'><strong>dicere,</strong></span> <span class='ocrx_word' id='word_1_38' title='bbox 708 896 811 961; x_wconf 90' lang='lat' dir='ltr'><strong>multa</strong></span> <span class='ocrx_word' id='word_1_39' title='bbox 824 896 973 961; x_wconf 88' lang='lat' dir='ltr'><strong>laborum</strong></span> 
     </span>
     <span class='ocr_line' id='line_1_7' title="bbox 225 993 1092 1083; baseline 0.006 -25"><span class='ocrx_word' id='word_1_40' title='bbox 225 993 363 1058; x_wconf 86' lang='lat' dir='ltr'><strong>Praernia</strong></span> <span class='ocrx_word' id='word_1_41' title='bbox 377 995 512 1059; x_wconf 89' lang='lat' dir='ltr'><strong>laturus.</strong></span> <span class='ocrx_word' id='word_1_42' title='bbox 559 996 734 1081; x_wconf 88' lang='lat' dir='ltr'><strong>Cupidum‚</strong></span> <span class='ocrx_word' id='word_1_43' title='bbox 751 1008 846 1083; x_wconf 87' lang='lat' dir='ltr'><strong>pater</strong></span> <span class='ocrx_word' id='word_1_44' title='bbox 859 1000 991 1082; x_wconf 86' lang='lat' dir='ltr'><strong>optime,</strong></span> <span class='ocrx_word' id='word_1_45' title='bbox 1008 999 1092 1063; x_wconf 87' lang='lat' dir='ltr'><strong>vires</strong></span> 
     </span>
     <span class='ocr_line' id='line_1_8' title="bbox 223 1094 1030 1184; baseline 0.004 -26"><span class='ocrx_word' id='word_1_46' title='bbox 223 1094 410 1159; x_wconf 87' lang='lat' dir='ltr'><strong>Deficiunt:</strong></span> <span class='ocrx_word' id='word_1_47' title='bbox 433 1118 539 1182; x_wconf 92' lang='lat' dir='ltr'><strong>neque</strong></span> <span class='ocrx_word' id='word_1_48' title='bbox 554 1100 640 1163; x_wconf 89' lang='lat' dir='ltr'><strong>enim</strong></span> <span class='ocrx_word' id='word_1_49' title='bbox 654 1100 759 1184; x_wconf 90' lang='lat' dir='ltr'><strong>quivis</strong></span> <span class='ocrx_word' id='word_1_50' title='bbox 774 1100 941 1164; x_wconf 80' lang='lat' dir='ltr'>horrentia</span> <span class='ocrx_word' id='word_1_51' title='bbox 955 1099 1030 1183; x_wconf 92' lang='lat' dir='ltr'><strong>pilis</strong></span> 
     </span>
     <span class='ocr_line' id='line_1_9' title="bbox 222 1194 1054 1285; baseline 0.004 -25"><span class='ocrx_word' id='word_1_52' title='bbox 222 1194 374 1279; x_wconf 80' lang='lat' dir='ltr'><strong>Agmina,</strong></span> <span class='ocrx_word' id='word_1_53' title='bbox 390 1220 450 1263; x_wconf 88' lang='lat' dir='ltr'><strong>nec</strong></span> <span class='ocrx_word' id='word_1_54' title='bbox 465 1198 569 1265; x_wconf 82' lang='lat' dir='ltr'><strong>fracta</strong></span> <span class='ocrx_word' id='word_1_55' title='bbox 583 1212 758 1283; x_wconf 84' lang='lat' dir='ltr'><strong>pereuntes</strong></span> <span class='ocrx_word' id='word_1_56' title='bbox 773 1199 910 1285; x_wconf 82' lang='lat' dir='ltr'><strong>cuspide</strong></span> <span class='ocrx_word' id='word_1_57' title='bbox 926 1198 1054 1276; x_wconf 85' lang='lat' dir='ltr'><strong>Gallos,</strong></span> 
     </span>
    </p>

    <p class='ocr_par' dir='ltr' id='par_1_4' title="bbox 160 1294 1146 1787">
     <span class='ocr_line' id='line_1_10' title="bbox 160 1294 1007 1383; baseline 0.008 -26"><span class='ocrx_word' id='word_1_58' title='bbox 160 1297 200 1358; x_wconf 88' lang='lat'><strong>15</strong></span> <span class='ocrx_word' id='word_1_59' title='bbox 220 1294 292 1361; x_wconf 92' lang='lat' dir='ltr'><strong>Aut</strong></span> <span class='ocrx_word' id='word_1_60' title='bbox 306 1297 445 1363; x_wconf 89' lang='lat' dir='ltr'><strong>labentis</strong></span> <span class='ocrx_word' id='word_1_61' title='bbox 460 1322 546 1383; x_wconf 92' lang='lat' dir='ltr'><strong>equo</strong></span> <span class='ocrx_word' id='word_1_62' title='bbox 561 1301 718 1366; x_wconf 85' lang='lat' dir='ltr'><strong>describit</strong></span> <span class='ocrx_word' id='word_1_63' title='bbox 733 1301 867 1367; x_wconf 88' lang='lat' dir='ltr'><strong>vulnera</strong></span> <span class='ocrx_word' id='word_1_64' title='bbox 882 1300 1007 1365; x_wconf 83' lang='lat' dir='ltr'><strong>Parthi.</strong></span> 
     </span>
     <span class='ocr_line' id='line_1_11' title="bbox 219 1397 1065 1487; baseline 0.005 -26"><span class='ocrx_word' id='word_1_65' title='bbox 219 1397 376 1465; x_wconf 83' lang='lat' dir='ltr'><strong>Attamen</strong></span> <span class='ocrx_word' id='word_1_66' title='bbox 391 1410 424 1465; x_wconf 98' lang='lat' dir='ltr'><strong>et</strong></span> <span class='ocrx_word' id='word_1_67' title='bbox 434 1402 561 1484; x_wconf 87' lang='lat' dir='ltr'><strong>justum</strong></span> <span class='ocrx_word' id='word_1_68' title='bbox 575 1414 706 1487; x_wconf 87' lang='lat' dir='ltr'><strong>poteras</strong></span> <span class='ocrx_word' id='word_1_69' title='bbox 722 1414 755 1467; x_wconf 90' lang='lat' dir='ltr'><strong>et</strong></span> <span class='ocrx_word' id='word_1_70' title='bbox 771 1405 913 1467; x_wconf 89' lang='lat' dir='ltr'><strong>scribere</strong></span> <span class='ocrx_word' id='word_1_71' title='bbox 928 1402 1065 1467; x_wconf 83' lang='lat' dir='ltr'><strong>fortem:</strong></span> 
     </span>
     <span class='ocr_line' id='line_1_12' title="bbox 220 1499 1146 1586; baseline 0.005 -24"><span class='ocrx_word' id='word_1_72' title='bbox 220 1499 406 1584; x_wconf 81' lang='lat' dir='ltr'><strong>Scipiadam</strong></span> <span class='ocrx_word' id='word_1_73' title='bbox 420 1512 458 1565; x_wconf 91' lang='lat' dir='ltr'><strong>ut</strong></span> <span class='ocrx_word' id='word_1_74' title='bbox 473 1502 602 1586; x_wconf 87' lang='lat' dir='ltr'><strong>sapiens</strong></span> <span class='ocrx_word' id='word_1_75' title='bbox 619 1503 776 1568; x_wconf 84' lang='lat' dir='ltr'><strong>Lucilius.</strong></span> <span class='ocrx_word' id='word_1_76' title='bbox 823 1503 926 1567; x_wconf 89' lang='lat' dir='ltr'><strong>Haud</strong></span> <span class='ocrx_word' id='word_1_77' title='bbox 941 1502 1019 1566; x_wconf 89' lang='lat' dir='ltr'><strong>mihi</strong></span> <span class='ocrx_word' id='word_1_78' title='bbox 1035 1502 1146 1579; x_wconf 90' lang='lat' dir='ltr'><strong>deero,</strong></span> 
     </span>
     <span class='ocr_line' id='line_1_13' title="bbox 219 1600 1133 1688; baseline 0.009 -25"><span class='ocrx_word' id='word_1_79' title='bbox 219 1600 331 1674; x_wconf 86' lang='lat' dir='ltr'><strong>Quum</strong></span> <span class='ocrx_word' id='word_1_80' title='bbox 345 1623 397 1666; x_wconf 89' lang='lat' dir='ltr'><strong>res</strong></span> <span class='ocrx_word' id='word_1_81' title='bbox 412 1603 485 1687; x_wconf 91' lang='lat' dir='ltr'><strong>ipsa</strong></span> <span class='ocrx_word' id='word_1_82' title='bbox 499 1602 591 1669; x_wconf 83' lang='lat' dir='ltr'><strong>leret.</strong></span> <span class='ocrx_word' id='word_1_83' title='bbox 638 1604 714 1668; x_wconf 88' lang='lat' dir='ltr'><strong>Nisi</strong></span> <span class='ocrx_word' id='word_1_84' title='bbox 730 1605 848 1669; x_wconf 87' lang='lat' dir='ltr'><strong>dextro</strong></span> <span class='ocrx_word' id='word_1_85' title='bbox 863 1616 1008 1688; x_wconf 89' lang='lat' dir='ltr'><strong>tempore</strong></span> <span class='ocrx_word' id='word_1_86' title='bbox 1023 1604 1133 1671; x_wconf 79' lang='lat' dir='ltr'><strong>Flacci</strong></span> 
     </span>
     <span class='ocr_line' id='line_1_14' title="bbox 218 1700 1067 1787; baseline 0.009 -23"><span class='ocrx_word' id='word_1_87' title='bbox 218 1700 332 1767; x_wconf 86' lang='lat' dir='ltr'><strong>Verba</strong></span> <span class='ocrx_word' id='word_1_88' title='bbox 346 1726 405 1787; x_wconf 88' lang='lat' dir='ltr'><strong>per</strong></span> <span class='ocrx_word' id='word_1_89' title='bbox 420 1714 577 1769; x_wconf 86' lang='lat' dir='ltr'><strong>attentam</strong></span> <span class='ocrx_word' id='word_1_90' title='bbox 591 1728 657 1770; x_wconf 91' lang='lat' dir='ltr'><strong>non</strong></span> <span class='ocrx_word' id='word_1_91' title='bbox 671 1707 765 1771; x_wconf 90' lang='lat' dir='ltr'><strong>ibunt</strong></span> <span class='ocrx_word' id='word_1_92' title='bbox 781 1707 921 1771; x_wconf 74' lang='lat' dir='ltr'><strong>Caesaris</strong></span> <span class='ocrx_word' id='word_1_93' title='bbox 937 1729 1067 1784; x_wconf 69' lang='lat' dir='ltr'><strong>aunem</strong></span> 
     </span>
    </p>

    <p class='ocr_par' dir='ltr' id='par_1_5' title="bbox 150 1802 1259 2288">
     <span class='ocr_line' id='line_1_15' title="bbox 150 1802 1054 1892; baseline 0.006 -27"><span class='ocrx_word' id='word_1_94' title='bbox 150 1803 196 1865; x_wconf 77' lang='lat'><strong>20</strong></span> <span class='ocrx_word' id='word_1_95' title='bbox 219 1802 281 1866; x_wconf 92' lang='lat' dir='ltr'><strong>Cui</strong></span> <span class='ocrx_word' id='word_1_96' title='bbox 295 1804 378 1869; x_wconf 89' lang='lat' dir='ltr'><strong>male</strong></span> <span class='ocrx_word' id='word_1_97' title='bbox 394 1806 420 1867; x_wconf 88' lang='lat' dir='ltr'><strong>si</strong></span> <span class='ocrx_word' id='word_1_98' title='bbox 435 1805 578 1890; x_wconf 89' lang='lat' dir='ltr'><strong>palpere,</strong></span> <span class='ocrx_word' id='word_1_99' title='bbox 594 1807 778 1873; x_wconf 80' lang='lat' dir='ltr'><strong>recalcitret</strong></span> <span class='ocrx_word' id='word_1_100' title='bbox 792 1808 938 1892; x_wconf 93' lang='lat' dir='ltr'><strong>undique</strong></span> <span class='ocrx_word' id='word_1_101' title='bbox 953 1818 1054 1870; x_wconf 90' lang='lat' dir='ltr'><strong>tutus.</strong></span> 
     </span>
     <span class='ocr_line' id='line_1_16' title="bbox 217 1904 1033 1991; baseline 0.007 -24"><span class='ocrx_word' id='word_1_102' title='bbox 217 1904 351 1978; x_wconf 84' lang='lat' dir='ltr'><strong>Quanto</strong></span> <span class='ocrx_word' id='word_1_103' title='bbox 365 1908 485 1970; x_wconf 89' lang='lat' dir='ltr'><strong>rectius</strong></span> <span class='ocrx_word' id='word_1_104' title='bbox 500 1907 575 1984; x_wconf 91' lang='lat' dir='ltr'><strong>hoc,</strong></span> <span class='ocrx_word' id='word_1_105' title='bbox 591 1930 688 1991; x_wconf 87' lang='lat' dir='ltr'><strong>quem</strong></span> <span class='ocrx_word' id='word_1_106' title='bbox 703 1910 788 1973; x_wconf 84' lang='lat' dir='ltr'><strong>tristi</strong></span> <span class='ocrx_word' id='word_1_107' title='bbox 803 1909 923 1973; x_wconf 83' lang='lat' dir='ltr'><strong>laedere</strong></span> <span class='ocrx_word' id='word_1_108' title='bbox 937 1931 1033 1973; x_wconf 86' lang='lat' dir='ltr'><strong>versu</strong></span> 
     </span>
     <span class='ocr_line' id='line_1_17' title="bbox 217 2005 1111 2094; baseline 0.003 -24"><span class='ocrx_word' id='word_1_109' title='bbox 217 2005 434 2073; x_wconf 88' lang='lat' dir='ltr'><strong>Pantolabum</strong></span> <span class='ocrx_word' id='word_1_110' title='bbox 448 2030 602 2085; x_wconf 85' lang='lat' dir='ltr'><strong>scurram,</strong></span> <span class='ocrx_word' id='word_1_111' title='bbox 619 2008 926 2093; x_wconf 88' lang='lat' dir='ltr'><strong>Nomentanumque</strong></span> <span class='ocrx_word' id='word_1_112' title='bbox 942 2012 1111 2094; x_wconf 87' lang='lat' dir='ltr'><strong>nepotem!</strong></span> 
     </span>
     <span class='ocr_line' id='line_1_18' title="bbox 216 2107 1259 2195; baseline 0.001 -24"><span class='ocrx_word' id='word_1_113' title='bbox 216 2107 327 2181; x_wconf 86' lang='lat' dir='ltr'><strong>Quum</strong></span> <span class='ocrx_word' id='word_1_114' title='bbox 343 2110 405 2172; x_wconf 84' lang='lat' dir='ltr'><strong>sibi</strong></span> <span class='ocrx_word' id='word_1_115' title='bbox 420 2111 557 2194; x_wconf 88' lang='lat' dir='ltr'><strong>quisque</strong></span> <span class='ocrx_word' id='word_1_116' title='bbox 573 2110 675 2188; x_wconf 90' lang='lat' dir='ltr'><strong>timet,</strong></span> <span class='ocrx_word' id='word_1_117' title='bbox 692 2132 887 2195; x_wconf 89' lang='lat' dir='ltr'><strong>quamquam</strong></span> <span class='ocrx_word' id='word_1_118' title='bbox 899 2120 950 2174; x_wconf 90' lang='lat' dir='ltr'><strong>est</strong></span> <span class='ocrx_word' id='word_1_119' title='bbox 963 2112 1116 2186; x_wconf 83' lang='lat' dir='ltr'><strong>intactus,</strong></span> <span class='ocrx_word' id='word_1_120' title='bbox 1131 2120 1165 2175; x_wconf 91' lang='lat' dir='ltr'><strong>et</strong></span> <span class='ocrx_word' id='word_1_121' title='bbox 1180 2110 1259 2174; x_wconf 92' lang='lat' dir='ltr'><strong>odit.</strong></span> 
     </span>
     <span class='ocr_line' id='line_1_19' title="bbox 216 2210 1009 2288; baseline 0.005 -15"><span class='ocrx_word' id='word_1_122' title='bbox 216 2210 307 2281; x_wconf 86' lang='lat' dir='ltr'><strong>Quid</strong></span> <span class='ocrx_word' id='word_1_123' title='bbox 323 2210 462 2273; x_wconf 73' lang='lat' dir='ltr'><strong>faciam?</strong></span> <span class='ocrx_word' id='word_1_124' title='bbox 486 2210 581 2274; x_wconf 87' lang='lat' dir='ltr'><strong>saltat</strong></span> <span class='ocrx_word' id='word_1_125' title='bbox 597 2210 765 2288; x_wconf 91' lang='lat' dir='ltr'><strong>Milonius,</strong></span> <span class='ocrx_word' id='word_1_126' title='bbox 780 2222 818 2275; x_wconf 93' lang='lat' dir='ltr'><strong>ut</strong></span> <span class='ocrx_word' id='word_1_127' title='bbox 832 2210 930 2276; x_wconf 89' lang='lat' dir='ltr'><strong>semel</strong></span> <span class='ocrx_word' id='word_1_128' title='bbox 943 2212 1009 2277; x_wconf 91' lang='lat' dir='ltr'><strong>icto</strong></span> 
     </span>
    </p>

    <p class='ocr_par' dir='ltr' id='par_1_6' title="bbox 148 2308 1102 2600">
     <span class='ocr_line' id='line_1_20' title="bbox 148 2308 1015 2397; baseline 0.002 -25"><span class='ocrx_word' id='word_1_129' title='bbox 148 2312 194 2373; x_wconf 75' lang='lat'><strong>25</strong></span> <span class='ocrx_word' id='word_1_130' title='bbox 216 2308 366 2375; x_wconf 86' lang='lat' dir='ltr'><strong>Accessit</strong></span> <span class='ocrx_word' id='word_1_131' title='bbox 381 2309 487 2374; x_wconf 83' lang='lat' dir='ltr'><strong>fervor</strong></span> <span class='ocrx_word' id='word_1_132' title='bbox 502 2312 612 2397; x_wconf 88' lang='lat' dir='ltr'><strong>capiti,</strong></span> <span class='ocrx_word' id='word_1_133' title='bbox 629 2334 846 2395; x_wconf 85' lang='lat' dir='ltr'><strong>numerusque</strong></span> <span class='ocrx_word' id='word_1_134' title='bbox 864 2312 1015 2376; x_wconf 88' lang='lat' dir='ltr'><strong>lucernis.</strong></span> 
     </span>
     <span class='ocr_line' id='line_1_21' title="bbox 216 2411 989 2499; baseline 0.001 -24"><span class='ocrx_word' id='word_1_135' title='bbox 216 2412 333 2476; x_wconf 88' lang='lat' dir='ltr'><strong>Castor</strong></span> <span class='ocrx_word' id='word_1_136' title='bbox 347 2411 469 2495; x_wconf 89' lang='lat' dir='ltr'><strong>gaudet</strong></span> <span class='ocrx_word' id='word_1_137' title='bbox 482 2415 586 2497; x_wconf 88' lang='lat' dir='ltr'><strong>equis,</strong></span> <span class='ocrx_word' id='word_1_138' title='bbox 602 2437 663 2478; x_wconf 87' lang='lat' dir='ltr'><strong>ovo</strong></span> <span class='ocrx_word' id='word_1_139' title='bbox 677 2424 859 2499; x_wconf 81' lang='lat' dir='ltr'><strong>prognatus</strong></span> <span class='ocrx_word' id='word_1_140' title='bbox 872 2414 989 2478; x_wconf 90' lang='lat' dir='ltr'><strong>eodem</strong></span> 
     </span>
     <span class='ocr_line' id='line_1_22' title="bbox 214 2512 1102 2600; baseline -0.001 -23"><span class='ocrx_word' id='word_1_141' title='bbox 214 2512 338 2598; x_wconf 83' lang='lat' dir='ltr'><strong>Pugnis</strong></span> <span class='ocrx_word' id='word_1_142' title='bbox 352 2539 359 2591; x_wconf 83' lang='lat'>3</span> <span class='ocrx_word' id='word_1_143' title='bbox 383 2524 463 2596; x_wconf 90' lang='lat' dir='ltr'><strong>quot</strong></span> <span class='ocrx_word' id='word_1_144' title='bbox 477 2516 619 2600; x_wconf 85' lang='lat' dir='ltr'><strong>capitum</strong></span> <span class='ocrx_word' id='word_1_145' title='bbox 633 2516 754 2591; x_wconf 87' lang='lat' dir='ltr'><strong>vivunt,</strong></span> <span class='ocrx_word' id='word_1_146' title='bbox 769 2514 906 2578; x_wconf 91' lang='lat' dir='ltr'><strong>totidem</strong></span> <span class='ocrx_word' id='word_1_147' title='bbox 920 2514 1102 2579; x_wconf 88' lang='lat' dir='ltr'><strong>studiorum</strong></span> 
     </span>
    </p>
   </div>
   <div class='ocr_carea' id='block_1_3' title="bbox 124 2697 1271 2810">
    <p class='ocr_par' dir='ltr' id='par_1_7' title="bbox 124 2697 1271 2810">
     <span class='ocr_line' id='line_1_23' title="bbox 124 2697 1271 2810; baseline -0.001 -65"><span class='ocrx_word' id='word_1_148' title='bbox 124 2697 236 2746; x_wconf 80' lang='lat' dir='ltr'><strong>solebant</strong></span> <span class='ocrx_word' id='word_1_149' title='bbox 251 2713 356 2810; x_wconf 70' lang='lat' dir='ltr'><strong>corpora.</strong></span> <span class='ocrx_word' id='word_1_150' title='bbox 389 2698 429 2746; x_wconf 89' lang='lat' dir='ltr'><strong>Sic</strong></span> <span class='ocrx_word' id='word_1_151' title='bbox 448 2699 545 2748; x_wconf 81' lang='lat' dir='ltr'><strong>Cleobis</strong></span> <span class='ocrx_word' id='word_1_152' title='bbox 562 2709 587 2749; x_wconf 89' lang='lat' dir='ltr'><strong>et</strong></span> <span class='ocrx_word' id='word_1_153' title='bbox 598 2701 679 2757; x_wconf 84' lang='lat' dir='ltr'><strong>Biton,</strong></span> <span class='ocrx_word' id='word_1_154' title='bbox 712 2705 737 2747; x_wconf 88' lang='lat' dir='ltr'><strong>et</strong></span> <span class='ocrx_word' id='word_1_155' title='bbox 754 2699 814 2748; x_wconf 80' lang='lat' dir='ltr'><strong>ferro</strong></span> <span class='ocrx_word' id='word_1_156' title='bbox 830 2697 937 2764; x_wconf 82' lang='lat' dir='ltr'><strong>ejusdem</strong></span> <span class='ocrx_word' id='word_1_157' title='bbox 949 2697 1105 2762; x_wconf 78' lang='lat' dir='ltr'><strong>ldngitadinis</strong></span> <span class='ocrx_word' id='word_1_158' title='bbox 1116 2697 1211 2754; x_wconf 89' lang='lat' dir='ltr'><strong>muniti,</strong></span> <span class='ocrx_word' id='word_1_159' title='bbox 1222 2697 1271 2746; x_wconf 83' lang='lat' dir='ltr'><strong>rid.</strong></span> 
     </span>
    </p>
   </div>
   <div class='ocr_carea' id='block_1_4' title="bbox 115 2761 1270 4553">
    <p class='ocr_par' dir='ltr' id='par_1_8' title="bbox 115 2761 1270 4553">
     <span class='ocr_line' id='line_1_24' title="bbox 125 2761 1269 2826; baseline 0 -18"><span class='ocrx_word' id='word_1_160' title='bbox 125 2771 285 2825; x_wconf 83' lang='lat' dir='ltr'><strong>antequams</strong></span> <span class='ocrx_word' id='word_1_161' title='bbox 309 2763 394 2826; x_wconf 84' lang='lat' dir='ltr'><strong>jugum</strong></span> <span class='ocrx_word' id='word_1_162' title='bbox 414 2762 495 2811; x_wconf 80' lang='lat' dir='ltr'><strong>mauis</strong></span> <span class='ocrx_word' id='word_1_163' title='bbox 510 2764 626 2813; x_wconf 79' lang='lat' dir='ltr'><strong>insanum</strong></span> <span class='ocrx_word' id='word_1_164' title='bbox 639 2782 679 2814; x_wconf 85' lang='lat' dir='ltr'><strong>ve·</strong></span> <span class='ocrx_word' id='word_1_165' title='bbox 713 2762 917 2811; x_wconf 82' lang='lat' dir='ltr'><strong>Heindori.adh.</strong></span> <span class='ocrx_word' id='word_1_166' title='bbox 930 2762 947 2809; x_wconf 93' lang='lat' dir='ltr'><strong>l.</strong></span> <span class='ocrx_word' id='word_1_167' title='bbox 981 2763 1094 2811; x_wconf 85' lang='lat' dir='ltr'><strong>Ceterum</strong></span> <span class='ocrx_word' id='word_1_168' title='bbox 1111 2761 1227 2810; x_wconf 72' lang='lat' dir='ltr'><strong>Horatius</strong></span> <span class='ocrx_word' id='word_1_169' title='bbox 1242 2762 1269 2809; x_wconf 89' lang='lat' dir='ltr'><strong>in</strong></span> 
     </span>
     <span class='ocr_line' id='line_1_25' title="bbox 125 2825 1269 2892; baseline -0.001 -19"><span class='ocrx_word' id='word_1_170' title='bbox 125 2825 211 2874; x_wconf 85' lang='lat' dir='ltr'><strong>hendae</strong></span> <span class='ocrx_word' id='word_1_171' title='bbox 227 2841 300 2874; x_wconf 84' lang='lat' dir='ltr'><strong>eausa</strong></span> <span class='ocrx_word' id='word_1_172' title='bbox 315 2826 468 2882; x_wconf 83' lang='lat' dir='ltr'><strong>accedebant,</strong></span> <span class='ocrx_word' id='word_1_173' title='bbox 480 2838 539 2876; x_wconf 77' lang='lat' dir='ltr'><strong>veste</strong></span> <span class='ocrx_word' id='word_1_174' title='bbox 552 2832 623 2888; x_wconf 81' lang='lat' dir='ltr'><strong>posita</strong></span> <span class='ocrx_word' id='word_1_175' title='bbox 634 2832 680 2877; x_wconf 81' lang='lat' dir='ltr'><strong>oleo</strong></span> <span class='ocrx_word' id='word_1_176' title='bbox 712 2825 757 2875; x_wconf 89' lang='lat' dir='ltr'><strong>boe</strong></span> <span class='ocrx_word' id='word_1_177' title='bbox 776 2828 829 2892; x_wconf 79' lang='lat' dir='ltr'><strong>ipso</strong></span> <span class='ocrx_word' id='word_1_178' title='bbox 846 2826 907 2880; x_wconf 88' lang='lat' dir='ltr'><strong>loeo,</strong></span> <span class='ocrx_word' id='word_1_179' title='bbox 924 2825 966 2874; x_wconf 90' lang='lat' dir='ltr'><strong>ubi</strong></span> <span class='ocrx_word' id='word_1_180' title='bbox 980 2841 1006 2874; x_wconf 82' lang='lat' dir='ltr'><strong>se</strong></span> <span class='ocrx_word' id='word_1_181' title='bbox 1021 2825 1052 2873; x_wconf 89' lang='lat' dir='ltr'><strong>ad</strong></span> <span class='ocrx_word' id='word_1_182' title='bbox 1067 2840 1162 2874; x_wconf 80' lang='lat' dir='ltr'><strong>carmen</strong></span> <span class='ocrx_word' id='word_1_183' title='bbox 1173 2825 1269 2890; x_wconf 87' lang='lat' dir='ltr'><strong>epicum</strong></span> 
     </span>
     <span class='ocr_line' id='line_1_26' title="bbox 123 2888 1269 2956; baseline -0.001 -19"><span class='ocrx_word' id='word_1_184' title='bbox 123 2907 218 2952; x_wconf 73' lang='lat' dir='ltr'><strong>corpora</strong></span> <span class='ocrx_word' id='word_1_185' title='bbox 229 2893 358 2951; x_wconf 73' lang='lat' dir='ltr'><strong>perunxisse</strong></span> <span class='ocrx_word' id='word_1_186' title='bbox 369 2893 496 2938; x_wconf 82' lang='lat' dir='ltr'><strong>dicentur:</strong></span> <span class='ocrx_word' id='word_1_187' title='bbox 518 2891 572 2939; x_wconf 92' lang='lat' dir='ltr'><strong>Cic.</strong></span> <span class='ocrx_word' id='word_1_188' title='bbox 588 2893 679 2950; x_wconf 76' lang='lat' dir='ltr'><strong>Quest.</strong></span> <span class='ocrx_word' id='word_1_189' title='bbox 711 2890 903 2956; x_wconf 87' lang='lat' dir='ltr'><strong>componendum</strong></span> <span class='ocrx_word' id='word_1_190' title='bbox 913 2890 1004 2938; x_wconf 85' lang='lat' dir='ltr'><strong>viribus</strong></span> <span class='ocrx_word' id='word_1_191' title='bbox 1020 2888 1160 2937; x_wconf 87' lang='lat' dir='ltr'><strong>destitutum</strong></span> <span class='ocrx_word' id='word_1_192' title='bbox 1175 2889 1269 2953; x_wconf 85' lang='lat' dir='ltr'><strong>prolite-</strong></span> 
     </span>
     <span class='ocr_line' id='line_1_27' title="bbox 124 2952 1269 3018; baseline -0.001 -17"><span class='ocrx_word' id='word_1_193' title='bbox 124 2953 198 3002; x_wconf 81' lang='lat' dir='ltr'><strong>Tusc.</strong></span> <span class='ocrx_word' id='word_1_194' title='bbox 210 2953 226 3012; x_wconf 88' lang='lat' dir='ltr'><strong>i,</strong></span> <span class='ocrx_word' id='word_1_195' title='bbox 239 2969 261 3000; x_wconf 90' lang='lat' dir='ltr'><strong>c.</strong></span> <span class='ocrx_word' id='word_1_196' title='bbox 274 2955 313 3001; x_wconf 81' lang='lat'><strong>47.</strong></span> <span class='ocrx_word' id='word_1_197' title='bbox 711 2962 757 3010; x_wconf 88' lang='lat' dir='ltr'><strong>tur,</strong></span> <span class='ocrx_word' id='word_1_198' title='bbox 769 2970 851 3002; x_wconf 84' lang='lat' dir='ltr'><strong>versus</strong></span> <span class='ocrx_word' id='word_1_199' title='bbox 862 2953 952 3018; x_wconf 88' lang='lat' dir='ltr'><strong>aliquot</strong></span> <span class='ocrx_word' id='word_1_200' title='bbox 960 2953 1169 3018; x_wconf 83' lang='lat' dir='ltr'><strong>seeitpoetaepico</strong></span> <span class='ocrx_word' id='word_1_201' title='bbox 1177 2952 1269 3016; x_wconf 76' lang='lat' dir='ltr'><strong>dignis·</strong></span> 
     </span>
     <span class='ocr_line' id='line_1_28' title="bbox 157 3016 793 3074; baseline -0.003 -8"><span class='ocrx_word' id='word_1_202' title='bbox 157 3019 181 3074; x_wconf 81' lang='grc'><strong>8,</strong></span> <span class='ocrx_word' id='word_1_203' title='bbox 195 3019 219 3065; x_wconf 88' lang='grc'><strong>9.</strong></span> <span class='ocrx_word' id='word_1_204' title='bbox 238 3017 396 3066; x_wconf 83' lang='lat' dir='ltr'><strong>Transnento:</strong></span> <span class='ocrx_word' id='word_1_205' title='bbox 414 3016 436 3064; x_wconf 83' lang='lat' dir='ltr'><strong>lc</strong></span> <span class='ocrx_word' id='word_1_206' title='bbox 454 3016 492 3064; x_wconf 87' lang='lat' dir='ltr'><strong>ide</strong></span> <span class='ocrx_word' id='word_1_207' title='bbox 503 3019 637 3074; x_wconf 51' lang='lat' dir='ltr'><strong>Trebatius</strong></span> <span class='ocrx_word' id='word_1_208' title='bbox 653 3027 679 3066; x_wconf 87' lang='lat' dir='ltr'><strong>ut</strong></span> <span class='ocrx_word' id='word_1_209' title='bbox 711 3017 793 3066; x_wconf 77' lang='lat' dir='ltr'><strong>simos.</strong></span> 
     </span>
     <span class='ocr_line' id='line_1_29' title="bbox 121 3035 1270 3145; baseline -0.002 -16"><span class='ocrx_word' id='word_1_210' title='bbox 121 3079 316 3145; x_wconf 86' lang='lat' dir='ltr'><strong>jurisconsultus,</strong></span> <span class='ocrx_word' id='word_1_211' title='bbox 333 3082 413 3144; x_wconf 87' lang='lat' dir='ltr'><strong>legum</strong></span> <span class='ocrx_word' id='word_1_212' title='bbox 430 3035 537 3129; x_wconf 58' lang='lat' dir='ltr'><strong>damulis</strong></span> <span class='ocrx_word' id='word_1_213' title='bbox 555 3081 677 3138; x_wconf 85' lang='lat' dir='ltr'><strong>adsuetus,</strong></span> <span class='ocrx_word' id='word_1_214' title='bbox 744 3084 849 3130; x_wconf 79' lang='grc'><strong>16-18.</strong></span> <span class='ocrx_word' id='word_1_215' title='bbox 866 3082 966 3139; x_wconf 76' lang='lat' dir='ltr'><strong>Por-tem,</strong></span> <span class='ocrx_word' id='word_1_216' title='bbox 978 3097 1032 3144; x_wconf 71' lang='lat' dir='ltr'><strong>qun</strong></span> <span class='ocrx_word' id='word_1_217' title='bbox 1049 3090 1115 3129; x_wconf 81' lang='lat' dir='ltr'><strong>recta</strong></span> <span class='ocrx_word' id='word_1_218' title='bbox 1130 3087 1156 3128; x_wconf 89' lang='lat' dir='ltr'><strong>et</strong></span> <span class='ocrx_word' id='word_1_219' title='bbox 1170 3079 1270 3127; x_wconf 80' lang='lat' dir='ltr'><strong>honesta</strong></span> 
     </span>
     <span class='ocr_line' id='line_1_30' title="bbox 122 3144 1270 3212; baseline -0.002 -20"><span class='ocrx_word' id='word_1_220' title='bbox 122 3145 181 3209; x_wconf 89' lang='lat' dir='ltr'><strong>quid</strong></span> <span class='ocrx_word' id='word_1_221' title='bbox 194 3144 327 3192; x_wconf 83' lang='lat' dir='ltr'><strong>iaciendum</strong></span> <span class='ocrx_word' id='word_1_222' title='bbox 340 3144 371 3193; x_wconf 88' lang='lat' dir='ltr'><strong>sit</strong></span> <span class='ocrx_word' id='word_1_223' title='bbox 389 3145 497 3201; x_wconf 85' lang='lat' dir='ltr'><strong>Horatio,</strong></span> <span class='ocrx_word' id='word_1_224' title='bbox 506 3145 532 3192; x_wconf 93' lang='lat' dir='ltr'><strong>in</strong></span> <span class='ocrx_word' id='word_1_225' title='bbox 543 3145 679 3212; x_wconf 87' lang='lat' dir='ltr'><strong>imperativo</strong></span> <span class='ocrx_word' id='word_1_226' title='bbox 711 3154 769 3193; x_wconf 91' lang='lat' dir='ltr'><strong>sunt</strong></span> <span class='ocrx_word' id='word_1_227' title='bbox 800 3156 894 3193; x_wconf 84' lang='lat' dir='ltr'><strong>strenue</strong></span> <span class='ocrx_word' id='word_1_228' title='bbox 958 3153 1088 3208; x_wconf 81' lang='lat' dir='ltr'><strong>regentem.</strong></span> <span class='ocrx_word' id='word_1_229' title='bbox 1137 3145 1270 3205; x_wconf 69' lang='lat' dir='ltr'><strong>Scipiadam</strong></span> 
     </span>
     <span class='ocr_line' id='line_1_31' title="bbox 122 3207 1267 3274; baseline -0.002 -19"><span class='ocrx_word' id='word_1_230' title='bbox 122 3207 263 3274; x_wconf 76' lang='lat' dir='ltr'><strong>prescribit.</strong></span> <span class='ocrx_word' id='word_1_231' title='bbox 306 3209 405 3272; x_wconf 73' lang='lat' dir='ltr'><strong>leriguu</strong></span> <span class='ocrx_word' id='word_1_232' title='bbox 443 3226 472 3256; x_wconf 84' lang='lat' dir='ltr'><strong>ue</strong></span> <span class='ocrx_word' id='word_1_233' title='bbox 500 3227 560 3257; x_wconf 86' lang='lat' dir='ltr'><strong>mero</strong></span> <span class='ocrx_word' id='word_1_234' title='bbox 584 3227 679 3271; x_wconf 83' lang='lat' dir='ltr'><strong>corpns,·</strong></span> <span class='ocrx_word' id='word_1_235' title='bbox 713 3211 823 3272; x_wconf 69' lang='lat' dir='ltr'><strong>(Graes,</strong></span> <span class='ocrx_word' id='word_1_236' title='bbox 835 3217 863 3256; x_wconf 93' lang='lat' dir='ltr'><strong>ut</strong></span> <span class='ocrx_word' id='word_1_237' title='bbox 876 3224 922 3274; x_wconf 88' lang='lat' dir='ltr'><strong>apu</strong></span> <span class='ocrx_word' id='word_1_238' title='bbox 950 3207 1267 3273; x_wconf 82' lang='lat' dir='ltr'><strong>Virg.Geo.ii,170,AEn.</strong></span> 
     </span>
     <span class='ocr_line' id='line_1_32' title="bbox 122 3269 1268 3339; baseline -0.003 -19"><span class='ocrx_word' id='word_1_239' title='bbox 122 3285 189 3330; x_wconf 86' lang='lat' dir='ltr'><strong>nam,</strong></span> <span class='ocrx_word' id='word_1_240' title='bbox 202 3273 242 3337; x_wconf 89' lang='lat' dir='ltr'><strong>qui</strong></span> <span class='ocrx_word' id='word_1_241' title='bbox 253 3273 308 3323; x_wconf 86' lang='lat' dir='ltr'><strong>vino</strong></span> <span class='ocrx_word' id='word_1_242' title='bbox 319 3274 423 3326; x_wconf 81' lang='lat' dir='ltr'><strong>madent,</strong></span> <span class='ocrx_word' id='word_1_243' title='bbox 443 3273 504 3321; x_wconf 87' lang='lat' dir='ltr'><strong>aeils</strong></span> <span class='ocrx_word' id='word_1_244' title='bbox 516 3287 531 3320; x_wconf 80' lang='lat' dir='ltr'><strong>a</strong></span> <span class='ocrx_word' id='word_1_245' title='bbox 542 3288 625 3322; x_wconf 80' lang='lat' dir='ltr'><strong>somno</strong></span> <span class='ocrx_word' id='word_1_246' title='bbox 634 3290 676 3339; x_wconf 89' lang='lat' dir='ltr'><strong>op·</strong></span> <span class='ocrx_word' id='word_1_247' title='bbox 709 3273 742 3327; x_wconf 87' lang='lat' dir='ltr'><strong>vi,</strong></span> <span class='ocrx_word' id='word_1_248' title='bbox 761 3275 819 3326; x_wconf 78' lang='lat'><strong>844,</strong></span> <span class='ocrx_word' id='word_1_249' title='bbox 831 3288 880 3336; x_wconf 86' lang='lat' dir='ltr'><strong>pro,</strong></span> <span class='ocrx_word' id='word_1_250' title='bbox 892 3272 1072 3334; x_wconf 70' lang='lat' dir='ltr'><strong>Scipimisdem)</strong></span> <span class='ocrx_word' id='word_1_251' title='bbox 1086 3269 1195 3334; x_wconf 88' lang='lat' dir='ltr'><strong>intelligo</strong></span> <span class='ocrx_word' id='word_1_252' title='bbox 1214 3269 1268 3318; x_wconf 84' lang='lat' dir='ltr'><strong>Sei·</strong></span> 
     </span>
     <span class='ocr_line' id='line_1_33' title="bbox 121 3333 1267 3401; baseline -0.002 -17"><span class='ocrx_word' id='word_1_253' title='bbox 121 3337 192 3400; x_wconf 87' lang='lat' dir='ltr'><strong>primi</strong></span> <span class='ocrx_word' id='word_1_254' title='bbox 210 3337 293 3386; x_wconf 82' lang='lat' dir='ltr'><strong>solent.</strong></span> <span class='ocrx_word' id='word_1_255' title='bbox 325 3339 436 3387; x_wconf 87' lang='lat' dir='ltr'><strong>Ceterum</strong></span> <span class='ocrx_word' id='word_1_256' title='bbox 457 3336 501 3384; x_wconf 88' lang='lat' dir='ltr'><strong>boc</strong></span> <span class='ocrx_word' id='word_1_257' title='bbox 522 3336 604 3385; x_wconf 87' lang='lat' dir='ltr'><strong>datum</strong></span> <span class='ocrx_word' id='word_1_258' title='bbox 628 3337 677 3385; x_wconf 85' lang='lat' dir='ltr'><strong>llo·</strong></span> <span class='ocrx_word' id='word_1_259' title='bbox 710 3336 805 3401; x_wconf 85' lang='lat' dir='ltr'><strong>pionem</strong></span> <span class='ocrx_word' id='word_1_260' title='bbox 822 3334 964 3384; x_wconf 77' lang='lat' dir='ltr'><strong>Africanum</strong></span> <span class='ocrx_word' id='word_1_261' title='bbox 980 3336 1187 3400; x_wconf 82' lang='lat' dir='ltr'><strong>minorem,cujus</strong></span> <span class='ocrx_word' id='word_1_262' title='bbox 1201 3333 1267 3382; x_wconf 78' lang='lat' dir='ltr'><strong>baud</strong></span> 
     </span>
     <span class='ocr_line' id='line_1_34' title="bbox 121 3397 1269 3466; baseline -0.002 -19"><span class='ocrx_word' id='word_1_263' title='bbox 121 3401 182 3448; x_wconf 89' lang='lat' dir='ltr'><strong>ratio</strong></span> <span class='ocrx_word' id='word_1_264' title='bbox 203 3400 329 3449; x_wconf 83' lang='lat' dir='ltr'><strong>consilium</strong></span> <span class='ocrx_word' id='word_1_265' title='bbox 349 3400 411 3448; x_wconf 86' lang='lat' dir='ltr'><strong>bene</strong></span> <span class='ocrx_word' id='word_1_266' title='bbox 436 3399 564 3466; x_wconf 82' lang='lat' dir='ltr'><strong>respondet</strong></span> <span class='ocrx_word' id='word_1_267' title='bbox 584 3401 679 3465; x_wconf 80' lang='lat' dir='ltr'><strong>ingenio</strong></span> <span class='ocrx_word' id='word_1_268' title='bbox 711 3401 834 3464; x_wconf 81' lang='lat' dir='ltr'><strong>vulgarem</strong></span> <span class='ocrx_word' id='word_1_269' title='bbox 844 3415 900 3448; x_wconf 85' lang='lat' dir='ltr'><strong>cam</strong></span> <span class='ocrx_word' id='word_1_270' title='bbox 913 3399 1128 3449; x_wconf 77' lang='lat' dir='ltr'><strong>Lelioemicitiam</strong></span> <span class='ocrx_word' id='word_1_271' title='bbox 1137 3397 1269 3448; x_wconf 80' lang='lat' dir='ltr'><strong>celebravit</strong></span> 
     </span>
     <span class='ocr_line' id='line_1_35' title="bbox 121 3463 1267 3534; baseline -0.002 -22"><span class='ocrx_word' id='word_1_272' title='bbox 121 3463 235 3519; x_wconf 80' lang='lat' dir='ltr'><strong>Trebatii.</strong></span> <span class='ocrx_word' id='word_1_273' title='bbox 246 3481 317 3528; x_wconf 91' lang='lat' dir='ltr'><strong>quem</strong></span> <span class='ocrx_word' id='word_1_274' title='bbox 331 3473 354 3513; x_wconf 89' lang='lat' dir='ltr'><strong>et</strong></span> <span class='ocrx_word' id='word_1_275' title='bbox 368 3464 467 3512; x_wconf 88' lang='lat' dir='ltr'><strong>natandi</strong></span> <span class='ocrx_word' id='word_1_276' title='bbox 482 3463 680 3514; x_wconf 85' lang='lat' dir='ltr'><strong>studiosissimum</strong></span> <span class='ocrx_word' id='word_1_277' title='bbox 713 3464 799 3515; x_wconf 87' lang='lat' dir='ltr'><strong>Cicero</strong></span> <span class='ocrx_word' id='word_1_278' title='bbox 815 3464 841 3511; x_wconf 88' lang='lat' dir='ltr'><strong>in</strong></span> <span class='ocrx_word' id='word_1_279' title='bbox 852 3479 958 3513; x_wconf 87' lang='lat' dir='ltr'><strong>sermone</strong></span> <span class='ocrx_word' id='word_1_280' title='bbox 974 3465 1004 3512; x_wconf 92' lang='lat' dir='ltr'><strong>de</strong></span> <span class='ocrx_word' id='word_1_281' title='bbox 1016 3464 1139 3513; x_wconf 84' lang='lat' dir='ltr'><strong>Amicitia.</strong></span> <span class='ocrx_word' id='word_1_282' title='bbox 1172 3463 1267 3534; x_wconf 75' lang='lat' dir='ltr'><strong>Sapiens</strong></span> 
     </span>
     <span class='ocr_line' id='line_1_36' title="bbox 120 3525 1267 3594; baseline -0.003 -18"><span class='ocrx_word' id='word_1_283' title='bbox 120 3537 146 3576; x_wconf 86' lang='lat' dir='ltr'><strong>et</strong></span> <span class='ocrx_word' id='word_1_284' title='bbox 167 3528 256 3578; x_wconf 90' lang='lat' dir='ltr'><strong>bonum</strong></span> <span class='ocrx_word' id='word_1_285' title='bbox 277 3527 326 3576; x_wconf 79' lang='lat' dir='ltr'><strong>vini</strong></span> <span class='ocrx_word' id='word_1_286' title='bbox 349 3537 453 3592; x_wconf 86' lang='lat' dir='ltr'><strong>potorem</strong></span> <span class='ocrx_word' id='word_1_287' title='bbox 475 3527 549 3576; x_wconf 84' lang='lat' dir='ltr'><strong>luisse</strong></span> <span class='ocrx_word' id='word_1_288' title='bbox 570 3544 599 3577; x_wconf 80' lang='lat' dir='ltr'><strong>ex</strong></span> <span class='ocrx_word' id='word_1_289' title='bbox 623 3529 676 3578; x_wconf 89' lang='lat' dir='ltr'><strong>Cic.</strong></span> <span class='ocrx_word' id='word_1_290' title='bbox 709 3529 825 3584; x_wconf 66' lang='lat' dir='ltr'><strong>Lucillam,</strong></span> <span class='ocrx_word' id='word_1_291' title='bbox 859 3529 899 3576; x_wconf 84' lang='lat' dir='ltr'><strong>uia</strong></span> <span class='ocrx_word' id='word_1_292' title='bbox 917 3529 1035 3594; x_wconf 83' lang='lat' dir='ltr'><strong>sapienter</strong></span> <span class='ocrx_word' id='word_1_293' title='bbox 1054 3526 1127 3575; x_wconf 87' lang='lat' dir='ltr'><strong>vitam</strong></span> <span class='ocrx_word' id='word_1_294' title='bbox 1147 3527 1186 3574; x_wconf 89' lang='lat' dir='ltr'><strong>Sci</strong></span> <span class='ocrx_word' id='word_1_295' title='bbox 1212 3525 1267 3573; x_wconf 85' lang='lat' dir='ltr'><strong>onis</strong></span> 
     </span>
     <span class='ocr_line' id='line_1_37' title="bbox 123 3543 1265 3658; baseline -0.003 -19"><span class='ocrx_word' id='word_1_296' title='bbox 123 3591 200 3658; x_wconf 86' lang='lat' dir='ltr'><strong>Epist.</strong></span> <span class='ocrx_word' id='word_1_297' title='bbox 210 3593 251 3651; x_wconf 87' lang='lat' dir='ltr'><strong>vii,</strong></span> <span class='ocrx_word' id='word_1_298' title='bbox 265 3591 505 3641; x_wconf 65' lang='lat' dir='ltr'><strong>recentissimus.</strong></span> <span class='ocrx_word' id='word_1_299' title='bbox 707 3592 753 3640; x_wconf 83' lang='lat' dir='ltr'><strong>sibi</strong></span> <span class='ocrx_word' id='word_1_300' title='bbox 771 3543 949 3641; x_wconf 55' lang='lat' dir='ltr'><strong>describendam</strong></span> <span class='ocrx_word' id='word_1_301' title='bbox 968 3591 1061 3640; x_wconf 85' lang='lat' dir='ltr'><strong>sumsit.</strong></span> <span class='ocrx_word' id='word_1_302' title='bbox 1096 3593 1153 3640; x_wconf 90' lang='lat' dir='ltr'><strong>Vet.</strong></span> <span class='ocrx_word' id='word_1_303' title='bbox 1207 3589 1265 3645; x_wconf 82' lang='lat' dir='ltr'><strong>hol..</strong></span> 
     </span>
     <span class='ocr_line' id='line_1_38' title="bbox 156 3655 1265 3718; baseline -0.003 -14"><span class='ocrx_word' id='word_1_304' title='bbox 156 3657 194 3704; x_wconf 95' lang='grc'><strong>11.</strong></span> <span class='ocrx_word' id='word_1_305' title='bbox 209 3657 317 3705; x_wconf 70' lang='lat' dir='ltr'><strong>coesarn:</strong></span> <span class='ocrx_word' id='word_1_306' title='bbox 329 3657 363 3704; x_wconf 88' lang='lat' dir='ltr'><strong>sic</strong></span> <span class='ocrx_word' id='word_1_307' title='bbox 376 3655 524 3706; x_wconf 83' lang='lat' dir='ltr'><strong>Octavianus</strong></span> <span class='ocrx_word' id='word_1_308' title='bbox 536 3656 567 3704; x_wconf 89' lang='lat' dir='ltr'><strong>ab</strong></span> <span class='ocrx_word' id='word_1_309' title='bbox 578 3656 676 3704; x_wconf 87' lang='lat' dir='ltr'><strong>lloratio</strong></span> <span class='ocrx_word' id='word_1_310' title='bbox 709 3656 816 3703; x_wconf 78' lang='lat' dir='ltr'><strong>Lucilius</strong></span> <span class='ocrx_word' id='word_1_311' title='bbox 834 3658 903 3702; x_wconf 81' lang='lat' dir='ltr'><strong>eitum</strong></span> <span class='ocrx_word' id='word_1_312' title='bbox 914 3657 1025 3716; x_wconf 79' lang='lat' dir='ltr'><strong>Scipionis</strong></span> <span class='ocrx_word' id='word_1_313' title='bbox 1035 3659 1151 3718; x_wconf 79' lang='lat' dir='ltr'><strong>privatam</strong></span> <span class='ocrx_word' id='word_1_314' title='bbox 1164 3655 1265 3715; x_wconf 80' lang='lat' dir='ltr'><strong>descrip-</strong></span> 
     </span>
     <span class='ocr_line' id='line_1_39' title="bbox 120 3719 1265 3785; baseline -0.003 -18"><span class='ocrx_word' id='word_1_315' title='bbox 120 3720 145 3767; x_wconf 94' lang='lat' dir='ltr'><strong>in</strong></span> <span class='ocrx_word' id='word_1_316' title='bbox 158 3721 249 3776; x_wconf 79' lang='lat' dir='ltr'><strong>Satiris,</strong></span> <span class='ocrx_word' id='word_1_317' title='bbox 263 3720 340 3784; x_wconf 90' lang='lat' dir='ltr'><strong>Epod.</strong></span> <span class='ocrx_word' id='word_1_318' title='bbox 351 3729 375 3768; x_wconf 87' lang='lat' dir='ltr'><strong>et</strong></span> <span class='ocrx_word' id='word_1_319' title='bbox 386 3719 429 3767; x_wconf 90' lang='lat' dir='ltr'><strong>lib.</strong></span> <span class='ocrx_word' id='word_1_320' title='bbox 439 3720 509 3785; x_wconf 72' lang='lat' dir='ltr'><strong>prim.</strong></span> <span class='ocrx_word' id='word_1_321' title='bbox 521 3720 569 3768; x_wconf 91' lang='lat' dir='ltr'><strong>Od.</strong></span> <span class='ocrx_word' id='word_1_322' title='bbox 582 3722 623 3785; x_wconf 91' lang='lat' dir='ltr'><strong>(ut</strong></span> <span class='ocrx_word' id='word_1_323' title='bbox 634 3721 677 3768; x_wconf 87' lang='lat' dir='ltr'><strong>ob·</strong></span> <span class='ocrx_word' id='word_1_324' title='bbox 710 3719 844 3776; x_wconf 82' lang='lat' dir='ltr'><strong>sit‚Ennirts</strong></span> <span class='ocrx_word' id='word_1_325' title='bbox 862 3734 914 3764; x_wconf 78' lang='lat' dir='ltr'><strong>sero</strong></span> <span class='ocrx_word' id='word_1_326' title='bbox 930 3720 999 3766; x_wconf 78' lang='lat' dir='ltr'><strong>belle.</strong></span> <span class='ocrx_word' id='word_1_327' title='bbox 1033 3719 1107 3766; x_wconf 80' lang='lat' dir='ltr'><strong>Haud</strong></span> <span class='ocrx_word' id='word_1_328' title='bbox 1123 3719 1179 3764; x_wconf 80' lang='lat' dir='ltr'><strong>milri</strong></span> <span class='ocrx_word' id='word_1_329' title='bbox 1200 3719 1265 3764; x_wconf 82' lang='lat' dir='ltr'><strong>deero</strong></span> 
     </span>
     <span class='ocr_line' id='line_1_40' title="bbox 120 3779 1264 3848; baseline -0.002 -18"><span class='ocrx_word' id='word_1_330' title='bbox 120 3793 199 3832; x_wconf 83' lang='lat' dir='ltr'><strong>servat</strong></span> <span class='ocrx_word' id='word_1_331' title='bbox 213 3783 339 3832; x_wconf 85' lang='lat' dir='ltr'><strong>Bentleius</strong></span> <span class='ocrx_word' id='word_1_332' title='bbox 356 3783 381 3832; x_wconf 93' lang='lat' dir='ltr'><strong>in</strong></span> <span class='ocrx_word' id='word_1_333' title='bbox 399 3785 490 3848; x_wconf 72' lang='lat' dir='ltr'><strong>praelat.</strong></span> <span class='ocrx_word' id='word_1_334' title='bbox 505 3783 536 3833; x_wconf 88' lang='lat' dir='ltr'><strong>ad</strong></span> <span class='ocrx_word' id='word_1_335' title='bbox 550 3785 622 3846; x_wconf 85' lang='lat' dir='ltr'><strong>Hor.)</strong></span> <span class='ocrx_word' id='word_1_336' title='bbox 635 3801 676 3832; x_wconf 86' lang='lat' dir='ltr'><strong>vo·</strong></span> <span class='ocrx_word' id='word_1_337' title='bbox 711 3788 751 3846; x_wconf 88' lang='lat' dir='ltr'><strong>(ut</strong></span> <span class='ocrx_word' id='word_1_338' title='bbox 769 3797 824 3845; x_wconf 85' lang='lat' dir='ltr'><strong>sup.</strong></span> <span class='ocrx_word' id='word_1_339' title='bbox 844 3781 861 3836; x_wconf 89' lang='lat' dir='ltr'><strong>i,</strong></span> <span class='ocrx_word' id='word_1_340' title='bbox 878 3784 903 3836; x_wconf 84' lang='lat'><strong>9,</strong></span> <span class='ocrx_word' id='word_1_341' title='bbox 922 3784 978 3840; x_wconf 78' lang='lat'>55),</span> <span class='ocrx_word' id='word_1_342' title='bbox 996 3782 1021 3829; x_wconf 89' lang='lat' dir='ltr'><strong>id</strong></span> <span class='ocrx_word' id='word_1_343' title='bbox 1036 3781 1148 3846; x_wconf 86' lang='lat' dir='ltr'><strong>equidem</strong></span> <span class='ocrx_word' id='word_1_344' title='bbox 1167 3779 1264 3828; x_wconf 77' lang='lat' dir='ltr'><strong>faciam.</strong></span> 
     </span>
     <span class='ocr_line' id='line_1_41' title="bbox 119 3842 1264 3912; baseline -0.003 -18"><span class='ocrx_word' id='word_1_345' title='bbox 119 3857 206 3908; x_wconf 86' lang='lat' dir='ltr'><strong>eatur;</strong></span> <span class='ocrx_word' id='word_1_346' title='bbox 223 3863 278 3895; x_wconf 84' lang='lat' dir='ltr'><strong>nam</strong></span> <span class='ocrx_word' id='word_1_347' title='bbox 293 3847 396 3912; x_wconf 76' lang='lat' dir='ltr'><strong>Augusti</strong></span> <span class='ocrx_word' id='word_1_348' title='bbox 408 3863 495 3897; x_wconf 88' lang='lat' dir='ltr'><strong>nomen</strong></span> <span class='ocrx_word' id='word_1_349' title='bbox 505 3864 567 3898; x_wconf 89' lang='lat' dir='ltr'><strong>anno</strong></span> <span class='ocrx_word' id='word_1_350' title='bbox 578 3847 675 3897; x_wconf 85' lang='lat' dir='ltr'><strong>demum</strong></span> <span class='ocrx_word' id='word_1_351' title='bbox 709 3846 759 3904; x_wconf 87' lang='lat' dir='ltr'><strong>Qui</strong></span> <span class='ocrx_word' id='word_1_352' title='bbox 769 3861 819 3893; x_wconf 90' lang='lat' dir='ltr'><strong>non</strong></span> <span class='ocrx_word' id='word_1_353' title='bbox 835 3843 935 3908; x_wconf 75' lang='lat' dir='ltr'><strong>negligit</strong></span> <span class='ocrx_word' id='word_1_354' title='bbox 948 3845 1023 3893; x_wconf 82' lang='lat' dir='ltr'><strong>lacere</strong></span> <span class='ocrx_word' id='word_1_355' title='bbox 1038 3843 1103 3907; x_wconf 88' lang='lat' dir='ltr'><strong>quod</strong></span> <span class='ocrx_word' id='word_1_356' title='bbox 1119 3857 1166 3908; x_wconf 88' lang='lat' dir='ltr'><strong>pro·</strong></span> <span class='ocrx_word' id='word_1_357' title='bbox 1174 3842 1264 3890; x_wconf 87' lang='lat' dir='ltr'><strong>viribus</strong></span> 
     </span>
     <span class='ocr_line' id='line_1_42' title="bbox 120 3906 1266 3974; baseline -0.003 -16"><span class='ocrx_word' id='word_1_358' title='bbox 120 3911 536 3960; x_wconf 78' lang='lat' dir='ltr'><strong>nccxxvusssumsitOctavianus:</strong></span> <span class='ocrx_word' id='word_1_359' title='bbox 550 3913 675 3961; x_wconf 85' lang='lat' dir='ltr'><strong>DioCass.</strong></span> <span class='ocrx_word' id='word_1_360' title='bbox 708 3911 784 3959; x_wconf 85' lang='lat' dir='ltr'><strong>lacere</strong></span> <span class='ocrx_word' id='word_1_361' title='bbox 794 3915 880 3974; x_wconf 81' lang='lat' dir='ltr'><strong>potest,</strong></span> <span class='ocrx_word' id='word_1_362' title='bbox 895 3908 917 3956; x_wconf 89' lang='lat' dir='ltr'><strong>is</strong></span> <span class='ocrx_word' id='word_1_363' title='bbox 933 3908 978 3955; x_wconf 83' lang='lat' dir='ltr'><strong>sibi</strong></span> <span class='ocrx_word' id='word_1_364' title='bbox 992 3924 1039 3956; x_wconf 88' lang='lat' dir='ltr'><strong>non</strong></span> <span class='ocrx_word' id='word_1_365' title='bbox 1052 3907 1128 3956; x_wconf 86' lang='lat' dir='ltr'><strong>deest.</strong></span> <span class='ocrx_word' id='word_1_366' title='bbox 1160 3906 1266 3954; x_wconf 72' lang='lat' dir='ltr'><strong>Caram</strong></span> 
     </span>
     <span class='ocr_line' id='line_1_43' title="bbox 118 3967 1265 4084; baseline -0.004 -63"><span class='ocrx_word' id='word_1_367' title='bbox 118 3973 164 4030; x_wconf 91' lang='lat' dir='ltr'><strong>liii,</strong></span> <span class='ocrx_word' id='word_1_368' title='bbox 178 3977 216 4025; x_wconf 88' lang='grc'><strong>16.</strong></span> <span class='ocrx_word' id='word_1_369' title='bbox 707 3974 836 4084; x_wconf 51' lang='grc' dir='ltr'><strong>ἰριαιζοτιι,</strong></span> <span class='ocrx_word' id='word_1_370' title='bbox 848 3987 903 4020; x_wconf 87' lang='lat' dir='ltr'><strong>cum</strong></span> <span class='ocrx_word' id='word_1_371' title='bbox 921 3971 973 4035; x_wconf 84' lang='lat' dir='ltr'><strong>ipsa</strong></span> <span class='ocrx_word' id='word_1_372' title='bbox 990 3971 1064 4035; x_wconf 88' lang='lat' dir='ltr'><strong>bujus</strong></span> <span class='ocrx_word' id='word_1_373' title='bbox 1077 3969 1111 4019; x_wconf 89' lang='lat' dir='ltr'><strong>rei</strong></span> <span class='ocrx_word' id='word_1_374' title='bbox 1122 3967 1265 4034; x_wconf 71' lang='lat' dir='ltr'><strong>peragendo</strong></span> 
     </span>
     <span class='ocr_line' id='line_1_44' title="bbox 155 4036 1005 4104; baseline -0.006 -18"><span class='ocrx_word' id='word_1_375' title='bbox 155 4039 193 4086; x_wconf 85' lang='lat'><strong>1³.</strong></span> <span class='ocrx_word' id='word_1_376' title='bbox 223 4040 349 4089; x_wconf 76' lang='lat' dir='ltr'><strong>Horreutis</strong></span> <span class='ocrx_word' id='word_1_377' title='bbox 370 4041 426 4100; x_wconf 77' lang='lat' dir='ltr'><strong>pilis</strong></span> <span class='ocrx_word' id='word_1_378' title='bbox 446 4041 556 4104; x_wconf 77' lang='lat' dir='ltr'><strong>Agmine,</strong></span> <span class='ocrx_word' id='word_1_379' title='bbox 578 4039 675 4102; x_wconf 83' lang='lat' dir='ltr'><strong>agmina</strong></span> <span class='ocrx_word' id='word_1_380' title='bbox 708 4053 758 4086; x_wconf 91' lang='lat' dir='ltr'><strong>seo</strong></span> <span class='ocrx_word' id='word_1_381' title='bbox 776 4045 826 4085; x_wconf 86' lang='lat' dir='ltr'><strong>eret</strong></span> <span class='ocrx_word' id='word_1_382' title='bbox 835 4052 865 4100; x_wconf 94' lang='lat' dir='ltr'><strong>op</strong></span> <span class='ocrx_word' id='word_1_383' title='bbox 935 4036 1005 4082; x_wconf 88' lang='lat' dir='ltr'><strong>nitas.</strong></span> 
     </span>
     <span class='ocr_line' id='line_1_45' title="bbox 117 4097 1261 4170; baseline -0.006 -20"><span class='ocrx_word' id='word_1_384' title='bbox 117 4102 219 4166; x_wconf 84' lang='lat' dir='ltr'><strong>rigentia</strong></span> <span class='ocrx_word' id='word_1_385' title='bbox 233 4103 288 4167; x_wconf 89' lang='lat' dir='ltr'><strong>pilis</strong></span> <span class='ocrx_word' id='word_1_386' title='bbox 304 4103 419 4168; x_wconf 88' lang='lat' dir='ltr'><strong>protensis</strong></span> <span class='ocrx_word' id='word_1_387' title='bbox 435 4104 471 4151; x_wconf 85' lang='lat' dir='ltr'><strong>vel</strong></span> <span class='ocrx_word' id='word_1_388' title='bbox 486 4103 512 4152; x_wconf 93' lang='lat' dir='ltr'><strong>in</strong></span> <span class='ocrx_word' id='word_1_389' title='bbox 524 4105 598 4153; x_wconf 83' lang='lat' dir='ltr'><strong>altum</strong></span> <span class='ocrx_word' id='word_1_390' title='bbox 610 4119 674 4152; x_wconf 89' lang='lat' dir='ltr'><strong>erec·</strong></span> <span class='ocrx_word' id='word_1_391' title='bbox 742 4103 847 4148; x_wconf 76' lang='grc'><strong>18-20.</strong></span> <span class='ocrx_word' id='word_1_392' title='bbox 890 4102 918 4146; x_wconf 82' lang='lat' dir='ltr'><strong>isi</strong></span> <span class='ocrx_word' id='word_1_393' title='bbox 929 4102 1006 4147; x_wconf 75' lang='lat' dir='ltr'><strong>dextre</strong></span> <span class='ocrx_word' id='word_1_394' title='bbox 1020 4108 1125 4159; x_wconf 83' lang='lat' dir='ltr'><strong>tempore.</strong></span> <span class='ocrx_word' id='word_1_395' title='bbox 1138 4160 1144 4170; x_wconf 89' lang='lat'><strong>.</strong></span> <span class='ocrx_word' id='word_1_396' title='bbox 1158 4097 1261 4144; x_wconf 67' lang='lat' dir='ltr'><strong>&amp;usust</strong></span> 
     </span>
     <span class='ocr_line' id='line_1_46' title="bbox 118 4161 1264 4232; baseline -0.005 -18"><span class='ocrx_word' id='word_1_397' title='bbox 118 4166 166 4224; x_wconf 84' lang='lat' dir='ltr'><strong>tis;</strong></span> <span class='ocrx_word' id='word_1_398' title='bbox 185 4168 218 4215; x_wconf 85' lang='lat' dir='ltr'><strong>sie</strong></span> <span class='ocrx_word' id='word_1_399' title='bbox 234 4168 322 4232; x_wconf 77' lang='lat' dir='ltr'><strong>passim</strong></span> <span class='ocrx_word' id='word_1_400' title='bbox 338 4170 453 4216; x_wconf 66' lang='lat' dir='ltr'><strong>tenentia</strong></span> <span class='ocrx_word' id='word_1_401' title='bbox 468 4185 542 4224; x_wconf 72' lang='lat' dir='ltr'><strong>arnse,</strong></span> <span class='ocrx_word' id='word_1_402' title='bbox 560 4169 675 4215; x_wconf 70' lang='lat' dir='ltr'><strong>lonenses</strong></span> <span class='ocrx_word' id='word_1_403' title='bbox 708 4165 763 4213; x_wconf 88' lang='lat' dir='ltr'><strong>Nisi</strong></span> <span class='ocrx_word' id='word_1_404' title='bbox 777 4165 841 4213; x_wconf 90' lang='lat' dir='ltr'><strong>enim</strong></span> <span class='ocrx_word' id='word_1_405' title='bbox 856 4178 952 4211; x_wconf 87' lang='lat' dir='ltr'><strong>carmen</strong></span> <span class='ocrx_word' id='word_1_406' title='bbox 962 4179 977 4211; x_wconf 80' lang='lat' dir='ltr'><strong>a</strong></span> <span class='ocrx_word' id='word_1_407' title='bbox 988 4179 1026 4211; x_wconf 88' lang='lat' dir='ltr'><strong>me</strong></span> <span class='ocrx_word' id='word_1_408' title='bbox 1042 4169 1199 4226; x_wconf 74' lang='lat' dir='ltr'><strong>compositum</strong></span> <span class='ocrx_word' id='word_1_409' title='bbox 1210 4161 1264 4208; x_wconf 85' lang='lat' dir='ltr'><strong>Aa·</strong></span> 
     </span>
     <span class='ocr_line' id='line_1_47' title="bbox 117 4227 1265 4303; baseline -0.004 -26"><span class='ocrx_word' id='word_1_410' title='bbox 117 4233 187 4280; x_wconf 75' lang='lat' dir='ltr'><strong>laste</strong></span> <span class='ocrx_word' id='word_1_411' title='bbox 210 4232 294 4298; x_wconf 84' lang='lat' dir='ltr'><strong>(Virg.</strong></span> <span class='ocrx_word' id='word_1_412' title='bbox 318 4234 378 4281; x_wconf 82' lang='lat' dir='ltr'><strong>AEn.</strong></span> <span class='ocrx_word' id='word_1_413' title='bbox 407 4249 430 4288; x_wconf 78' lang='grc' dir='ltr'><strong>ι,</strong></span> <span class='ocrx_word' id='word_1_414' title='bbox 462 4231 531 4296; x_wconf 79' lang='grc'><strong>178),</strong></span> <span class='ocrx_word' id='word_1_415' title='bbox 559 4233 674 4280; x_wconf 81' lang='lat' dir='ltr'><strong>horrentes</strong></span> <span class='ocrx_word' id='word_1_416' title='bbox 706 4237 777 4303; x_wconf 80' lang='lat' dir='ltr'><strong>gusto</strong></span> <span class='ocrx_word' id='word_1_417' title='bbox 799 4227 904 4276; x_wconf 77' lang='lat' dir='ltr'><strong>tradetur</strong></span> <span class='ocrx_word' id='word_1_418' title='bbox 923 4236 1055 4292; x_wconf 87' lang='lat' dir='ltr'><strong>opportuno</strong></span> <span class='ocrx_word' id='word_1_419' title='bbox 1076 4236 1192 4290; x_wconf 85' lang='lat' dir='ltr'><strong>tempore,</strong></span> <span class='ocrx_word' id='word_1_420' title='bbox 1215 4239 1265 4287; x_wconf 86' lang='lat' dir='ltr'><strong>quo</strong></span> 
     </span>
     <span class='ocr_line' id='line_1_48' title="bbox 117 4288 1263 4355; baseline -0.008 -12"><span class='ocrx_word' id='word_1_421' title='bbox 117 4312 192 4350; x_wconf 83' lang='lat' dir='ltr'><strong>come,</strong></span> <span class='ocrx_word' id='word_1_422' title='bbox 204 4304 260 4345; x_wconf 86' lang='lat' dir='ltr'><strong>cett.</strong></span> <span class='ocrx_word' id='word_1_423' title='bbox 706 4292 766 4341; x_wconf 82' lang='lat' dir='ltr'><strong>nlud</strong></span> <span class='ocrx_word' id='word_1_424' title='bbox 775 4300 867 4341; x_wconf 86' lang='lat' dir='ltr'><strong>attento</strong></span> <span class='ocrx_word' id='word_1_425' title='bbox 877 4292 956 4340; x_wconf 88' lang='lat' dir='ltr'><strong>animo</strong></span> <span class='ocrx_word' id='word_1_426' title='bbox 964 4291 1042 4355; x_wconf 81' lang='lat' dir='ltr'><strong>legere</strong></span> <span class='ocrx_word' id='word_1_427' title='bbox 1052 4290 1135 4355; x_wconf 85' lang='lat' dir='ltr'><strong>possit,</strong></span> <span class='ocrx_word' id='word_1_428' title='bbox 1145 4290 1167 4336; x_wconf 85' lang='lat' dir='ltr'><strong>is</strong></span> <span class='ocrx_word' id='word_1_429' title='bbox 1178 4288 1263 4352; x_wconf 80' lang='lat' dir='ltr'><strong>(endi-</strong></span> 
     </span>
     <span class='ocr_line' id='line_1_49' title="bbox 153 4351 1264 4422; baseline -0.005 -17"><span class='ocrx_word' id='word_1_430' title='bbox 153 4360 191 4406; x_wconf 79' lang='lat' dir='ltr'><strong>lt.</strong></span> <span class='ocrx_word' id='word_1_431' title='bbox 210 4361 296 4408; x_wconf 80' lang='lat' dir='ltr'><strong>Fracta</strong></span> <span class='ocrx_word' id='word_1_432' title='bbox 315 4361 408 4422; x_wconf 72' lang='lat' dir='ltr'><strong>cuspide</strong></span> <span class='ocrx_word' id='word_1_433' title='bbox 414 4377 422 4417; x_wconf 90' lang='lat'><em>;</em></span> <span class='ocrx_word' id='word_1_434' title='bbox 443 4359 594 4422; x_wconf 79' lang='lat' dir='ltr'><strong>frangebatur</strong></span> <span class='ocrx_word' id='word_1_435' title='bbox 608 4359 672 4407; x_wconf 87' lang='lat' dir='ltr'><strong>enim</strong></span> <span class='ocrx_word' id='word_1_436' title='bbox 704 4375 747 4420; x_wconf 79' lang='lat' dir='ltr'><strong>que</strong></span> <span class='ocrx_word' id='word_1_437' title='bbox 764 4358 845 4418; x_wconf 80' lang='lat' dir='ltr'><strong>tatus)</strong></span> <span class='ocrx_word' id='word_1_438' title='bbox 860 4358 893 4403; x_wconf 83' lang='lat' dir='ltr'><strong>ab</strong></span> <span class='ocrx_word' id='word_1_439' title='bbox 908 4356 973 4403; x_wconf 89' lang='lat' dir='ltr'><strong>omni</strong></span> <span class='ocrx_word' id='word_1_440' title='bbox 987 4363 1053 4421; x_wconf 78' lang='lat' dir='ltr'><strong>parte</strong></span> <span class='ocrx_word' id='word_1_441' title='bbox 1071 4361 1155 4403; x_wconf 83' lang='lat' dir='ltr'><strong>eontra</strong></span> <span class='ocrx_word' id='word_1_442' title='bbox 1171 4351 1264 4400; x_wconf 83' lang='lat' dir='ltr'><strong>aditum</strong></span> 
     </span>
     <span class='ocr_line' id='line_1_50' title="bbox 115 4417 1264 4536; baseline -0.007 -66"><span class='ocrx_word' id='word_1_443' title='bbox 115 4421 197 4470; x_wconf 84' lang='lat' dir='ltr'><strong>emissi</strong></span> <span class='ocrx_word' id='word_1_444' title='bbox 218 4423 260 4497; x_wconf 91' lang='lat' dir='ltr'><strong>pili</strong></span> <span class='ocrx_word' id='word_1_445' title='bbox 280 4422 360 4536; x_wconf 84' lang='lat' dir='ltr'><strong>cuspis</strong></span> <span class='ocrx_word' id='word_1_446' title='bbox 378 4423 403 4470; x_wconf 90' lang='lat' dir='ltr'><strong>ia</strong></span> <span class='ocrx_word' id='word_1_447' title='bbox 421 4437 516 4487; x_wconf 85' lang='lat' dir='ltr'><strong>corpore</strong></span> <span class='ocrx_word' id='word_1_448' title='bbox 532 4423 622 4471; x_wconf 83' lang='lat' dir='ltr'><strong>defixa:</strong></span> <span class='ocrx_word' id='word_1_449' title='bbox 643 4422 672 4471; x_wconf 90' lang='lat' dir='ltr'><strong>de</strong></span> <span class='ocrx_word' id='word_1_450' title='bbox 705 4422 856 4470; x_wconf 82' lang='lat' dir='ltr'><strong>adulatomm</strong></span> <span class='ocrx_word' id='word_1_451' title='bbox 875 4419 991 4494; x_wconf 75' lang='lat' dir='ltr'><strong>munitus,</strong></span> <span class='ocrx_word' id='word_1_452' title='bbox 1014 4434 1110 4493; x_wconf 77' lang='lat' dir='ltr'><strong>carmen</strong></span> <span class='ocrx_word' id='word_1_453' title='bbox 1128 4417 1264 4530; x_wconf 65' lang='lat' dir='ltr'><strong>importuno</strong></span> 
     </span>
     <span class='ocr_line' id='line_1_51' title="bbox 116 4484 1266 4553; baseline -0.004 -20"><span class='ocrx_word' id='word_1_454' title='bbox 116 4487 192 4536; x_wconf 78' lang='lat' dir='ltr'><strong>torma</strong></span> <span class='ocrx_word' id='word_1_455' title='bbox 203 4487 254 4553; x_wconf 78' lang='lat' dir='ltr'><strong>prti,</strong></span> <span class='ocrx_word' id='word_1_456' title='bbox 265 4487 326 4536; x_wconf 88' lang='lat' dir='ltr'><strong>hasti</strong></span> <span class='ocrx_word' id='word_1_457' title='bbox 337 4487 357 4536; x_wconf 85' lang='lat' dir='ltr'><strong>is</strong></span> <span class='ocrx_word' id='word_1_458' title='bbox 367 4487 439 4551; x_wconf 83' lang='lat' dir='ltr'><strong>lignei</strong></span> <span class='ocrx_word' id='word_1_459' title='bbox 451 4487 521 4536; x_wconf 83' lang='lat' dir='ltr'><strong>trium</strong></span> <span class='ocrx_word' id='word_1_460' title='bbox 530 4487 671 4542; x_wconf 85' lang='lat' dir='ltr'><strong>cubitorum,</strong></span> <span class='ocrx_word' id='word_1_461' title='bbox 705 4495 884 4551; x_wconf 85' lang='lat' dir='ltr'><strong>temporeame</strong></span> <span class='ocrx_word' id='word_1_462' title='bbox 899 4484 1012 4533; x_wconf 75' lang='lat' dir='ltr'><strong>traditum</strong></span> <span class='ocrx_word' id='word_1_463' title='bbox 1028 4484 1127 4548; x_wconf 66' lang='lat' dir='ltr'><strong>rejiciet.</strong></span> <span class='ocrx_word' id='word_1_464' title='bbox 1184 4495 1266 4545; x_wconf 79' lang='lat' dir='ltr'><strong>omps-</strong></span> 
     </span>
    </p>
   </div>
   <div class='ocr_carea' id='block_1_5' title="bbox 0 0 1580 5200">
    <p class='ocr_par' dir='ltr' id='par_1_9' title="bbox 0 0 1580 5200">
     <span class='ocr_line' id='line_1_52' title="bbox 0 0 1580 5200; baseline 0 5"><span class='ocrx_word' id='word_1_465' title='bbox 0 0 1580 5200; x_wconf 95' lang='lat' dir='ltr'><strong> </strong></span> 
     </span>
    </p>
   </div>
  </div>
 </body>
</html>
