3150 5200
538 387 839 453 PRAEFATIO.
1209 393 1267 455 xiii

116 581 245 644 toritate
268 601 319 642 me
345 601 408 642 non
433 575 591 639 serviliter
614 574 742 638 stetisse
763 584 797 638 01
816 573 1024 659 pependisse,
1040 573 1131 638 haud
1149 598 1267 660 pauca,

115 700 172 762 ubi
197 699 240 762 ab
274 719 313 761 eo
349 694 518 770 dissentio,
550 693 628 756 satis
655 689 1022 772 declarant—Multum
1051 694 1196 776 presidii
1225 693 1269 758 ad

24 831 27 846 '
115 815 247 881 Horatii
269 812 569 898 interpretationem
592 809 734 874 editione
758 807 874 874 Romoe
891 808 934 891 (a.
954 809 1049 893 1811)
1064 832 1084 873 a
1099 810 1166 874 Fea
1179 811 1268 876 evul-

115 945 191 1018 gata
205 943 240 997 et
253 931 362 996 multis
377 929 549 1015 praeconiis
566 927 791 992 commendata
811 950 863 992 me
884 938 1055 993 nacturum
1069 951 1143 994 esse
1159 950 1269 1013 spera-

115 1074 243 1130 1011ος
282 1049 341 1114 sed
369 1048 440 1113 haec
471 1069 547 1132 spes
577 1069 627 1110 mc
656 1045 780 1111 fefellit.
826 1045 926 1124 Nam,
957 1057 1077 1132 praeter
1104 1049 1269 1131 ingentem

114 1170 289 1234 lectionum
317 1190 337 1232 e
366 1165 474 1230 multis
505 1165 683 1229 Codicibus
713 1164 952 1251 descriptarum
980 1177 1014 1231 et
1042 1178 1270 1251 congestarum

117 1288 325 1370 farraginem,
342 1304 457 1368 pauca,
473 1305 547 1366 quoe
562 1281 693 1346 Horatii
714 1283 872 1348 editorem
883 1285 999 1367 juvare
1013 1285 1152 1370 possint,
1167 1284 1268 1350 habet

116 1405 170 1470 illa
190 1404 301 1468 editio.
356 1400 432 1466 Nec
453 1422 568 1484 parum
588 1401 622 1465 in
643 1423 683 1465 ea
703 1400 840 1466 offendit
863 1403 1024 1472 acerbitas
1040 1413 1073 1468 01
1087 1403 1268 1488 petulantia

116 1545 182 1607 qua
204 1519 273 1584 Fea
294 1517 428 1582 insultat
451 1517 519 1582 fere
545 1517 706 1596 Bentleio,
727 1542 824 1603 quem
846 1530 954 1584 tamen
975 1520 1071 1606 longe
1093 1521 1183 1586 illum
1202 1534 1269 1586 tam

24 1623 25 1656 ⁴
116 1640 274 1706 doctrinae
297 1638 391 1721 copia
409 1658 506 1721 quam
529 1637 729 1702 accuratiore
746 1636 874 1701 Latinae
888 1637 1008 1723 linguae
1024 1640 1158 1704 scientia
1173 1664 1269 1726 supe·

24 1807 25 1842 ss
116 1781 201 1836 rare,
217 1757 291 1842 quis
306 1765 357 1820 est
371 1755 505 1839 quinon
520 1754 699 1840 intelligat?

24 1853 25 1870 ¹
160 1875 291 1940 ludices
302 1873 480 1939 Nominum
495 1884 528 1938 et
540 1873 727 1938 Verborum
742 1896 860 1958 magna
875 1874 1044 1959 diligentia
1056 1899 1107 1941 me
1122 1878 1270 1944 modera-

24 2017 25 2066 ]
117 2006 187 2058 tore
204 1992 414 2058 confecerunt
428 2003 495 2056 tres
507 1992 549 2056 ad
561 1990 691 2056 laudem
703 1991 861 2056 doctrinae
871 1991 1111 2061 efflorescentes
1119 1999 1268 2082 juvenes,

116 2111 223 2176 Classi
238 2111 376 2174 Selectae
389 2111 423 2173 in
435 2109 615 2192 Gymnasio
630 2121 742 2175 nostro
757 2109 926 2195 adscripti,
940 2111 1077 2177 Carolus
1089 2112 1270 2179 Matthaeus

118 2228 294 2312 Bamberg,
311 2227 490 2292 Eduardus
505 2225 689 2304 Reibstein,
705 2237 739 2290 et
747 2225 770 2289 J
773 2227 857 2291 nlius
872 2227 1020 2307 Franclr3
1035 2233 1126 2315 prior
1136 2233 1269 2316 quidem

24 2359 25 2438 1
117 2346 308 2423 Nominum,
334 2346 532 2431 posteriores
558 2344 745 2410 Verborum
770 2344 927 2412 Iudicem.
972 2347 1135 2414 Fecerunt
1160 2360 1269 2414 autem

24 2439 25 2516 l
117 2467 198 2531 dicti
216 2466 353 2551 juvenes
364 2464 432 2548 jam
454 2462 614 2547 ejusmodi
636 2463 671 2526 in
689 2464 849 2528 bonarum
866 2464 1047 2530 litterarum
1061 2468 1178 2532 studiis
1193 2490 1268 2552 pro-

117 2605 262 2668 gressus,
286 2593 323 2647 ut
347 2604 415 2659 eos,
442 2605 502 2647 suo
531 2591 676 2666 tempore
705 2583 820 2647 merita
845 2582 943 2648 laude
966 2594 1098 2649 ornatos
1123 2596 1157 2649 et
1186 2586 1269 2652 rude

24 2690 26 2739 ³
117 2702 268 2778 donatos,
295 2724 313 2765 e
339 2700 418 2765 ludo
447 2711 561 2764 nostro
590 2700 792 2766 discessuros
821 2724 895 2767 esse
920 2726 986 2768 non
1012 2716 1078 2767 tarn
1101 2727 1268 2789 speremus

24 2796 25 2801 ¹
117 2844 216 2905 quam
229 2818 442 2885 confidamus.

161 2938 317 3003 Ceterum
331 2936 407 3013 noli,
423 2958 547 3020 quaeso,
562 2935 806 3002 Humanissime
830 2938 963 3017 Lector,
986 2952 1131 3025 peccata,
1148 2943 1268 3025 quibus

117 3058 261 3123 obnoxia
280 3065 331 3119 est
353 3054 495 3118 humana
513 3052 727 3132 imbecillitas,
743 3056 846 3121 oculis
863 3056 1004 3141 Lynceis
1019 3060 1138 3137 mmari,
1154 3082 1269 3144 specu·

116 3174 189 3251 lari,
205 3174 411 3257 investigare,
427 3182 460 3236 et
480 3172 673 3256 investigata
696 3184 804 3238 mente
826 3176 937 3259 iniqua
959 3176 1143 3260 exagitare!
1189 3178 1270 3242 Pec-

117 3292 337 3356 anticoenium
345 3292 494 3377 poscenti
509 3300 540 3354 te
553 3290 701 3375 darefas
714 3300 772 3355 est.

205 3494 341 3573 Gothae,
357 3518 466 3561 mense
481 3494 617 3562 «ianuar.
635 3514 842 3559 uncccxxw.
