3150 5200
282 334 347 396 40ss
694 318 1018 387 SATlRARUM

369 481 485 544 Scriba
499 499 541 541 ex
556 474 769 559 quinqueviro
784 496 916 538 corvum
930 472 1066 537 deludet
1079 471 1234 547 hiantem,

370 581 593 664 Captatorque
608 576 700 641 dabit
715 578 800 639 risus
816 575 940 638 Nasica
954 574 1095 639 Corano.

371 683 461 746 Num
475 680 577 745 furiat
600 680 643 741 'an
657 678 803 762 prudens
818 676 904 740 ludis
919 698 981 752 me,
997 677 1138 740 obscura
1152 674 1320 739 canendo?

371 785 404 848 O
420 782 606 857 Laertiade,
622 780 778 863 quicquid
793 778 909 853 dicam,
925 787 983 840 aut
997 776 1060 839 erit
1074 786 1131 840 aut
1144 798 1210 840 non
1219 800 1234 839 :¹

307 888 350 951 60
372 886 529 950 Divinare
545 882 663 947 etenim
677 902 813 963 magnus
828 878 907 942 mihi
923 878 1024 941 donat
1039 875 1170 961 Apollo.

372 986 464 1061 Quid
479 996 586 1048 tamen
602 984 664 1045 ista
679 982 755 1046 velit
771 981 834 1045 sibi
849 978 970 1054 fabula,
986 978 1114 1055 silicet,
1129 980 1202 1043 ede.

371 1089 535 1171 Tempore
550 1107 616 1170 quo
626 1085 756 1169 juvenis
773 1081 905 1146 Parthis
921 1081 1116 1157 horrendus,
1133 1082 1175 1144 ab
1189 1079 1255 1144 alto

374 1189 561 1253 Demissum
576 1209 678 1271 genus
695 1185 814 1260 AEnea‚
830 1183 945 1247 tellure
959 1183 1104 1266 marique

372 1291 515 1374 Magnus
531 1290 603 1365 erit,
621 1288 696 1352 forti
709 1288 814 1351 nubet
827 1306 963 1369 procera
978 1284 1110 1347 Corano

308 1394 351 1458 65
372 1392 454 1455 Filia
468 1391 610 1468 Nasicae,
626 1388 799 1453 metuentis
814 1386 954 1450 reddere
970 1384 1107 1448 soldum.

373 1493 460 1557 Tum
474 1515 575 1576 gener
589 1492 652 1555 hoc
667 1489 784 1553 faciet:
810 1486 938 1551 tabulas
955 1508 1068 1550 socero
1083 1485 1186 1560 dabit,
1202 1496 1300 1568 atque

373 1593 422 1657 Ut
436 1592 534 1677 legat,
550 1592 673 1657 orabit:
698 1589 833 1653 multum
846 1588 972 1652 Nasica
985 1598 1120 1671 negatas

375 1694 527 1777 Accipiet
541 1694 671 1756 tandem
688 1702 721 1756 et
737 1692 855 1755 tacitus
869 1688 976 1773 leget3
999 1690 1207 1773 invenietque

376 1795 435 1859 Nil
450 1796 512 1859 sibi
526 1794 679 1879 legatum,
695 1802 816 1877 praeter
829 1791 969 1875 plorare,
986 1791 1129 1875 suisque.

314 1899 356 1961 70
379 1896 465 1962 Illud
481 1898 522 1960 ad
537 1897 608 1961 haec
619 1898 739 1980 jubeo:
763 1893 877 1957 mulier
892 1894 920 1955 si
934 1891 1018 1956 sorte
1034 1891 1147 1957 dolosa

377 2000 572 2063 Libertusve
589 2019 698 2061 senem
714 1995 853 2059 delirum
868 2004 1039 2077 temperet,
1056 1993 1118 2057 illis

293 2186 349 2233 Nur·
364 2188 416 2235 dere
434 2188 468 2233 du
485 2186 571 2234 selnell
592 2185 729 2239 limelleirt,
749 2198 795 2229 reor
812 2181 851 2229 die
882 2185 970 2234 vatem,
982 2179 1048 2227 furor
1059 2180 1118 2241 agit,
1131 2192 1172 2235 an,
1182 2178 1240 2227 dnm
1251 2180 1320 2227 ranis
1330 2181 1443 2234 obscura,

292 2249 449 2359 Anqongrseit'
462 2252 487 2296 in
504 2252 553 2297 dem
564 2252 655 2297 suellen
667 2250 749 2295 Abrotz
759 2249 849 2309 eigenr-
882 2242 992 2291 consulto
1004 2259 1043 2293 rne
1053 2242 1134 2291 ludisl

293 2315 324 2361 lie
360 2313 440 2370 roell’3
467 2316 493 2360 oh
515 2315 596 2369 elicio,
620 2315 645 2360 oh
668 2314 709 2359 mit
734 2312 850 2357 mehrererr
914 2307 1369 2364 59,60.0Lamiaee,ootr.eensus:
1387 2308 1445 2356 Non

292 2378 409 2425 tleiimd?
882 2386 926 2433 ego
948 2379 980 2426 te,
1002 2372 1099 2436 ulysse,
1123 2372 1197 2431 ludo;
1218 2370 1334 2437 quicquid
1354 2370 1444 2427 dioenr,

325 2441 431 2489 55-57,
449 2441 587 2503 Plerumque
602 2449 711 2495 recoctus,
724 2446 780 2487 cett.
796 2453 850 2486 ren-
883 2434 989 2485 futurum
1006 2451 1066 2491 esse,
1078 2435 1103 2483 id
1119 2436 1174 2495 fiet;
1191 2434 1345 2500 atquicquid
1355 2434 1444 2492 dicam,

294 2518 351 2551 sus:
370 2516 418 2551 non
435 2518 486 2551 raro
503 2504 566 2552 enirn
583 2503 632 2552 fieri
649 2503 718 2560 solet,
734 2512 761 2551 ut
778 2518 852 2551 senex
884 2513 933 2547 non
948 2498 1054 2547 futurum
1064 2516 1125 2557 osse,
1136 2500 1162 2548 id
1177 2516 1225 2549 non
1239 2502 1296 2557 fiet;
1315 2514 1373 2546 narn
1383 2499 1444 2547 diri-

294 2565 405 2622 oaliidur,
424 2566 494 2616 sicuti
513 2569 631 2624 Coranus,
648 2584 677 2616 ex
695 2566 852 2632 quinqueviro
884 2562 958 2612 nandi
980 2564 1117 2613 facultatem
1144 2580 1245 2629 magnus
1268 2563 1360 2630 Apollo
1386 2563 1445 2614 mihi

293 2630 371 2678 scriba
388 2631 474 2686 lactus,
487 2630 619 2680 hereditati
636 2631 767 2680 inhiantem
783 2631 851 2680 delu-
884 2628 965 2676 donat.
999 2629 1185 2692 Elegantissime
1194 2629 1292 2705 quidem
1309 2628 1384 2692 hujus
1397 2629 1445 2678 loei

294 2693 345 2749 dat,
356 2701 380 2743 et
395 2693 430 2742 sic
446 2710 509 2749 eum,
521 2705 549 2743 ut
560 2697 670 2744 Coranus
685 2709 794 2744 socerum
811 2711 851 2744 sn·
884 2700 921 2740 est
931 2691 1075 2748 emendatio,
1082 2709 1154 2758 quam
1163 2695 1194 2742 ab
1201 2693 1364 2742 illustrissimo
1371 2693 1445 2742 Eich-

295 2773 345 2813 um,
359 2758 483 2813 Nasicam,
498 2757 611 2807 derideat.
647 2759 697 2806 Res
712 2758 742 2807 de
758 2760 853 2808 Corano
884 2756 963 2806 stadio
983 2758 1110 2822 proiectam

294 2831 319 2870 et
332 2822 422 2870 Nasica
433 2829 541 2870 narratur
553 2823 578 2869 in
597 2823 752 2887 sequentibus
766 2822 823 2872 indo
838 2839 854 2872 a
885 2820 911 2868 in
927 2820 998 2870 editis
1015 2822 1109 2870 Horatii
1126 2775 1209 2872 darm.
1221 2823 1253 2870 T.
1263 2821 1298 2878 iii,
1313 2837 1339 2886 p.
1350 2823 1410 2878 413,
1425 2823 1446 2869 0

295 2901 319 2933 v.
341 2887 381 2934 62.
418 2887 563 2948 Plerumque,
587 2901 636 2934 non
658 2900 720 2940 raro,
742 2901 852 2936 noanon·
886 2885 1018 2941 laertiade,
1037 2889 1146 2949 quioqor'd
1164 2890 1249 2943 duona,
1268 2897 1310 2933 uret
1329 2887 1385 2940 erit,
1403 2896 1447 2934 eut

314 2965 376 3008 uam,
395 2958 423 2998 ut
443 2965 497 3024 sup.
517 2950 809 3006 Sat.i‚10,15,etini.
828 2952 854 3000 in
886 2951 1129 2999 aouDr'riuererriii
1212 2951 1447 3011 urdororddpolle.
1551 2962 1552 2985 l

295 2966 375 3078 hpiu.
395 3015 425 3063 ad
449 3015 499 3062 ru.
521 3030 545 3062 v.
566 3017 606 3062 14.
641 3015 758 3069 Recurrat,
779 3014 853 3074 valer,
887 3013 932 3062 Sed
952 3029 1065 3062 eumvox
1080 3019 1164 3064 etenim
1194 3014 1258 3063 aleta
1273 3022 1299 3062 et
1315 3013 1341 3060 in
1359 3012 1447 3063 deleta

1150 2758 1257 2823 reposuit
1274 2757 1447 2806 Haberieidtns
1551 2746 1552 2753 ἵ

296 3087 397 3136 astutus,
421 3077 533 3135 callidus,
553 3095 581 3126 ex
613 3077 698 3126 rientia
718 3078 855 3144 prudentior
885 3077 952 3125 vocis
960 3078 1041 3126 aedem
1053 3094 1098 3126 vor
1109 3081 1167 3127 milri
1177 3073 1331 3144 transpositi,
1340 3077 1448 3150 denique
1551 3092 1552 3125 ι

296 3141 383 3197 iactus,
396 3151 423 3192 ut
433 3142 496 3208 apud
508 3143 581 3191 Catul
593 3177 599 3188 .
610 3141 651 3200 liv,
663 3145 687 3198 5,
698 3158 763 3190 senor
777 3159 853 3191 reeor-
886 3156 932 3190 vox
949 3146 1019 3190 donet
1034 3141 1059 3190 in
1076 3145 1170 3191 denovit
1187 3151 1279 3191 mutata
1294 3142 1335 3196 ait,
1347 3141 1447 3190 nrrniarn

297 3215 334 3254 tur
345 3207 465 3270 Fqffltr'ur.
488 3205 602 3254 Similiter
611 3206 636 3253 in
648 3206 744 3255 Pliaedr.
754 3206 814 3255 Fab.
823 3207 855 3265 iv,
888 3205 936 3253 vim
949 3206 1048 3254 Horatio
1059 3205 1189 3255 adhibitam
1200 3223 1253 3256 ease
1261 3205 1413 3261 existimans,
1421 3205 1448 3253 ia

300 3273 322 3325 l,
338 3272 378 3326 27,
389 3287 439 3318 mres
455 3273 583 3318 retorridus
600 3285 648 3318 non
664 3270 708 3318 einr
726 3269 803 3320 liciter
820 3281 857 3320 est
887 3285 917 3319 oa
927 3286 998 3334 qnam
1009 3269 1074 3326 dedi,
1086 3270 1245 3336 explicatione
1255 3270 1394 3334 acquiesco.

298 3334 450 3389 macilentus,
470 3334 532 3397 pelle
551 3344 675 3398 corrugata
693 3287 794 3390 chritus,
813 3336 856 3384 sed
920 3336 962 3382 61.
980 3335 1076 3382 Tamen.-
1089 3335 1141 3383 hac
1149 3334 1448 3400 particulainservittran·

297 3395 369 3444 simul
384 3397 494 3453 callidus,
506 3398 651 3462 experientia
665 3398 855 3454 cautioriartus,
888 3397 968 3446 aitiori
984 3398 1015 3446 ad
1031 3399 1103 3447 aliam
1117 3415 1176 3455 rem,
1188 3408 1217 3448 ut
1226 3400 1274 3448 iero
1289 3399 1329 3453 ait,
1342 3406 1449 3447 attamen

297 3473 354 3509 narn
371 3460 474 3516 additur,
489 3463 535 3515 Qui
551 3479 607 3523 sepe
624 3465 720 3526 loqueos,
732 3473 753 3510 et
770 3466 854 3511 musei
888 3461 1023 3516 hiamiaais,
1035 3461 1140 3511 velante
1154 3464 1234 3512 omnia
1249 3479 1315 3512 nunc
1328 3465 1380 3517 ede,
1390 3465 1450 3526 quid

296 3525 354 3583 pulo
370 3523 493 3634 effuqernt,
510 3525 636 3588 Proculque
652 3529 747 3575 insidior
763 3542 856 3575 cernens
886 3529 930 3573 sihi
949 3529 1003 3575 uelit
1020 3530 1066 3574 isto
1076 3526 1180 3590 solum:
1204 3527 1273 3590 virg.
1291 3526 1347 3576 eet.
1367 3527 1385 3582 i,
1407 3530 1449 3582 19,

297 3588 365 3635 meur
381 3591 417 3636 eol
429 3591 463 3635 idi
469 3606 478 3646 ,·
495 3587 519 3636 in
534 3605 592 3638 roco
608 3589 679 3654 igitur
695 3590 743 3639 sive
761 3589 855 3654 adjecto
887 3592 931 3639 Sed
947 3602 1022 3639 terrun
1033 3593 1074 3639 iste
1084 3593 1140 3638 deus
1150 3595 1191 3654 qui
1201 3595 1241 3646 eit,
1252 3595 1291 3645 do.
1303 3591 1394 3655 Tityre,
1405 3608 1450 3638 no·

298 3661 398 3698 recoctus
408 3651 467 3700 latet
477 3667 558 3709 causa,
571 3669 601 3702 ex
612 3671 660 3718 qua
671 3669 744 3702 senex
755 3669 770 3702 a
784 3669 855 3704 corvo
888 3657 929 3703 bie.
964 3656 1068 3703 Folulo:
1084 3670 1134 3702 raro
1145 3671 1217 3718 quam
1228 3655 1335 3704 Tiresias
1346 3655 1451 3702 obtare

298 3711 380 3764 hiante
401 3731 492 3764 senon
511 3716 592 3766 deludi
616 3717 736 3783 patiatur;
759 3727 784 3766 at
805 3719 856 3767 hac
889 3718 1008 3781 attigerat,
1022 3719 1326 3784 Ulyssesvocatsohulerr.

298 3791 372 3826 cauea
388 3778 488 3836 tollitur,
505 3781 525 3828 si
544 3791 642 3830 recoctus
659 3798 710 3847 pro,
721 3783 806 3847 faetus
819 3783 857 3832 vel
921 3783 963 3830 62.
977 3784 1082 3839 iuvenis,
1092 3782 1249 3831 Octavianus.
1266 3783 1292 3830 Si
1301 3782 1355 3830 haec
1365 3781 1449 3839 satira,

297 3842 794 3954 qqictmmontraomnemloquendiusurn
802 3862 858 3895 cum
888 3854 916 3894 ut
937 3854 1007 3910 putat
1026 3847 1187 3904 Heindorfius,
1208 3849 1242 3896 U.
1261 3847 1294 3895 C.
1316 3862 1452 3896 nccxrx-
1551 3872 1552 3879 ι

324 3906 472 3957 eindoriioet
483 3908 536 3956 aliis
547 3910 702 3974 explicuerim
721 3909 793 3958 immo
798 3911 857 3975 fue·
891 3927 987 3959 nocxxr
1005 3910 1094 3976 scripta
1109 3920 1154 3969 est,
1170 3910 1287 3961 Octavius
1303 3919 1355 3958 turn
1372 3909 1451 3959 unde-

299 3980 337 4018 tur
346 3973 469 4022 commode
481 3973 509 4021 ad
521 3976 594 4021 scriba
604 3992 629 4022 ea
640 3977 789 4038 quinqueviro
799 3989 857 4038 sup·
889 3974 987 4048 triginta
1008 3975 1080 4024 ferme
1100 3990 1175 4023 annos
1194 3982 1267 4023 natus
1285 3974 1339 4030 init,
1357 3975 1452 4039 inqua

299 4033 358 4098 pleri
386 4045 470 4102 potest.
507 4037 568 4090 Quin
584 4042 672 4086 uenire.
705 4041 858 4101 Quinqueuiri
889 4039 986 4102 quidem
997 4048 1065 4088 retate
1075 4038 1452 4104 recteilledicipoteratjueeaa'r

299 4099 337 4147 vel
349 4101 451 4148 coloniis
462 4055 617 4158 deducendis,
627 4104 666 4151 vel
678 4103 739 4167 agris
750 4101 858 4150 dividen·
890 4102 979 4151 adhuc.
1013 4104 1126 4152 Ceterum
1138 4104 1198 4152 mira
1209 4111 1259 4152 arte
1270 4101 1385 4150 Horatius
1396 4102 1451 4167 jam

299 4162 345 4220 dia,
357 4165 396 4213 vel
407 4165 461 4213 aliis
470 4166 540 4213 rebus
550 4167 689 4215 curandisa
716 4183 746 4215 ue
757 4165 859 4214 admini-
891 4167 993 4216 breviter
1004 4167 1086 4216 inserit
1092 4168 1198 4231 Augusti
1209 4166 1300 4225 laudes,
1310 4165 1451 4231 quibusvix

299 4227 402 4276 strandis
419 4245 448 4278 ex
465 4229 557 4277 civibus
570 4175 753 4279 Romanisldeli
770 4231 775 4241 '
794 4230 856 4279 sole-
890 4230 970 4279 locum
981 4231 1110 4296 prebitura
1120 4231 1244 4281 ridebatur
1255 4231 1307 4280 hec
1315 4231 1397 4279 satira.

299 4291 366 4340 baut.
401 4295 624 4340 Corrrumhiontem:
639 4294 748 4343 similiter
774 4294 855 4343 veredi·
923 4296 964 4344 63.
981 4298 1074 4343 Ahuito
1090 4297 1218 4344 Demirrum
1226 4295 1452 4358 genusAEm,qoi

300 4365 355 4419 peta
370 4356 435 4420 apud
445 4356 569 4406 Catullum
581 4357 657 4414 lxviii,
672 4360 728 4415 124,
740 4359 858 4408 vulturius
890 4359 1004 4421 originem
1022 4375 1090 4408 auara
1109 4362 1139 4408 ab
1156 4368 1260 4422 augurta
1275 4358 1348 4432 stirpe
1362 4361 1451 4407 AEnea
1551 4356 1552 4379 ³

299 4428 407 4468 vocatur.
890 4438 914 4471 re
946 4423 984 4471 tit.
1012 4424 1161 4472 Octavianus
1171 4423 1342 4478 cnim‚alulro
1353 4423 1451 4471 casare

333 4486 374 4533 ta.
403 4485 464 4533 Num
480 4485 567 4546 suriel
595 4493 650 4534 cett.
689 4487 755 4534 Nurn
778 4495 810 4543 te,
833 4495 859 4535 ut
891 4503 907 4535 a
922 4496 1027 4552 optatus,
1038 4487 1116 4536 taetus
1125 4496 1162 4536 est
1178 4490 1359 4550 consorsgentir
1368 4486 1450 4540 Juliae,
1551 4468 1552 4517 Ῑ
