3150 5200
294 337 360 399 448
680 340 1074 407 EPISTOLARUM

319 490 358 553 15
380 488 439 555 Mc
454 490 608 573 pinguem
623 502 656 557 et
671 494 809 559 nitidum
823 496 908 559 bene
922 507 1036 559 curata
1050 508 1125 560 cute
1140 497 1239 575 vises,

382 589 494 662 Quum
507 591 614 656 ridere
629 594 729 671 voles,
745 595 884 679 Epicuri
899 597 941 659 de
956 618 1057 680 grege
1071 619 1217 681 porcum.

712 846 962 913 EPISTOLA
984 849 1029 916 V.

687 1042 744 1089 AD
775 1043 1053 1098 TORQUATUM.

383 1183 420 1247 Si
435 1194 530 1269 potes
546 1184 717 1251 Archiacis
733 1186 869 1249 conviva
883 1187 1072 1251 recumbere
1087 1186 1190 1263 lectis,

382 1284 455 1350 Nec
472 1287 598 1351 modica
614 1308 744 1351 coenare
761 1286 854 1350 times
868 1284 939 1349 olus
954 1309 1048 1351 omne
1064 1286 1201 1371 patella3

382 1387 542 1472 Supremo
558 1398 590 1451 te
606 1386 674 1451 sole
689 1386 788 1463 domi,
805 1386 987 1470 Torquate,
1002 1389 1152 1453 manebo.

380 1487 469 1553 Vina
483 1490 577 1553 bibes
593 1490 708 1553 iteruin
724 1488 838 1553 Tauro
854 1488 975 1553 diffusa
989 1487 1152 1572 palustres

337 1590 357 1651 5
380 1587 471 1652 Inter
487 1590 674 1653 Minturnas
691 1590 990 1673 Sinuessanumque
1006 1590 1186 1655 Petrinum.

380 1690 439 1753 Sin
454 1690 567 1755 melius
583 1692 662 1774 quid
678 1691 792 1766 habes,
809 1712 949 1766 arcesse,
965 1691 1016 1755 vel
1031 1692 1199 1775 imperium
1214 1692 1273 1756 fer.

377 1790 578 1855 Jamdudum
594 1791 744 1875 splendet
759 1789 864 1867 focus,
879 1803 913 1855 et
927 1792 987 1855 tibi
1002 1792 1124 1855 munda
1139 1793 1297 1877 supellex.

378 1892 476 1956 Mitte
491 1892 577 1956 leves
593 1916 680 1978 spes,
697 1904 730 1957 et
745 1893 921 1957 certamina
935 1893 1132 1969 divitiarum,

289 2078 397 2135 ultimus,
414 2079 477 2143 quod
495 2088 578 2145 preter
597 2096 664 2146 spem
677 2078 765 2135 evenit,
784 2079 852 2127 lucro
884 2077 991 2142 cujusvis
1013 2077 1114 2143 generis.
1145 2081 1256 2142 Supremo
1273 2082 1328 2135 sole,
1347 2082 1400 2131 sole
1417 2082 1450 2131 ad

291 2158 393 2209 appone.
883 2156 995 2190 oceasum
1019 2152 1139 2206 vergente,
1166 2152 1272 2193 extrema
1299 2144 1349 2193 diei
1373 2155 1451 2211 parte.

325 2210 364 2257 15.
383 2208 505 2273 Pinguem,
518 2208 624 2264 obesum,
636 2206 780 2271 saginatum.
804 2206 850 2253 Ni·
884 2205 991 2263 Mando,
1002 2207 1119 2272 opperiar.
1137 2226 1141 2233 ·

290 2273 381 2328 siclum
398 2271 465 2320 obesi
475 2272 594 2329 enimors,
606 2270 701 2337 corpore
712 2274 801 2321 nitent:
818 2270 850 2318 cl.
916 2273 940 2318 4.
958 2270 1046 2319 Iterum
1059 2271 1145 2327 Tniiro,
1162 2270 1216 2319 scil.
1227 2273 1344 2347 consule:
1363 2273 1451 2323 incidit

289 2334 698 2455 '‘ts‘lit‘ittin,ni
715 2397 792 2448 ,nn
808 2397 852 2445 nn
884 2334 1451 2466 tftssltaitffittittssttta

288 2462 372 2527 cupies
391 2462 494 2527 aliquem
517 2463 559 2527 qui
579 2463 623 2511 tibi
640 2462 731 2512 ridendi
747 2461 852 2527 praebeat
883 2474 932 2571 quo
940 2460 993 2511 lieo
1003 2462 1103 2527 epistola
1111 2462 1197 2528 scripta
1207 2462 1247 2520 sit,
1255 2464 1348 2513 ratione
1358 2465 1450 2522 habita,

288 2526 418 2575 materiem.
453 2526 551 2588 Epicurei
562 2530 589 2575 ile
599 2544 670 2593 grege
680 2544 786 2590 porrum:
806 2526 851 2575 hoc
900 2526 1067 2574 ictumvinum
1078 2526 1356 2603 mxlermevelsepteni
1371 2544 1449 2578 auno·

288 2589 350 2638 refer
359 2606 401 2655 pei
411 2590 626 2665 appositionemsd
639 2594 748 2656 pinguem
759 2601 781 2638 et
792 2593 849 2638 niti·
882 2605 935 2637 rum
946 2589 1021 2640 luisse
1029 2590 1112 2640 efficit.
1147 2590 1257 2657 Diffusa:
1276 2593 1451 2658 vinum,quo‹l

288 2657 367 2710 iiiam,¹
394 2653 506 2719 Epicurei
532 2655 635 2710 scilicet,
680 2655 705 2704 ui
732 2669 851 2704 summam
883 2654 1058 2719 emajorivase
1071 2654 1176 2721 inpium
1192 2655 1284 2705 minora
1299 2658 1450 2706 transfundi-

288 2716 433 2782 voluptatem
445 2717 470 2765 in
481 2733 576 2781 corpore
586 2718 725 2767 lautioribus
740 2727 765 2766 et
779 2717 851 2791 largi·
883 2726 930 2773 tur,
948 2718 1061 2782 disiuncti,
1074 2719 1139 2784 quod
1153 2733 1210 2767 vero
1226 2735 1256 2768 ex
1271 2719 1337 2769 dolio
1354 2721 1381 2769 iu
1397 2737 1449 2770 am·

288 2779 368 2828 oribus
380 2782 441 2830 cibis
452 2781 557 2829 curando
575 2783 704 2846 ponebant,
715 2790 852 2831 contemtum
884 2781 970 2847 phoras
980 2783 1156 2840 transmittitur,
1166 2783 1266 2848 defiindi‘
1277 2784 1376 2833 dicitur.

289 2843 388 2920 Epicuri
408 2848 436 2894 de
450 2861 521 2920 grege
537 2848 601 2906 porci
617 2848 778 2905 vocabantur;
796 2845 852 2895 hinc
916 2848 942 2896 5.
969 2847 1115 2903 Minturnas,
1138 2848 1308 2896 Auruncorum
1332 2863 1366 2913 op
1382 2849 1448 2898 'dum

288 2908 374 2958 Cicero
386 2911 416 2958 L.
428 2910 538 2958 Pisonem
552 2907 591 2971 (in
601 2918 661 2957 orat.
670 2909 695 2958 in
706 2909 758 2957 Pis.
769 2924 793 2957 c.
804 2910 848 2970 16)
881 2909 912 2958 nd
922 2911 982 2958 fines
993 2909 1057 2958 Latii
1068 2918 1092 2958 et
1102 2911 1243 2976 Campania
1260 2911 1350 2974 situm,
1366 2866 1448 2962 iari-

287 2971 407 3023 homiuem
426 2973 582 3028 luxuriosum,
596 2973 748 3038 Epicureum,
764 2990 810 3020 non
823 2989 850 3020 es
881 2992 946 3030 uum,
966 2973 1048 3023 vicum
1068 2975 1094 3023 in
1116 2989 1173 3038 agro
1192 2974 1349 3033 Sinuessano,
1372 2978 1448 3027 cim·

287 3038 371 3094 sclrolu,
390 3039 429 3086 sed
451 3054 477 3086 ex
499 3039 557 3084 tarn
580 3037 718 3103 (porcorum
741 3035 850 3101 subulo)
881 3038 959 3103 panias
969 3037 1083 3086 vicinum.

285 3103 424 3163 productim
434 3101 549 3166 appellati
914 3103 939 3150 6.
956 3102 999 3149 Sia
1014 3104 1095 3150 arelius
1110 3103 1166 3178 quid
1184 3103 1258 3159 habes,
1275 3102 1313 3152 siu
1331 3111 1358 3152 tu
1373 3104 1448 3154 babes

879 3165 978 3214 meliora
988 3165 1018 3213 iis
1034 3181 1089 3230 qum
1099 3164 1165 3224 dixi,
1182 3165 1291 3231 intellige
1302 3181 1352 3216 non
1363 3168 1447 3217 riuum

456 3229 626 3277 EPISTOLA
645 3230 682 3277 V.'
880 3230 1044 3278 tantummodo
1064 3239 1283 3285 commemoratum,
1306 3231 1349 3280 sed
1371 3233 1447 3282 etiam

318 3292 394 3340 Poeta
415 3291 519 3339 amicum
542 3307 620 3350 suum,
641 3293 798 3356 Torquatum,
818 3291 849 3340 ad
880 3310 944 3342 omne
960 3296 1019 3341 otus.
1053 3294 1153 3349 Arausa,
1171 3308 1200 3342 ea
1221 3293 1446 3360 afferrijube51ie

285 3354 367 3403 latum
385 3354 529 3412 convivium,
549 3371 598 3419 quo
618 3356 722 3404 namlem
741 3356 845 3405 Caesaris
876 3373 930 3421 sup.
947 3356 1069 3412 Horatius,
1089 3356 1138 3404 0d.
1154 3357 1187 3413 iv,
1206 3360 1245 3414 12,
1259 3360 1298 3414 16,
1312 3358 1445 3423 Virgilium

284 3419 447 3467 celebraturus
458 3427 517 3476 erut,
530 3419 675 3468 familiariter
686 3419 781 3468 invitat.
806 3421 845 3468 De
877 3421 908 3468 ad
936 3421 1016 3468 letam
1042 3420 1240 3484 computationem
1264 3422 1348 3472 efferre
1374 3424 1449 3489 jubet

286 3481 408 3545 Torquato,
420 3483 452 3530 cf.
464 3497 518 3549 sup.
531 3483 675 3547 Argumod
688 3483 735 3532 Od.
748 3482 780 3540 iv,
794 3484 818 3531 7.
878 3487 987 3532 nardum.
1020 3485 1091 3540 Sunt,
1110 3484 1152 3548 qui
1167 3485 1198 3533 ad
1215 3501 1300 3534 urcem
1317 3488 1449 3554 suppleant

320 3547 390 3595 1-3.
406 3547 432 3594 Si
449 3557 517 3608 potes,
534 3546 554 3595 si
586 3558 636 3596 otes
652 3563 666 3596 a
684 3557 707 3596 te
722 3547 847 3621 impetrare
877 3548 1013 3604 me,utsit,
1031 3563 1069 3596 me
1085 3547 1116 3595 ad
1132 3555 1156 3597 te
1173 3563 1248 3608 voca;
1264 3551 1307 3599 sed
1326 3551 1371 3600 hoc
1386 3551 1449 3601 milii

284 3609 340 3666 lieo,
360 3617 390 3657 ut
406 3612 546 3659 recumbas:
569 3563 638 3676 l'irg.
660 3613 721 3660 AEn.
740 3627 772 3667 xi,
788 3612 845 3666 307,
878 3611 983 3660 alienum
1009 3611 1103 3660 videtur
1127 3613 1158 3660 ab
1187 3613 1280 3661 Horatii
1307 3615 1448 3665 urbanitate

286 3673 335 3722 Neo
350 3675 406 3722 victi
420 3685 513 3735 possiunt
530 3677 636 3724 absistere
642 3675 722 3740 ferro,
735 3691 778 3723 nec
790 3674 847 3722 victi
879 3683 952 3740 atque
962 3675 1066 3739 ingenio.
1086 3675 1127 3722 Vel
1139 3677 1448 3752 imperiumfsr,vel,quod

284 3736 847 3852 tttmtttitttlitallltlstit
879 3738 1448 3865 ‘blasiliiimsiqillliiffssilin

283 3863 374 3913 Archia
385 3866 515 3926 contextis;
527 3867 637 3931 designat
647 3867 721 3915 lectos
728 3866 846 3930 vulgares,
880 3867 929 3916 Fea
948 3867 1021 3916 unius
1039 3867 1094 3914 libri
1113 3867 1254 3916 auctoritate
1274 3879 1331 3918 ante
1350 3887 1448 3920 remum

282 3927 370 3994 quibus
386 3929 538 3979 conficiendis
552 3929 845 3979 tumnotualuissevide·
878 3931 1049 3995 praecedentem
1076 3931 1165 3996 posuit,
1193 3931 1259 3995 quod
1289 3934 1446 3984 commodum

282 4002 321 4041 tur
333 3994 399 4042 inber
409 3992 506 4058 quidam
522 3994 639 4054 Archias;
657 3993 771 4042 Horatius
781 3995 846 4042 enim
878 3995 1048 4044 sententiamm
1057 4010 1145 4043 nexum
1156 3995 1228 4059 plane
1238 3997 1329 4046 turbat.

281 4058 432 4122 Torquatum
452 4074 499 4105 uon
520 4057 550 4106 ad
570 4057 731 4123 splendidum,
752 4057 795 4106 sed
815 4058 846 4107 ad
911 4061 935 4108 8.
966 4060 1037 4107 Mitte
1056 4061 1112 4106 leon
1133 4075 1191 4120 spes,
1214 4075 1291 4109 rerum
1311 4062 1401 4110 levium
1420 4073 1448 4112 et

281 4127 354 4170 tenue
365 4129 390 4170 et
400 4121 520 4170 modicum
537 4122 766 4181 conviviumvocat5
784 4122 841 4170 hinc
873 4138 1003 4171 vanuum:
1021 4121 1125 4187 respexit
1136 4121 1251 4172 Horatius
1268 4124 1362 4190 aliquid
1377 4127 1447 4191 quod

281 4201 351 4234 versu
363 4192 478 4248 sequente
489 4187 635 4248 Torquatum
648 4184 711 4250 apud
723 4199 748 4234 se
759 4201 842 4233 coena-
875 4187 1011 4246 nescimus3
1028 4186 1090 4234 aluit
1105 4186 1204 4235 fortasse
1222 4187 1359 4252 Torquatus
1374 4207 1446 4255 spem

280 4255 361 4297 tumui
383 4262 436 4296 esse
463 4249 498 4297 ait
515 4251 603 4310 patella
623 4251 719 4305 modion,
742 4248 843 4298 modice
875 4251 992 4300 honorum
1003 4250 1221 4316 adipiscendorum.
1254 4253 1389 4301 Cmnninn
1403 4257 1445 4302 di-

281 4311 372 4369 lorium,
388 4321 415 4359 ut
432 4325 487 4377 sup.
505 4311 552 4360 Od.
564 4313 582 4366 i,
594 4313 635 4368 20,
650 4314 672 4369 1,
691 4315 772 4360 modici
786 4330 842 4361 cun·
875 4318 995 4372 uitiorum,
1008 4315 1111 4362 breviter
1121 4322 1146 4362 et
1163 4313 1284 4377 eleganter
1294 4332 1345 4390 pro.
1361 4317 1446 4367 studia

281 4377 353 4424 thuri.
387 4375 460 4422 Tium
481 4391 523 4440 pro
545 4375 648 4437 vulgari,
669 4390 782 4435 recusas;
800 4377 842 4441 qui
874 4378 964 4442 quibus
988 4379 1015 4426 in
1041 4377 1178 4426 divitiarum
1205 4393 1354 4443 possessione
1381 4383 1447 4429 hune

280 4439 362 4488 cibum
372 4437 477 4502 aliquem
490 4437 536 4486 sibi
545 4436 665 4500 ingratum
681 4448 810 4497 aversetur,
821 4441 842 4488 is
874 4453 943 4506 atqua
952 4445 1013 4490 hune
1024 4447 1066 4506 (ut
1076 4441 1183 4506 loquitur
1194 4442 1308 4491 Horatius
1318 4459 1373 4510 sup.
1389 4447 1445 4494 Sat.

278 4504 360 4567 jocose
380 4516 436 4551 euni
456 4505 535 4552 timere
554 4501 650 4552 dicitur.
694 4504 751 4551 Olus
769 4521 842 4561 mirre,
875 4507 892 4565 i,
918 4507 939 4563 i,
966 4508 1026 4570 112)
1045 4521 1154 4568 supernis
1172 4513 1258 4564 emtas,
1279 4507 1331 4558 sive
1351 4509 1445 4571 quibus
