3150 5200
563 332 729 403 LIBER
752 332 798 413 ll,
820 329 853 399 8.

217 487 374 555 Audieris
391 488 515 552 melius.
561 484 648 552 Tum
664 487 820 552 Vibidius
836 486 1023 551 Balatroni:

217 591 301 668 Nos,
317 590 381 655 nisi
396 590 550 654 damnose
565 590 718 667 bibimus,
733 590 908 653 moriemur
922 587 1035 664 inulti3

149 692 194 757 35
216 692 264 756 Et
278 692 395 757 calices
410 693 517 776 poscit
530 693 680 776 majores.
727 692 869 756 Vertere
884 688 989 775 pallor

216 793 303 858 Tum
318 793 454 878 parochi
469 793 596 871 faciem,
612 794 657 858 nil
673 794 719 859 sic
734 794 920 869 metuentis,
936 802 974 855 ut
987 812 1081 855 acres

217 895 367 973 Potores,
383 896 434 959 vel
447 895 537 980 quod
551 894 749 960 maledicunt
764 895 909 971 liberius,
925 893 976 957 vel

215 997 355 1062 Fervida
369 999 460 1081 quod
477 998 596 1062 subtile
612 998 793 1062 exsurdant
807 998 882 1060 vina
895 996 1050 1080 palatum.

217 1098 390 1165 Invertunt
406 1099 557 1165 Allifanis
573 1100 696 1163 vinaria
712 1109 780 1163 tota

151 1202 196 1266 40
217 1202 373 1267 Vibidius
389 1202 600 1287 Balatroque,
618 1202 739 1265 secutis
754 1202 922 1278 omnibus3
946 1200 1001 1264 imi

217 1304 371 1371 Convivae
385 1306 461 1371 lecti
477 1304 612 1369 nihilum
627 1324 768 1369 nocuere
785 1302 922 1387 lagenis,

216 1405 378 1472 Adfertur
395 1406 527 1491 squillas
543 1408 628 1469 inter
642 1426 786 1469 muraena
801 1414 951 1468 natantes

214 1508 254 1572 In
269 1511 382 1593 patina
395 1520 557 1593 porrecta.
603 1506 674 1570 Sub
688 1506 750 1571 hoc
766 1505 879 1582 herus,
894 1505 978 1569 Haec
993 1504 1142 1589 gravida,
1155 1506 1272 1590 inquit,

215 1609 321 1694 Capta
336 1622 397 1687 est,
414 1611 557 1675 deterior
571 1620 647 1693 post
663 1618 795 1693 partum
809 1630 907 1673 carne
923 1606 1044 1673 futura.

150 1711 194 1775 45
216 1710 280 1775 His
295 1712 424 1776 mistum
436 1713 492 1796 jus
508 1722 575 1775 est:
600 1710 683 1787 oleo,
699 1710 788 1795 quod
803 1712 907 1795 prima
923 1709 1061 1774 Venafri

129 1882 203 1929 Hunc
218 1882 298 1931 locum
313 1882 385 1947 paulo
402 1880 560 1930 obscuriorem
573 1881 606 1929 ita
617 1881 689 1929 inter-
754 1882 797 1929 35.
813 1881 923 1943 Mqiorer,
934 1880 1081 1946 capaciores.

128 1955 223 2010 pretor:
241 1947 409 1995 Nomentanus
420 1946 451 1993 ad
467 1945 492 1993 id
510 1945 599 2010 negotii
609 1944 691 1994 aderat
755 1946 796 1993 36.
815 1946 930 1993 Poroeli:
945 1960 990 1993 nos
1006 1960 1101 2009 quoque
1112 1952 1162 1992 tam
1175 1960 1231 1995 eum
1242 1946 1286 2010 qui

130 2013 213 2073 (qai),
230 2019 266 2067 ut,
281 2010 301 2058 si
318 2009 377 2075 quid
392 2010 451 2059 forte
468 2011 552 2059 lateret
568 2010 689 2066 convivas,
722 2024 764 2073 pro
779 2008 887 2058 mercede
903 2008 970 2057 cibos
986 2012 1126 2071 suppeditat,
1139 2024 1212 2074 quem
1226 2027 1284 2059 con-

128 2074 165 2125 vel
177 2072 198 2122 si
210 2074 268 2139 quid
279 2074 387 2123 ciborum
399 2074 505 2123 conviva
521 2090 569 2123 non
581 2072 689 2123 animad-
723 2072 861 2131 vivatorem,
871 2087 984 2122 vocamus
996 2073 1084 2121 Wirth.
1111 2075 1286 2135 Amespotorss,

127 2146 251 2195 verterent,
269 2138 348 2188 indice
366 2138 440 2203 digito
458 2145 613 2197 monstraret;
635 2154 690 2187 nam
723 2138 773 2185 acri
791 2137 923 2203 cupiditate
941 2144 1060 2202 potantes,
1079 2137 1170 2201 largius
1185 2139 1243 2187 vino
1260 2156 1287 2189 se

128 2212 208 2252 cetera
218 2204 295 2259 turha,
308 2203 477 2268 nos,inquam,
489 2219 613 2253 coeuamus
625 2218 690 2259 aves,
723 2200 898 2266 ingurgitantes
904 2221 913 2263 5
934 2201 991 2250 hinc
1012 2216 1067 2266 snp.
1084 2203 1137 2251 Sat.
1154 2202 1180 2260 ii,
1199 2206 1224 2261 6,
1243 2206 1285 2261 69,

127 2267 263 2332 conchylia,
290 2268 376 2333 pisces,
401 2284 509 2324 succum,
536 2276 564 2315 ut
589 2266 691 2316 docebat
722 2268 890 2328 acriupoenlu.

128 2332 304 2389 Nomentanus,
322 2340 379 2382 noto
400 2332 471 2397 longe
489 2330 628 2380 dissimilem
649 2347 689 2380 ce·
755 2332 797 2379 38.
813 2331 903 2379 Subtile
913 2331 1164 2393 exsurdantpclotum,
1176 2331 1286 2381 subtilio-

128 2395 220 2456 lantia;
238 2404 264 2444 ut
274 2397 312 2445 vel
329 2397 443 2445 continuo
455 2396 540 2462 patuit,
553 2403 610 2445 cett.
642 2396 691 2444 Sed
723 2394 756 2442 ris
777 2394 853 2459 palati
874 2410 973 2444 sensnm
994 2395 1107 2443 obtusum
1129 2404 1154 2443 et
1174 2394 1284 2445 hebetem

127 2460 227 2509 fortasse
238 2468 286 2509 tarn
298 2462 381 2518 oratio,
393 2476 465 2525 quarn
482 2460 601 2509 sententia
612 2460 691 2524 aptius
723 2458 841 2518 reddunt;
858 2474 936 2508 vanus
949 2458 1015 2507 enim
1031 2458 1075 2508 iate
1089 2458 1161 2507 homo
1171 2460 1285 2509 Nasidie-

127 2523 240 2582 coharet,
252 2524 274 2572 si
285 2526 365 2582 verba,
383 2544 437 2573 acm
453 2535 526 2574 cetera
545 2527 623 2579 turta,
642 2541 689 2582 nor,
723 2538 769 2571 nus
791 2522 821 2572 de
841 2540 857 2571 a
873 2523 956 2589 positis
979 2523 1059 2589 epulis
1081 2522 1286 2587 exquisitioribns,

127 2591 231 2654 inquom,
242 2605 365 2648 commus,
377 2590 544 2656 parentheseos
559 2589 628 2652 signo
642 2587 691 2638 dis·
723 2588 807 2638 subtili
823 2540 904 2655 palito
915 2586 1085 2653 dijudicandis,
1097 2586 1191 2637 landari
1204 2588 1288 2655 cupie-

129 2653 236 2709 tinxeris,
248 2663 275 2703 nt
286 2669 371 2703 sensus
388 2655 433 2702 sit:
452 2655 619 2703 Nomentanus
634 2668 690 2717 ege-
723 2652 773 2702 bat.

128 2717 172 2766 hat
189 2719 221 2775 id,
233 2727 268 2775 ut,
280 2718 300 2767 si
312 2719 371 2783 quid
386 2718 510 2784 epularum
525 2717 631 2767 convive
643 2733 691 2767 non
756 2719 797 2767 39.
814 2718 937 2767 lemnum
948 2718 1072 2784 Altij'auis,
1080 2726 1138 2767 cett.
1172 2717 1288 2768 Vibidius

127 2782 281 2832 observarent
298 2785 356 2846 (nos
367 2784 438 2832 ceteri
448 2783 512 2832 enim
530 2797 620 2838 omnes,
632 2781 690 2831 dum
723 2791 748 2831 et
766 2783 865 2830 Balatro
883 2790 948 2831 totos
960 2782 1011 2830 vini
1029 2783 1102 2831 cados
1116 2783 1238 2832 invertunt
1255 2785 1286 2834 ad

128 2846 690 2912 Nomentanusnonranclatorispartessustinet,
722 2846 857 2914 implendos
881 2847 970 2896 calices
996 2847 1133 2922 capaciores
1154 2846 1286 2906 Allifanus,

127 2913 279 2973 coenamus),
298 2912 376 2962 indice
396 2912 471 2975 digito
491 2921 631 2960 monstraret
648 2927 688 2960 er·
722 2927 765 2977 pro
785 2911 887 2974 vulgari,
907 2918 969 2960 totos
987 2911 1039 2959 vinr
1060 2911 1133 2959 cados
1154 2911 1287 2960 exsiccant.

127 2976 201 3043 ampli
216 2991 290 3024 causa
304 2992 369 3034 aves,
385 2976 521 3041 conchylia,
538 2977 625 3041 pisces,
637 2984 689 3024 ton·
722 2976 852 3040 Allifanis:
869 2975 952 3024 Schol.
965 2975 1051 3040 Cruq„
1063 2977 1172 3024 eoliettms
1183 2986 1205 3023 et
1215 2993 1287 3037 poea-

126 3055 200 3104 quam
216 3041 362 3090 continentia
373 3057 471 3091 succum
488 3041 559 3104 longe
573 3041 691 3105 evulgari
723 3041 750 3088 lia
759 3043 892 3102 majoribus.
919 3040 962 3087 Est
972 3039 1287 3104 eutemAltifonuradietcm

126 3119 202 3154 succo
223 3105 379 3163 differentem,
402 3114 430 3154 ut
450 3104 489 3154 vel
510 3103 626 3153 continuo
647 3120 690 3179 ap·
722 3106 750 3151 ab
759 3103 843 3170 Atttse,
853 3107 935 3167 oppido
942 3105 1040 3159 Samnii,
1049 3107 1090 3153 ubi
1098 3106 1194 3164 omjorer
1205 3105 1286 3152 calices

126 3171 216 3233 paruit,
239 3185 295 3218 cum
317 3169 418 3234 passeris
440 3179 512 3234 atque
533 3168 626 3217 rhombi
649 3169 692 3218 iha
715 3169 818 3232 fiebant.
845 3170 902 3226 Pro,
911 3172 1024 3217 tremere
1035 3166 1164 3280 gaclinera
1174 3166 1284 3230 lagenam

126 3234 235 3282 nondum
250 3233 308 3282 mihi
324 3243 420 3298 gustata
434 3241 578 3298 porrexerat.
611 3233 692 3282 Irtdice
723 3232 965 3295 adinlundendum),
977 3247 1029 3298 sup.
1063 3233 1088 3281 d.
1097 3230 1131 3288 iii,
1140 3233 1182 3288 29,
1191 3233 1216 3288 2,
1225 3231 1287 3282 dixit

125 3300 217 3362 digito:
230 3299 311 3348 Schol.
324 3299 423 3364 Porph.,
435 3299 474 3346 hor
485 3301 543 3354 ideo,
555 3300 610 3360 quia
621 3301 689 3346 certis
721 3309 826 3347 uertere:
843 3315 889 3346 non
899 3308 954 3345 onte
963 3313 1026 3345 verso
1035 3299 1099 3344 codo.

125 3365 255 3411 nominihus
263 3365 335 3426 digiti
348 3367 505 3411 ruminantur.
541 3362 690 3411 Etruntlrec
754 3363 795 3410 tl.
819 3363 864 3410 lmi
881 3363 986 3410 Conviva
1001 3363 1063 3418 lecti,
1079 3362 1247 3410 Nomentanus
1261 3370 1287 3411 et

126 3430 229 3483 nomino,
245 3429 327 3489 polles,
345 3427 540 3538 indeuplsomosus
558 3427 688 3489 (amics),
722 3425 838 3476 Porcius:
857 3427 958 3474 nihilum
968 3443 1063 3474 nocuere
1075 3428 1172 3490 lagenis,
1184 3424 1286 3484 scilicet,

125 3494 227 3540 mediam
239 3492 403 3556 (medicinalis,
442 3491 522 3540 acrob.
532 3492 582 3540 Sat.
594 3489 635 3546 vii,
648 3492 687 3546 1³,
723 3499 750 3540 ut
766 3490 913 3539 abstinentia
923 3505 969 3537 sne
984 3491 1107 3555 placerent
1121 3505 1192 3539 avaro
1207 3507 1285 3541 coena

127 3554 166 3604 vel
175 3557 298 3605 annularis
310 3555 373 3621 apud
386 3555 453 3605 Gell.
465 3571 488 3612 r,
498 3555 552 3616 10),
561 3557 677 3602 minimus.
721 3555 791 3620 patri,
800 3555 1068 3630 peperceruntlagenis:
1082 3558 1135 3603 eino
1143 3573 1188 3603 non
1196 3573 1285 3612 nmero,

159 3621 202 3668 29.
223 3621 332 3675 Passeris,
353 3620 427 3685 piscis
448 3635 532 3685 parum
554 3634 569 3666 a
591 3617 689 3666 rhombo
723 3633 749 3668 ut
770 3634 814 3667 noa
836 3635 861 3666 m
882 3618 1020 3675 vernacula,
1042 3622 1092 3667 dem
1115 3619 1183 3666 Wein
1204 3621 1287 3669 Ιωίιιαι

126 3683 283 3749 discrepantis
295 3689 361 3750 (nos,
373 3683 582 3749 Stachelflundtr)·
722 3685 826 3733 Seltndea
838 3685 907 3732 thuri.

159 3749 515 3815 31.Μιιι·ιιιιι(μελὶμηια),
535 3755 629 3823 propter
649 3763 687 3795 sa·
753 3749 794 3796 42.
823 3748 940 3801 Murena,
959 3762 1011 3803 nos,
1034 3747 1147 3796 Merraol.
1184 3749 1287 3810 Squillae

124 3813 190 3877 poris
209 3813 370 3871 dulcedinem,
390 3829 442 3870 nos,
456 3813 606 3877 Hortigitpjd.
641 3813 690 3860 Mi·
723 3813 863 3874 (Seekeebse,
876 3811 1061 3870 See-Gorneie).·
1080 3813 1113 3861 cl.
1124 3826 1178 3876 sup.
1195 3813 1247 3860 Sat.
1258 3811 1285 3868 ii,

125 3893 204 3925 nerem
212 3879 250 3926 Aa
261 3881 349 3933 lunam,
360 3878 390 3927 ad
400 3878 577 3927 decrescentem
589 3877 680 3925 lunam.
723 3878 748 3933 4,
764 3879 805 3925 53.
840 3876 962 3933 Nutantes,
979 3874 1005 3922 in
1023 3875 1154 3939 liquamine
1170 3891 1286 3924 murana

159 3943 200 3989 ³2.
219 3943 282 3996 Quid
298 3945 338 3990 hor
354 3945 456 3998 intersit,
472 3951 552 3990 utrum
571 3941 692 3989 melimela
723 3940 813 3989 addito.

125 4005 278 4055 decrescente
289 4015 453 4056 accrescente
465 4007 523 4054 luna
536 4005 584 4053 sint
594 4005 664 4054 lecta.
756 4006 798 4052 43.
815 4005 935 4061 Porrecto,
945 4002 975 4050 ad
983 4001 1156 4067 designandam
1166 4003 1221 4067 ejus
1232 4004 1286 4052 lon·

159 4071 200 4118 34.
219 4071 339 4128 Damnare,
349 4071 425 4120 facete
436 4086 487 4135 pro,
498 4070 595 4126 leniter,
605 4068 689 4118 immo·
722 4068 864 4134 gitudinem.
896 4069 943 4116 Sub
954 4069 1003 4124 tor,
1013 4067 1065 4131 jam
1075 4066 1150 4115 allata
1159 4083 1274 4117 murena.

124 4135 188 4192 dice,
201 4139 225 4182 tn
238 4138 348 4183 damnum
362 4135 457 4184 scilicet
470 4143 495 4183 et
509 4133 624 4183 ultionem
637 4135 689 4182 Na·
756 4135 798 4181 44.
816 4133 924 4181 Deterior
939 4148 1024 4180 earne:
1041 4147 1106 4196 que,
1118 4131 1183 4195 qnod
1201 4133 1287 4182 attinet

123 4197 221 4254 sidieni,
239 4199 326 4247 stolida
342 4199 456 4256 vanitate,
473 4198 568 4246 sordida
583 4197 689 4255 avaritia,
723 4196 754 4245 ad
771 4197 826 4262 ejus
843 4213 948 4253 carnem,
966 4212 1017 4261 pro,
1034 4196 1105 4261 cnjus
1122 4211 1186 4253 caro,
1205 4196 1226 4244 si
1243 4197 1286 4246 illa

124 4273 150 4313 et
169 4262 272 4312 ridicula
285 4264 403 4329 jactantie
420 4265 533 4313 convivas
550 4261 690 4311 occidentis.
723 4269 851 4326 antequam
867 4269 990 4327 caperetur
1006 4259 1143 4326 peperisset,
1154 4260 1287 4309 saturatu-

124 4329 254 4376 Moriemur
265 4330 348 4385 inulti,
360 4327 424 4393 quod
438 4330 530 4377 AEneas
542 4325 605 4392 apud
618 4326 689 4391 Virg.
720 4325 778 4374 isset
789 4326 899 4384 deterior,
914 4341 957 4392 pro
969 4325 1070 4389 vulgari,
1083 4325 1154 4389 cujus
1166 4340 1221 4374 caro
1230 4336 1287 4375 ante

125 4394 188 4441 AEn.
199 4392 225 4449 ii,
238 4393 296 4449 670,
308 4392 431 4441 tortissimi
447 4391 520 4442 animi
538 4407 610 4440 serrsu
621 4389 688 4449 dicit,
720 4398 816 4456 partam
826 4390 913 4439 melius
924 4389 994 4455 sapit.

125 4457 254 4520 Nunquam
274 4474 347 4505 omnes
370 4459 435 4506 hodie
462 4460 586 4506 moriemur
606 4457 688 4511 inulti,
754 4457 859 4504 45-50.
877 4456 922 4503 His
935 4459 1028 4503 nuatum
1037 4458 1082 4518 jus
1096 4465 1143 4502 est:
1160 4453 1287 4528 pergitis-

123 4520 204 4587 lepide
216 4520 330 4571 Horatius
341 4521 371 4571 ad
383 4537 430 4572 rem
439 4522 547 4587 jocosam
559 4518 677 4569 transfert.
721 4518 763 4584 qui
775 4520 860 4570 herus:
872 4519 995 4584 liquamen
1007 4535 1120 4569 muraenae
1131 4529 1285 4569 commrxtum
