<?xml version="1.0" encoding="UTF-8"?>
<!DOCTYPE html PUBLIC "-//W3C//DTD XHTML 1.0 Transitional//EN"
    "http://www.w3.org/TR/xhtml1/DTD/xhtml1-transitional.dtd">
<html xmlns="http://www.w3.org/1999/xhtml" xml:lang="en" lang="en">
 <head>
  <title>
</title>
<meta http-equiv="Content-Type" content="text/html;charset=utf-8" />
  <meta name='ocr-system' content='tesseract 3.04.00' />
  <meta name='ocr-capabilities' content='ocr_page ocr_carea ocr_par ocr_line ocrx_word'/>
</head>
<body>
  <div class='ocr_page' id='page_1' title='image "./operaomniaillus00horagoog_0372.png"; bbox 0 0 3150 5200; ppageno 0'>
   <div class='ocr_carea' id='block_1_1' title="bbox 281 332 1015 399">
    <p class='ocr_par' dir='ltr' id='par_1_1' title="bbox 281 332 1015 399">
     <span class='ocr_line' id='line_1_1' title="bbox 281 332 1015 399; baseline 0 0"><span class='ocrx_word' id='word_1_1' title='bbox 281 336 346 399; x_wconf 84' lang='lat'>330</span> <span class='ocrx_word' id='word_1_2' title='bbox 694 332 1015 399; x_wconf 86' lang='lat' dir='ltr'><strong>SATIRARUM</strong></span> 
     </span>
    </p>
   </div>
   <div class='ocr_carea' id='block_1_2' title="bbox 304 485 1350 2591">
    <p class='ocr_par' dir='ltr' id='par_1_2' title="bbox 304 485 1350 2591">
     <span class='ocr_line' id='line_1_2' title="bbox 367 485 1205 570; baseline -0.001 -19"><span class='ocrx_word' id='word_1_3' title='bbox 367 485 516 551; x_wconf 83' lang='lat' dir='ltr'><strong>Vulcano</strong></span> <span class='ocrx_word' id='word_1_4' title='bbox 531 506 688 549; x_wconf 90' lang='lat' dir='ltr'>summum</span> <span class='ocrx_word' id='word_1_5' title='bbox 703 490 902 570; x_wconf 83' lang='lat' dir='ltr'>properabat</span> <span class='ocrx_word' id='word_1_6' title='bbox 915 488 1058 551; x_wconf 77' lang='lat' dir='ltr'>lambere</span> <span class='ocrx_word' id='word_1_7' title='bbox 1072 497 1205 552; x_wconf 88' lang='lat' dir='ltr'>tectum.</span> 
     </span>
     <span class='ocr_line' id='line_1_3' title="bbox 304 586 1151 671; baseline 0.002 -21"><span class='ocrx_word' id='word_1_8' title='bbox 304 588 346 650; x_wconf 83' lang='lat'>75</span> <span class='ocrx_word' id='word_1_9' title='bbox 368 587 527 650; x_wconf 89' lang='lat' dir='ltr'>Convivas</span> <span class='ocrx_word' id='word_1_10' title='bbox 543 586 654 649; x_wconf 89' lang='lat' dir='ltr'>avidos</span> <span class='ocrx_word' id='word_1_11' title='bbox 670 609 796 651; x_wconf 86' lang='lat' dir='ltr'>ooenam</span> <span class='ocrx_word' id='word_1_12' title='bbox 811 610 986 671; x_wconf 89' lang='lat' dir='ltr'>servosque</span> <span class='ocrx_word' id='word_1_13' title='bbox 1001 589 1151 652; x_wconf 86' lang='lat' dir='ltr'>timentes</span> 
     </span>
     <span class='ocr_line' id='line_1_4' title="bbox 367 687 1306 773; baseline 0.001 -22"><span class='ocrx_word' id='word_1_14' title='bbox 367 687 455 751; x_wconf 91' lang='lat' dir='ltr'>Tum</span> <span class='ocrx_word' id='word_1_15' title='bbox 470 709 597 771; x_wconf 87' lang='lat' dir='ltr'>rapere,</span> <span class='ocrx_word' id='word_1_16' title='bbox 611 698 710 771; x_wconf 89' lang='lat' dir='ltr'>atque</span> <span class='ocrx_word' id='word_1_17' title='bbox 725 711 836 753; x_wconf 91' lang='lat' dir='ltr'>omnes</span> <span class='ocrx_word' id='word_1_18' title='bbox 851 691 1055 773; x_wconf 75' lang='lat' dir='ltr'>restinguere</span> <span class='ocrx_word' id='word_1_19' title='bbox 1069 690 1152 754; x_wconf 86' lang='lat' dir='ltr'>velle</span> <span class='ocrx_word' id='word_1_20' title='bbox 1166 690 1306 753; x_wconf 89' lang='lat' dir='ltr'>videres.</span> 
     </span>
     <span class='ocr_line' id='line_1_5' title="bbox 367 787 1000 874; baseline 0.002 -22"><span class='ocrx_word' id='word_1_21' title='bbox 367 787 488 872; x_wconf 84' lang='lat' dir='ltr'><strong>Incipit</strong></span> <span class='ocrx_word' id='word_1_22' title='bbox 501 811 544 851; x_wconf 88' lang='lat' dir='ltr'>ex</span> <span class='ocrx_word' id='word_1_23' title='bbox 557 788 612 852; x_wconf 93' lang='lat' dir='ltr'>illo</span> <span class='ocrx_word' id='word_1_24' title='bbox 627 801 751 853; x_wconf 87' lang='lat' dir='ltr'>montes</span> <span class='ocrx_word' id='word_1_25' title='bbox 767 788 891 874; x_wconf 89' lang='lat' dir='ltr'>Apulia</span> <span class='ocrx_word' id='word_1_26' title='bbox 905 802 1000 854; x_wconf 92' lang='lat' dir='ltr'>notos</span> 
     </span>
     <span class='ocr_line' id='line_1_6' title="bbox 369 888 1207 974; baseline 0.001 -22"><span class='ocrx_word' id='word_1_27' title='bbox 369 889 545 953; x_wconf 82' lang='lat' dir='ltr'>Ostentare</span> <span class='ocrx_word' id='word_1_28' title='bbox 560 888 650 965; x_wconf 85' lang='lat' dir='ltr'>mihi,</span> <span class='ocrx_word' id='word_1_29' title='bbox 667 912 749 973; x_wconf 92' lang='lat' dir='ltr'>quos</span> <span class='ocrx_word' id='word_1_30' title='bbox 764 902 868 955; x_wconf 89' lang='lat' dir='ltr'>torret</span> <span class='ocrx_word' id='word_1_31' title='bbox 883 890 1060 968; x_wconf 77' lang='lat' dir='ltr'>Atabulus,</span> <span class='ocrx_word' id='word_1_32' title='bbox 1076 902 1111 955; x_wconf 90' lang='lat' dir='ltr'>et</span> <span class='ocrx_word' id='word_1_33' title='bbox 1124 913 1207 974; x_wconf 91' lang='lat' dir='ltr'>quos</span> 
     </span>
     <span class='ocr_line' id='line_1_7' title="bbox 369 990 1172 1074; baseline 0.002 -21"><span class='ocrx_word' id='word_1_34' title='bbox 369 990 548 1073; x_wconf 86' lang='lat' dir='ltr'>Nunquam</span> <span class='ocrx_word' id='word_1_35' title='bbox 561 1012 760 1074; x_wconf 88' lang='lat' dir='ltr'>erepsemus,</span> <span class='ocrx_word' id='word_1_36' title='bbox 776 994 839 1056; x_wconf 92' lang='lat' dir='ltr'>nisi</span> <span class='ocrx_word' id='word_1_37' title='bbox 853 1014 913 1056; x_wconf 88' lang='lat' dir='ltr'>nos</span> <span class='ocrx_word' id='word_1_38' title='bbox 928 993 1033 1057; x_wconf 86' lang='lat' dir='ltr'>vicina</span> <span class='ocrx_word' id='word_1_39' title='bbox 1046 993 1172 1056; x_wconf 88' lang='lat' dir='ltr'>Trivici</span> 
     </span>
     <span class='ocr_line' id='line_1_8' title="bbox 304 1090 1111 1175; baseline 0.005 -22"><span class='ocrx_word' id='word_1_40' title='bbox 304 1091 347 1153; x_wconf 94' lang='lat'>80</span> <span class='ocrx_word' id='word_1_41' title='bbox 368 1090 457 1155; x_wconf 88' lang='lat' dir='ltr'>Villa</span> <span class='ocrx_word' id='word_1_42' title='bbox 470 1092 649 1175; x_wconf 84' lang='lat' dir='ltr'>recepisset</span> <span class='ocrx_word' id='word_1_43' title='bbox 662 1092 832 1157; x_wconf 88' lang='lat' dir='ltr'>lacrimoso</span> <span class='ocrx_word' id='word_1_44' title='bbox 846 1115 912 1157; x_wconf 89' lang='lat' dir='ltr'>non</span> <span class='ocrx_word' id='word_1_45' title='bbox 926 1095 996 1157; x_wconf 89' lang='lat' dir='ltr'>sine</span> <span class='ocrx_word' id='word_1_46' title='bbox 1010 1093 1111 1170; x_wconf 88' lang='lat' dir='ltr'>fumo,</span> 
     </span>
     <span class='ocr_line' id='line_1_9' title="bbox 370 1191 1050 1259; baseline 0.003 -4"><span class='ocrx_word' id='word_1_47' title='bbox 370 1191 464 1255; x_wconf 92' lang='lat' dir='ltr'>Udos</span> <span class='ocrx_word' id='word_1_48' title='bbox 480 1214 553 1255; x_wconf 91' lang='lat' dir='ltr'>cum</span> <span class='ocrx_word' id='word_1_49' title='bbox 568 1192 653 1256; x_wconf 81' lang='lat' dir='ltr'>foliis</span> <span class='ocrx_word' id='word_1_50' title='bbox 668 1215 773 1258; x_wconf 88' lang='lat' dir='ltr'>ramos</span> <span class='ocrx_word' id='word_1_51' title='bbox 786 1205 902 1259; x_wconf 80' lang='lat' dir='ltr'>urente</span> <span class='ocrx_word' id='word_1_52' title='bbox 915 1196 1050 1258; x_wconf 90' lang='lat' dir='ltr'>camino.</span> 
     </span>
     <span class='ocr_line' id='line_1_10' title="bbox 370 1292 1204 1380; baseline 0.007 -27"><span class='ocrx_word' id='word_1_53' title='bbox 370 1292 436 1358; x_wconf 90' lang='lat' dir='ltr'>Hic</span> <span class='ocrx_word' id='word_1_54' title='bbox 449 1315 512 1377; x_wconf 86' lang='lat' dir='ltr'>ego</span> <span class='ocrx_word' id='word_1_55' title='bbox 527 1294 714 1358; x_wconf 88' lang='lat' dir='ltr'>mendaeem</span> <span class='ocrx_word' id='word_1_56' title='bbox 726 1296 934 1359; x_wconf 90' lang='lat' dir='ltr'>stultissimus</span> <span class='ocrx_word' id='word_1_57' title='bbox 944 1318 1049 1379; x_wconf 92' lang='lat' dir='ltr'>usque</span> <span class='ocrx_word' id='word_1_58' title='bbox 1062 1296 1204 1380; x_wconf 88' lang='lat' dir='ltr'>puellam</span> 
     </span>
     <span class='ocr_line' id='line_1_11' title="bbox 369 1390 1306 1479; baseline 0.006 -24"><span class='ocrx_word' id='word_1_59' title='bbox 369 1390 426 1456; x_wconf 90' lang='lat' dir='ltr'>Ad</span> <span class='ocrx_word' id='word_1_60' title='bbox 440 1394 579 1457; x_wconf 90' lang='lat' dir='ltr'>mediam</span> <span class='ocrx_word' id='word_1_61' title='bbox 593 1404 721 1459; x_wconf 89' lang='lat' dir='ltr'>noctem</span> <span class='ocrx_word' id='word_1_62' title='bbox 734 1407 908 1479; x_wconf 83' lang='lat' dir='ltr'>exspecto:</span> <span class='ocrx_word' id='word_1_63' title='bbox 932 1418 1063 1461; x_wconf 85' lang='lat' dir='ltr'>somnus</span> <span class='ocrx_word' id='word_1_64' title='bbox 1078 1409 1186 1461; x_wconf 91' lang='lat' dir='ltr'>tamen</span> <span class='ocrx_word' id='word_1_65' title='bbox 1199 1396 1306 1461; x_wconf 86' lang='lat' dir='ltr'>aufert</span> 
     </span>
     <span class='ocr_line' id='line_1_12' title="bbox 370 1492 1293 1573; baseline 0.007 -17"><span class='ocrx_word' id='word_1_66' title='bbox 370 1492 534 1557; x_wconf 87' lang='lat' dir='ltr'>Intentum</span> <span class='ocrx_word' id='word_1_67' title='bbox 549 1494 670 1559; x_wconf 88' lang='lat' dir='ltr'>Veneri</span> <span class='ocrx_word' id='word_1_68' title='bbox 685 1522 692 1573; x_wconf 81' lang='lat'>3</span> <span class='ocrx_word' id='word_1_69' title='bbox 716 1506 784 1559; x_wconf 92' lang='lat' dir='ltr'>tum</span> <span class='ocrx_word' id='word_1_70' title='bbox 799 1498 964 1561; x_wconf 90' lang='lat' dir='ltr'>immundo</span> <span class='ocrx_word' id='word_1_71' title='bbox 979 1500 1102 1561; x_wconf 91' lang='lat' dir='ltr'>somnia</span> <span class='ocrx_word' id='word_1_72' title='bbox 1116 1499 1188 1561; x_wconf 89' lang='lat' dir='ltr'>visu</span> <span class='ocrx_word' id='word_1_73' title='bbox 1290 1510 1293 1514; x_wconf 82' lang='lat'>&#39;</span> 
     </span>
     <span class='ocr_line' id='line_1_13' title="bbox 306 1594 1350 1683; baseline 0.005 -27"><span class='ocrx_word' id='word_1_74' title='bbox 306 1594 349 1656; x_wconf 91' lang='grc'>85</span> <span class='ocrx_word' id='word_1_75' title='bbox 370 1594 575 1659; x_wconf 90' lang='lat' dir='ltr'>Nocturnam</span> <span class='ocrx_word' id='word_1_76' title='bbox 590 1608 712 1660; x_wconf 88' lang='lat' dir='ltr'>vestem</span> <span class='ocrx_word' id='word_1_77' title='bbox 726 1596 899 1675; x_wconf 88' lang='lat' dir='ltr'>maculant,</span> <span class='ocrx_word' id='word_1_78' title='bbox 915 1609 1123 1683; x_wconf 88' lang='lat' dir='ltr'>ventremque</span> <span class='ocrx_word' id='word_1_79' title='bbox 1138 1599 1299 1682; x_wconf 88' lang='lat' dir='ltr'>supinum.</span> <span class='ocrx_word' id='word_1_80' title='bbox 1344 1648 1350 1653; x_wconf 89' lang='lat'>.</span> 
     </span>
     <span class='ocr_line' id='line_1_14' title="bbox 371 1696 1195 1782; baseline 0.004 -23"><span class='ocrx_word' id='word_1_81' title='bbox 371 1696 524 1767; x_wconf 83' lang='lat' dir='ltr'>Quatuor</span> <span class='ocrx_word' id='word_1_82' title='bbox 538 1696 614 1761; x_wconf 89' lang='lat' dir='ltr'>hinc</span> <span class='ocrx_word' id='word_1_83' title='bbox 628 1698 772 1780; x_wconf 91' lang='lat' dir='ltr'>rapimur</span> <span class='ocrx_word' id='word_1_84' title='bbox 786 1699 900 1782; x_wconf 84' lang='lat' dir='ltr'>viginti</span> <span class='ocrx_word' id='word_1_85' title='bbox 915 1710 949 1764; x_wconf 89' lang='lat' dir='ltr'>et</span> <span class='ocrx_word' id='word_1_86' title='bbox 959 1699 1058 1764; x_wconf 90' lang='lat' dir='ltr'>millia</span> <span class='ocrx_word' id='word_1_87' title='bbox 1071 1700 1195 1776; x_wconf 89' lang='lat' dir='ltr'>rhedis,</span> 
     </span>
     <span class='ocr_line' id='line_1_15' title="bbox 371 1796 1202 1882; baseline 0.004 -23"><span class='ocrx_word' id='word_1_88' title='bbox 371 1796 521 1860; x_wconf 84' lang='lat' dir='ltr'>Mansuri</span> <span class='ocrx_word' id='word_1_89' title='bbox 536 1798 704 1881; x_wconf 92' lang='lat' dir='ltr'>oppidulo,</span> <span class='ocrx_word' id='word_1_90' title='bbox 720 1800 810 1882; x_wconf 89' lang='lat' dir='ltr'>quod</span> <span class='ocrx_word' id='word_1_91' title='bbox 825 1822 922 1864; x_wconf 90' lang='lat' dir='ltr'>versu</span> <span class='ocrx_word' id='word_1_92' title='bbox 937 1801 1046 1865; x_wconf 85' lang='lat' dir='ltr'>dicere</span> <span class='ocrx_word' id='word_1_93' title='bbox 1060 1824 1125 1864; x_wconf 92' lang='lat' dir='ltr'>non</span> <span class='ocrx_word' id='word_1_94' title='bbox 1140 1812 1202 1876; x_wconf 90' lang='lat' dir='ltr'>est,</span> 
     </span>
     <span class='ocr_line' id='line_1_16' title="bbox 372 1897 1136 1982; baseline 0.004 -22"><span class='ocrx_word' id='word_1_95' title='bbox 372 1897 482 1982; x_wconf 84' lang='lat' dir='ltr'>Signis</span> <span class='ocrx_word' id='word_1_96' title='bbox 498 1898 651 1981; x_wconf 85' lang='lat' dir='ltr'>perfacile</span> <span class='ocrx_word' id='word_1_97' title='bbox 666 1911 733 1963; x_wconf 87' lang='lat' dir='ltr'>est:</span> <span class='ocrx_word' id='word_1_98' title='bbox 758 1902 846 1964; x_wconf 87' lang='lat' dir='ltr'>venit</span> <span class='ocrx_word' id='word_1_99' title='bbox 860 1900 1013 1966; x_wconf 90' lang='lat' dir='ltr'>vilissima</span> <span class='ocrx_word' id='word_1_100' title='bbox 1027 1922 1136 1965; x_wconf 91' lang='lat' dir='ltr'>rerum</span> 
     </span>
     <span class='ocr_line' id='line_1_17' title="bbox 371 1999 1220 2085; baseline 0.004 -23"><span class='ocrx_word' id='word_1_101' title='bbox 371 1999 437 2063; x_wconf 95' lang='lat' dir='ltr'>Hic</span> <span class='ocrx_word' id='word_1_102' title='bbox 452 2021 550 2081; x_wconf 82' lang='lat' dir='ltr'>aqua3</span> <span class='ocrx_word' id='word_1_103' title='bbox 575 2000 633 2063; x_wconf 82' lang='lat' dir='ltr'>red</span> <span class='ocrx_word' id='word_1_104' title='bbox 648 2002 741 2083; x_wconf 88' lang='lat' dir='ltr'>panis</span> <span class='ocrx_word' id='word_1_105' title='bbox 757 2001 854 2085; x_wconf 82' lang='lat' dir='ltr'>longe</span> <span class='ocrx_word' id='word_1_106' title='bbox 870 2002 1118 2085; x_wconf 89' lang='lat' dir='ltr'>pulcherrimus,</span> <span class='ocrx_word' id='word_1_107' title='bbox 1134 2002 1220 2066; x_wconf 90' lang='lat' dir='ltr'>ultra</span> 
     </span>
     <span class='ocr_line' id='line_1_18' title="bbox 306 2098 1130 2186; baseline 0.001 -21"><span class='ocrx_word' id='word_1_108' title='bbox 306 2103 350 2165; x_wconf 82' lang='lat'>90</span> <span class='ocrx_word' id='word_1_109' title='bbox 371 2100 516 2163; x_wconf 88' lang='lat' dir='ltr'>Callidus</span> <span class='ocrx_word' id='word_1_110' title='bbox 533 2110 568 2162; x_wconf 93' lang='lat' dir='ltr'>ut</span> <span class='ocrx_word' id='word_1_111' title='bbox 585 2098 686 2164; x_wconf 86' lang='lat' dir='ltr'>soleat</span> <span class='ocrx_word' id='word_1_112' title='bbox 700 2101 844 2165; x_wconf 87' lang='lat' dir='ltr'>humeris</span> <span class='ocrx_word' id='word_1_113' title='bbox 860 2113 991 2186; x_wconf 89' lang='lat' dir='ltr'>portare</span> <span class='ocrx_word' id='word_1_114' title='bbox 1006 2104 1109 2167; x_wconf 89' lang='lat' dir='ltr'>viator</span> <span class='ocrx_word' id='word_1_115' title='bbox 1122 2130 1130 2180; x_wconf 89' lang='lat'><strong>;</strong></span> 
     </span>
     <span class='ocr_line' id='line_1_19' title="bbox 371 2200 1202 2287; baseline 0 -22"><span class='ocrx_word' id='word_1_116' title='bbox 371 2200 460 2265; x_wconf 90' lang='lat' dir='ltr'>Nam</span> <span class='ocrx_word' id='word_1_117' title='bbox 475 2200 599 2265; x_wconf 90' lang='lat' dir='ltr'>Canusi</span> <span class='ocrx_word' id='word_1_118' title='bbox 612 2201 791 2286; x_wconf 82' lang='lat' dir='ltr'>lapidosus,</span> <span class='ocrx_word' id='word_1_119' title='bbox 808 2226 901 2287; x_wconf 85' lang='lat' dir='ltr'>aquae</span> <span class='ocrx_word' id='word_1_120' title='bbox 916 2226 981 2268; x_wconf 91' lang='lat' dir='ltr'>non</span> <span class='ocrx_word' id='word_1_121' title='bbox 997 2204 1095 2268; x_wconf 91' lang='lat' dir='ltr'>ditior</span> <span class='ocrx_word' id='word_1_122' title='bbox 1111 2225 1202 2278; x_wconf 90' lang='lat' dir='ltr'>urna,</span> 
     </span>
     <span class='ocr_line' id='line_1_20' title="bbox 372 2302 1180 2373; baseline 0.001 -7"><span class='ocrx_word' id='word_1_123' title='bbox 372 2302 441 2373; x_wconf 83' lang='lat' dir='ltr'>Qui</span> <span class='ocrx_word' id='word_1_124' title='bbox 454 2303 545 2367; x_wconf 88' lang='lat' dir='ltr'>locus</span> <span class='ocrx_word' id='word_1_125' title='bbox 561 2326 579 2366; x_wconf 89' lang='lat' dir='ltr'>a</span> <span class='ocrx_word' id='word_1_126' title='bbox 594 2303 671 2367; x_wconf 90' lang='lat' dir='ltr'>forti</span> <span class='ocrx_word' id='word_1_127' title='bbox 687 2304 849 2369; x_wconf 88' lang='lat' dir='ltr'>Diomede</span> <span class='ocrx_word' id='word_1_128' title='bbox 863 2316 915 2369; x_wconf 90' lang='lat' dir='ltr'>est</span> <span class='ocrx_word' id='word_1_129' title='bbox 929 2305 1079 2369; x_wconf 90' lang='lat' dir='ltr'>conditus</span> <span class='ocrx_word' id='word_1_130' title='bbox 1094 2305 1180 2368; x_wconf 88' lang='lat' dir='ltr'>olim.</span> 
     </span>
     <span class='ocr_line' id='line_1_21' title="bbox 372 2402 1189 2471; baseline 0.002 -6"><span class='ocrx_word' id='word_1_131' title='bbox 372 2402 542 2466; x_wconf 87' lang='lat' dir='ltr'>Flentibus</span> <span class='ocrx_word' id='word_1_132' title='bbox 558 2403 612 2468; x_wconf 91' lang='lat' dir='ltr'>hic</span> <span class='ocrx_word' id='word_1_133' title='bbox 628 2404 749 2471; x_wconf 88' lang='lat' dir='ltr'>Varius</span> <span class='ocrx_word' id='word_1_134' title='bbox 765 2406 904 2469; x_wconf 88' lang='lat' dir='ltr'>discedit</span> <span class='ocrx_word' id='word_1_135' title='bbox 917 2417 1053 2469; x_wconf 88' lang='lat' dir='ltr'>moestus</span> <span class='ocrx_word' id='word_1_136' title='bbox 1068 2404 1189 2469; x_wconf 88' lang='lat' dir='ltr'>amicis.</span> 
     </span>
     <span class='ocr_line' id='line_1_22' title="bbox 371 2503 1185 2591; baseline 0.001 -25"><span class='ocrx_word' id='word_1_137' title='bbox 371 2503 452 2567; x_wconf 87' lang='lat' dir='ltr'>Inde</span> <span class='ocrx_word' id='word_1_138' title='bbox 469 2504 585 2567; x_wconf 87' lang='lat' dir='ltr'>Rubos</span> <span class='ocrx_word' id='word_1_139' title='bbox 600 2504 677 2569; x_wconf 87' lang='lat' dir='ltr'>fessi</span> <span class='ocrx_word' id='word_1_140' title='bbox 691 2507 908 2590; x_wconf 89' lang='lat' dir='ltr'>pervenimus,</span> <span class='ocrx_word' id='word_1_141' title='bbox 924 2516 1038 2591; x_wconf 89' lang='lat' dir='ltr'>utpote</span> <span class='ocrx_word' id='word_1_142' title='bbox 1053 2506 1185 2589; x_wconf 85' lang='lat' dir='ltr'>longum</span> 
     </span>
    </p>
   </div>
   <div class='ocr_carea' id='block_1_3' title="bbox 285 2685 1440 4536">
    <p class='ocr_par' dir='ltr' id='par_1_3' title="bbox 286 2685 1434 2814">
     <span class='ocr_line' id='line_1_23' title="bbox 286 2685 1434 2752; baseline 0.003 -16"><span class='ocrx_word' id='word_1_143' title='bbox 286 2685 385 2736; x_wconf 85' lang='lat' dir='ltr'>tissimi:</span> <span class='ocrx_word' id='word_1_144' title='bbox 404 2685 671 2752; x_wconf 83' lang='lat' dir='ltr'>cl.sup.adSal.i,l,</span> <span class='ocrx_word' id='word_1_145' title='bbox 687 2691 742 2739; x_wconf 77' lang='lat'>114.</span> <span class='ocrx_word' id='word_1_146' title='bbox 772 2692 843 2738; x_wconf 85' lang='lat' dir='ltr'>Lam·</span> <span class='ocrx_word' id='word_1_147' title='bbox 876 2705 942 2738; x_wconf 85' lang='lat' dir='ltr'>mum</span> <span class='ocrx_word' id='word_1_148' title='bbox 958 2691 1057 2738; x_wconf 82' lang='lat' dir='ltr'>turbant</span> <span class='ocrx_word' id='word_1_149' title='bbox 1069 2699 1095 2738; x_wconf 89' lang='lat' dir='ltr'>et</span> <span class='ocrx_word' id='word_1_150' title='bbox 1111 2689 1228 2746; x_wconf 83' lang='lat' dir='ltr'>cruciant,</span> <span class='ocrx_word' id='word_1_151' title='bbox 1247 2707 1263 2736; x_wconf 85' lang='lat' dir='ltr'>a</span> <span class='ocrx_word' id='word_1_152' title='bbox 1291 2707 1352 2748; x_wconf 79' lang='lat' dir='ltr'>rm,</span> <span class='ocrx_word' id='word_1_153' title='bbox 1370 2691 1434 2742; x_wconf 74' lang='lat' dir='ltr'>lna.</span> 
     </span>
     <span class='ocr_line' id='line_1_24' title="bbox 287 2751 1370 2814; baseline 0.003 -15"><span class='ocrx_word' id='word_1_154' title='bbox 287 2755 347 2806; x_wconf 75' lang='lat' dir='ltr'>bere.</span> <span class='ocrx_word' id='word_1_155' title='bbox 359 2765 400 2814; x_wconf 92' lang='lat' dir='ltr'>pro</span> <span class='ocrx_word' id='word_1_156' title='bbox 418 2751 520 2814; x_wconf 80' lang='lat' dir='ltr'>vulgari,</span> <span class='ocrx_word' id='word_1_157' title='bbox 537 2754 613 2799; x_wconf 82' lang='lat' dir='ltr'>contin</span> <span class='ocrx_word' id='word_1_158' title='bbox 631 2769 674 2800; x_wconf 80' lang='lat' dir='ltr'>ere.</span> <span class='ocrx_word' id='word_1_159' title='bbox 877 2769 1005 2810; x_wconf 79' lang='lat' dir='ltr'>remorare,</span> <span class='ocrx_word' id='word_1_160' title='bbox 1017 2755 1118 2811; x_wconf 81' lang='lat' dir='ltr'>solvere,</span> <span class='ocrx_word' id='word_1_161' title='bbox 1126 2762 1151 2802; x_wconf 85' lang='lat' dir='ltr'>et</span> <span class='ocrx_word' id='word_1_162' title='bbox 1161 2753 1261 2803; x_wconf 80' lang='lat' dir='ltr'>liberare</span> <span class='ocrx_word' id='word_1_163' title='bbox 1288 2754 1370 2803; x_wconf 87' lang='lat' dir='ltr'>icitur.</span> 
     </span>
    </p>

    <p class='ocr_par' dir='ltr' id='par_1_4' title="bbox 285 2815 1437 3580">
     <span class='ocr_line' id='line_1_25' title="bbox 319 2815 1435 2883; baseline 0.005 -21"><span class='ocrx_word' id='word_1_164' title='bbox 319 2815 359 2872; x_wconf 80' lang='lat'>75,</span> <span class='ocrx_word' id='word_1_165' title='bbox 372 2815 411 2862; x_wconf 89' lang='grc'>76.</span> <span class='ocrx_word' id='word_1_166' title='bbox 428 2817 521 2870; x_wconf 74' lang='lat' dir='ltr'>dailos,</span> <span class='ocrx_word' id='word_1_167' title='bbox 542 2831 577 2862; x_wconf 86' lang='lat' dir='ltr'>sc.</span> <span class='ocrx_word' id='word_1_168' title='bbox 626 2816 690 2873; x_wconf 87' lang='lat' dir='ltr'>sudi,</span> <span class='ocrx_word' id='word_1_169' title='bbox 708 2825 735 2865; x_wconf 90' lang='lat' dir='ltr'>ut</span> <span class='ocrx_word' id='word_1_170' title='bbox 753 2833 842 2881; x_wconf 75' lang='lat' dir='ltr'>prece·</span> <span class='ocrx_word' id='word_1_171' title='bbox 908 2819 1015 2866; x_wconf 75' lang='lat' dir='ltr'>alt-92.</span> <span class='ocrx_word' id='word_1_172' title='bbox 1032 2819 1157 2880; x_wconf 79' lang='lat' dir='ltr'>Rapimar,</span> <span class='ocrx_word' id='word_1_173' title='bbox 1171 2817 1254 2883; x_wconf 81' lang='lat' dir='ltr'>rapido</span> <span class='ocrx_word' id='word_1_174' title='bbox 1268 2833 1339 2866; x_wconf 82' lang='lat' dir='ltr'>carra</span> <span class='ocrx_word' id='word_1_175' title='bbox 1351 2818 1435 2868; x_wconf 81' lang='lat' dir='ltr'>arabi·</span> 
     </span>
     <span class='ocr_line' id='line_1_26' title="bbox 285 2878 1434 2944; baseline 0.005 -18"><span class='ocrx_word' id='word_1_176' title='bbox 285 2878 352 2927; x_wconf 88' lang='lat' dir='ltr'>daut.</span> <span class='ocrx_word' id='word_1_177' title='bbox 376 2880 426 2926; x_wconf 83' lang='lat' dir='ltr'>Sal.</span> <span class='ocrx_word' id='word_1_178' title='bbox 451 2879 505 2928; x_wconf 82' lang='lat'>126.</span> <span class='ocrx_word' id='word_1_179' title='bbox 540 2879 670 2938; x_wconf 78' lang='lat' dir='ltr'>Timeatcr3</span> <span class='ocrx_word' id='word_1_180' title='bbox 692 2895 747 2928; x_wconf 81' lang='lat' dir='ltr'>nam</span> <span class='ocrx_word' id='word_1_181' title='bbox 771 2882 842 2941; x_wconf 84' lang='lat' dir='ltr'>servi,</span> <span class='ocrx_word' id='word_1_182' title='bbox 876 2897 936 2930; x_wconf 87' lang='lat' dir='ltr'>mur.</span> <span class='ocrx_word' id='word_1_183' title='bbox 959 2883 1154 2944; x_wconf 76' lang='lat' dir='ltr'>oppidulo,paod</span> <span class='ocrx_word' id='word_1_184' title='bbox 1167 2897 1235 2931; x_wconf 81' lang='lat' dir='ltr'>verra</span> <span class='ocrx_word' id='word_1_185' title='bbox 1245 2884 1321 2929; x_wconf 74' lang='lat' dir='ltr'>diotre</span> <span class='ocrx_word' id='word_1_186' title='bbox 1334 2893 1434 2939; x_wconf 71' lang='lat' dir='ltr'>mura,</span> 
     </span>
     <span class='ocr_line' id='line_1_27' title="bbox 286 2941 1435 3016; baseline 0.004 -26"><span class='ocrx_word' id='word_1_187' title='bbox 286 2957 340 2990; x_wconf 88' lang='lat' dir='ltr'>cum</span> <span class='ocrx_word' id='word_1_188' title='bbox 356 2941 423 2992; x_wconf 85' lang='lat' dir='ltr'>cibos</span> <span class='ocrx_word' id='word_1_189' title='bbox 441 2943 503 2991; x_wconf 87' lang='lat' dir='ltr'>clara</span> <span class='ocrx_word' id='word_1_190' title='bbox 520 2942 659 3016; x_wconf 86' lang='lat' dir='ltr'>surripiunt,</span> <span class='ocrx_word' id='word_1_191' title='bbox 678 2943 845 2994; x_wconf 83' lang='lat' dir='ltr'>timentribia</span> <span class='ocrx_word' id='word_1_192' title='bbox 876 2945 940 3009; x_wconf 89' lang='lat' dir='ltr'>qaod</span> <span class='ocrx_word' id='word_1_193' title='bbox 954 2960 1001 2993; x_wconf 89' lang='lat' dir='ltr'>non</span> <span class='ocrx_word' id='word_1_194' title='bbox 1012 2961 1081 2994; x_wconf 79' lang='lat' dir='ltr'>versu</span> <span class='ocrx_word' id='word_1_195' title='bbox 1093 2945 1200 3009; x_wconf 85' lang='lat' dir='ltr'>quidem,</span> <span class='ocrx_word' id='word_1_196' title='bbox 1216 2945 1335 3009; x_wconf 80' lang='lat' dir='ltr'>quiaejus</span> <span class='ocrx_word' id='word_1_197' title='bbox 1347 2961 1435 2995; x_wconf 79' lang='lat' dir='ltr'>noman</span> 
     </span>
     <span class='ocr_line' id='line_1_28' title="bbox 286 3004 1436 3075; baseline 0.004 -22"><span class='ocrx_word' id='word_1_198' title='bbox 286 3004 391 3056; x_wconf 87' lang='lat' dir='ltr'>domino.</span> <span class='ocrx_word' id='word_1_199' title='bbox 417 3007 515 3070; x_wconf 72' lang='lat' dir='ltr'>Rapere,</span> <span class='ocrx_word' id='word_1_200' title='bbox 528 3016 611 3072; x_wconf 79' lang='lat' dir='ltr'>raptim</span> <span class='ocrx_word' id='word_1_201' title='bbox 624 3009 724 3058; x_wconf 77' lang='lat' dir='ltr'>auferre.</span> <span class='ocrx_word' id='word_1_202' title='bbox 752 3009 845 3057; x_wconf 74' lang='lat' dir='ltr'>Videres</span> <span class='ocrx_word' id='word_1_203' title='bbox 875 3025 957 3058; x_wconf 82' lang='lat' dir='ltr'>versus</span> <span class='ocrx_word' id='word_1_204' title='bbox 979 3017 1080 3061; x_wconf 84' lang='lat' dir='ltr'>metrum</span> <span class='ocrx_word' id='word_1_205' title='bbox 1095 3009 1194 3075; x_wconf 79' lang='lat' dir='ltr'>respuit,</span> <span class='ocrx_word' id='word_1_206' title='bbox 1211 3008 1253 3056; x_wconf 85' lang='lat' dir='ltr'>sad</span> <span class='ocrx_word' id='word_1_207' title='bbox 1271 3008 1343 3057; x_wconf 78' lang='lat' dir='ltr'>facile</span> <span class='ocrx_word' id='word_1_208' title='bbox 1361 3013 1436 3074; x_wconf 75' lang='lat' dir='ltr'>rig-alr</span> 
     </span>
     <span class='ocr_line' id='line_1_29' title="bbox 286 3069 1434 3137; baseline 0.002 -18"><span class='ocrx_word' id='word_1_209' title='bbox 286 3069 359 3135; x_wconf 78' lang='grc' dir='ltr'>(ἴδοις</span> <span class='ocrx_word' id='word_1_210' title='bbox 369 3071 426 3134; x_wconf 87' lang='grc' dir='ltr'><strong>ἅν),</strong></span> <span class='ocrx_word' id='word_1_211' title='bbox 439 3071 516 3120; x_wconf 84' lang='lat' dir='ltr'>videre</span> <span class='ocrx_word' id='word_1_212' title='bbox 531 3072 631 3132; x_wconf 85' lang='lat' dir='ltr'>licebat;</span> <span class='ocrx_word' id='word_1_213' title='bbox 649 3087 700 3128; x_wconf 84' lang='lat' dir='ltr'>aas,</span> <span class='ocrx_word' id='word_1_214' title='bbox 717 3077 747 3122; x_wconf 82' lang='lat' dir='ltr'>da</span> <span class='ocrx_word' id='word_1_215' title='bbox 758 3073 843 3120; x_wconf 77' lang='lat' dir='ltr'>lanata</span> <span class='ocrx_word' id='word_1_216' title='bbox 873 3072 977 3121; x_wconf 79' lang='lat' dir='ltr'>externis</span> <span class='ocrx_word' id='word_1_217' title='bbox 988 3074 1072 3136; x_wconf 85' lang='lat' dir='ltr'>(rebus</span> <span class='ocrx_word' id='word_1_218' title='bbox 1084 3073 1140 3122; x_wconf 85' lang='lat' dir='ltr'>huic</span> <span class='ocrx_word' id='word_1_219' title='bbox 1156 3072 1243 3137; x_wconf 89' lang='lat' dir='ltr'>oppido</span> <span class='ocrx_word' id='word_1_220' title='bbox 1259 3071 1434 3136; x_wconf 56' lang='lat' dir='ltr'>mculianbus)</span> 
     </span>
     <span class='ocr_line' id='line_1_30' title="bbox 286 3135 1435 3209; baseline 0.001 -25"><span class='ocrx_word' id='word_1_221' title='bbox 286 3153 339 3184; x_wconf 81' lang='lat' dir='ltr'>man</span> <span class='ocrx_word' id='word_1_222' title='bbox 350 3137 416 3184; x_wconf 74' lang='lat' dir='ltr'>urbm</span> <span class='ocrx_word' id='word_1_223' title='bbox 426 3155 432 3184; x_wconf 92' lang='lat'>:</span> <span class='ocrx_word' id='word_1_224' title='bbox 443 3135 487 3184; x_wconf 86' lang='lat' dir='ltr'>inf.</span> <span class='ocrx_word' id='word_1_225' title='bbox 497 3137 549 3185; x_wconf 87' lang='lat' dir='ltr'>Sat.</span> <span class='ocrx_word' id='word_1_226' title='bbox 560 3135 577 3193; x_wconf 86' lang='lat' dir='ltr'>i,</span> <span class='ocrx_word' id='word_1_227' title='bbox 589 3138 614 3192; x_wconf 83' lang='lat'>8,</span> <span class='ocrx_word' id='word_1_228' title='bbox 625 3137 666 3194; x_wconf 83' lang='lat'>34,</span> <span class='ocrx_word' id='word_1_229' title='bbox 680 3147 840 3199; x_wconf 72' lang='lat' dir='ltr'>serpentum·</span> <span class='ocrx_word' id='word_1_230' title='bbox 873 3136 992 3198; x_wconf 82' lang='lat' dir='ltr'>designari</span> <span class='ocrx_word' id='word_1_231' title='bbox 999 3145 1085 3209; x_wconf 81' lang='lat' dir='ltr'>potest,</span> <span class='ocrx_word' id='word_1_232' title='bbox 1102 3151 1173 3200; x_wconf 76' lang='lat' dir='ltr'>aquas</span> <span class='ocrx_word' id='word_1_233' title='bbox 1187 3136 1280 3184; x_wconf 83' lang='lat' dir='ltr'>scilicet</span> <span class='ocrx_word' id='word_1_234' title='bbox 1290 3137 1399 3198; x_wconf 54' lang='lat' dir='ltr'>maaria,</span> <span class='ocrx_word' id='word_1_235' title='bbox 1408 3145 1435 3185; x_wconf 83' lang='lat' dir='ltr'>et</span> 
     </span>
     <span class='ocr_line' id='line_1_31' title="bbox 286 3198 1434 3264; baseline 0.001 -17"><span class='ocrx_word' id='word_1_236' title='bbox 286 3199 842 3264; x_wconf 70' lang='lat' dir='ltr'>queuidemalotirnmmarrcamr,lunamque</span> <span class='ocrx_word' id='word_1_237' title='bbox 873 3199 952 3264; x_wconf 83' lang='lat' dir='ltr'>panis,</span> <span class='ocrx_word' id='word_1_238' title='bbox 964 3216 1007 3263; x_wconf 89' lang='lat' dir='ltr'>qur</span> <span class='ocrx_word' id='word_1_239' title='bbox 1025 3200 1089 3248; x_wconf 90' lang='lat' dir='ltr'>ibic</span> <span class='ocrx_word' id='word_1_240' title='bbox 1123 3200 1194 3255; x_wconf 90' lang='lat' dir='ltr'>uitur,</span> <span class='ocrx_word' id='word_1_241' title='bbox 1211 3198 1358 3264; x_wconf 63' lang='lat' dir='ltr'>prestantia.</span> <span class='ocrx_word' id='word_1_242' title='bbox 1390 3200 1434 3248; x_wconf 85' lang='lat' dir='ltr'>Iu·</span> 
     </span>
     <span class='ocr_line' id='line_1_32' title="bbox 285 3261 1433 3326; baseline 0 -16"><span class='ocrx_word' id='word_1_243' title='bbox 285 3267 422 3322; x_wconf 61' lang='lat' dir='ltr'>rubentem</span> <span class='ocrx_word' id='word_1_244' title='bbox 448 3263 507 3312; x_wconf 86' lang='lat' dir='ltr'>ibid.</span> <span class='ocrx_word' id='word_1_245' title='bbox 527 3281 551 3311; x_wconf 92' lang='lat' dir='ltr'>v.</span> <span class='ocrx_word' id='word_1_246' title='bbox 572 3265 613 3318; x_wconf 81' lang='lat'>50,</span> <span class='ocrx_word' id='word_1_247' title='bbox 637 3265 732 3326; x_wconf 79' lang='lat' dir='ltr'>Sagana</span> <span class='ocrx_word' id='word_1_248' title='bbox 753 3265 840 3312; x_wconf 80' lang='lat' dir='ltr'>calian-</span> <span class='ocrx_word' id='word_1_249' title='bbox 874 3263 990 3326; x_wconf 76' lang='lat' dir='ltr'>telligitur</span> <span class='ocrx_word' id='word_1_250' title='bbox 1007 3272 1087 3312; x_wconf 81' lang='lat' dir='ltr'>autem</span> <span class='ocrx_word' id='word_1_251' title='bbox 1119 3265 1125 3279; x_wconf 72' lang='lat'>¹</span> <span class='ocrx_word' id='word_1_252' title='bbox 1169 3261 1433 3325; x_wconf 63' lang='lat' dir='ltr'>rutmmtiaafiqm</span> 
     </span>
     <span class='ocr_line' id='line_1_33' title="bbox 285 3327 1433 3390; baseline 0 -16"><span class='ocrx_word' id='word_1_253' title='bbox 285 3329 354 3374; x_wconf 86' lang='lat' dir='ltr'>drum</span> <span class='ocrx_word' id='word_1_254' title='bbox 375 3327 569 3374; x_wconf 65' lang='lat' dir='ltr'>&amp;cidare-cum</span> <span class='ocrx_word' id='word_1_255' title='bbox 586 3331 700 3389; x_wconf 83' lang='lat' dir='ltr'>magnor&#39;</span> <span class='ocrx_word' id='word_1_256' title='bbox 742 3332 839 3388; x_wconf 71' lang='lat' dir='ltr'>majoro-</span> <span class='ocrx_word' id='word_1_257' title='bbox 874 3327 985 3387; x_wconf 81' lang='lat' dir='ltr'>Tuticus)</span> <span class='ocrx_word' id='word_1_258' title='bbox 999 3343 1063 3375; x_wconf 85' lang='lat' dir='ltr'>nune</span> <span class='ocrx_word' id='word_1_259' title='bbox 1074 3328 1198 3375; x_wconf 83' lang='lat' dir='ltr'>Scotuocio.</span> <span class='ocrx_word' id='word_1_260' title='bbox 1235 3327 1433 3390; x_wconf 72' lang='lat' dir='ltr'>l&#39;saitzaquaob</span> 
     </span>
     <span class='ocr_line' id='line_1_34' title="bbox 285 3389 1434 3455; baseline -0.001 -19"><span class='ocrx_word' id='word_1_261' title='bbox 285 3405 329 3452; x_wconf 78' lang='lat' dir='ltr'>pus</span> <span class='ocrx_word' id='word_1_262' title='bbox 348 3393 450 3448; x_wconf 64' lang='lat' dir='ltr'>oiclerer,⁴</span> <span class='ocrx_word' id='word_1_263' title='bbox 468 3390 537 3452; x_wconf 85' lang='lat' dir='ltr'>Virg.</span> <span class='ocrx_word' id='word_1_264' title='bbox 553 3389 607 3437; x_wconf 86' lang='lat' dir='ltr'>Ecl.</span> <span class='ocrx_word' id='word_1_265' title='bbox 619 3389 651 3446; x_wconf 85' lang='lat' dir='ltr'>vi,</span> <span class='ocrx_word' id='word_1_266' title='bbox 664 3391 705 3446; x_wconf 81' lang='lat'>27,</span> <span class='ocrx_word' id='word_1_267' title='bbox 723 3393 781 3438; x_wconf 84' lang='lat' dir='ltr'>&#39;um</span> <span class='ocrx_word' id='word_1_268' title='bbox 794 3407 845 3438; x_wconf 81' lang='lat' dir='ltr'>arro</span> <span class='ocrx_word' id='word_1_269' title='bbox 875 3390 930 3455; x_wconf 76' lang='lat' dir='ltr'>ajars</span> <span class='ocrx_word' id='word_1_270' title='bbox 947 3391 981 3437; x_wconf 91' lang='lat' dir='ltr'>ibi</span> <span class='ocrx_word' id='word_1_271' title='bbox 996 3389 1116 3439; x_wconf 80' lang='lat' dir='ltr'>raritatem</span> <span class='ocrx_word' id='word_1_272' title='bbox 1130 3406 1180 3439; x_wconf 87' lang='lat' dir='ltr'>non</span> <span class='ocrx_word' id='word_1_273' title='bbox 1197 3389 1243 3438; x_wconf 82' lang='lat' dir='ltr'>nisi</span> <span class='ocrx_word' id='word_1_274' title='bbox 1256 3389 1338 3436; x_wconf 85' lang='lat' dir='ltr'>oblato</span> <span class='ocrx_word' id='word_1_275' title='bbox 1358 3390 1434 3453; x_wconf 82' lang='lat' dir='ltr'>pretio</span> 
     </span>
     <span class='ocr_line' id='line_1_35' title="bbox 286 3453 1437 3518; baseline 0.001 -17"><span class='ocrx_word' id='word_1_276' title='bbox 286 3457 312 3501; x_wconf 84' lang='lat' dir='ltr'>in</span> <span class='ocrx_word' id='word_1_277' title='bbox 332 3469 453 3500; x_wconf 78' lang='lat' dir='ltr'>numerum</span> <span class='ocrx_word' id='word_1_278' title='bbox 478 3453 611 3514; x_wconf 71' lang='lat' dir='ltr'>Faunosque</span> <span class='ocrx_word' id='word_1_279' title='bbox 625 3454 737 3518; x_wconf 76' lang='lat' dir='ltr'>ferasque</span> <span class='ocrx_word' id='word_1_280' title='bbox 758 3458 846 3502; x_wconf 78' lang='lat' dir='ltr'>uiderer</span> <span class='ocrx_word' id='word_1_281' title='bbox 876 3455 954 3509; x_wconf 84' lang='lat' dir='ltr'>datur,</span> <span class='ocrx_word' id='word_1_282' title='bbox 978 3454 1004 3502; x_wconf 88' lang='lat' dir='ltr'>b.</span> <span class='ocrx_word' id='word_1_283' title='bbox 1024 3469 1047 3501; x_wconf 86' lang='lat' dir='ltr'>a.</span> <span class='ocrx_word' id='word_1_284' title='bbox 1069 3454 1188 3502; x_wconf 77' lang='lat' dir='ltr'>venditur.</span> <span class='ocrx_word' id='word_1_285' title='bbox 1231 3453 1311 3509; x_wconf 83' lang='lat' dir='ltr'>Ultra,</span> <span class='ocrx_word' id='word_1_286' title='bbox 1334 3453 1437 3502; x_wconf 79' lang='lat' dir='ltr'>ulterius</span> 
     </span>
     <span class='ocr_line' id='line_1_36' title="bbox 288 3514 1435 3580; baseline 0.001 -16"><span class='ocrx_word' id='word_1_287' title='bbox 288 3517 388 3564; x_wconf 70' lang='lat' dir='ltr'>Ludere</span> <span class='ocrx_word' id='word_1_288' title='bbox 423 3516 582 3578; x_wconf 76' lang='lat' dir='ltr'>liertinguem,</span> <span class='ocrx_word' id='word_1_289' title='bbox 595 3517 729 3580; x_wconf 69' lang='lat' dir='ltr'>smignem.</span> <span class='ocrx_word' id='word_1_290' title='bbox 876 3518 942 3566; x_wconf 86' lang='lat' dir='ltr'>inde.</span> <span class='ocrx_word' id='word_1_291' title='bbox 977 3519 1093 3573; x_wconf 78' lang='lat' dir='ltr'>Callidus,</span> <span class='ocrx_word' id='word_1_292' title='bbox 1121 3517 1216 3566; x_wconf 87' lang='lat' dir='ltr'>rovidus</span> <span class='ocrx_word' id='word_1_293' title='bbox 1233 3514 1316 3571; x_wconf 82' lang='lat' dir='ltr'>laturi,</span> <span class='ocrx_word' id='word_1_294' title='bbox 1331 3526 1435 3578; x_wconf 75' lang='lat' dir='ltr'>porram,</span> 
     </span>
    </p>

    <p class='ocr_par' dir='ltr' id='par_1_5' title="bbox 286 3579 1440 4536">
     <span class='ocr_line' id='line_1_37' title="bbox 320 3579 1436 3640; baseline 0.001 -13"><span class='ocrx_word' id='word_1_295' title='bbox 320 3580 426 3628; x_wconf 79' lang='lat'>77-85.</span> <span class='ocrx_word' id='word_1_296' title='bbox 454 3579 488 3626; x_wconf 78' lang='lat' dir='ltr'>Er</span> <span class='ocrx_word' id='word_1_297' title='bbox 511 3581 560 3635; x_wconf 88' lang='lat' dir='ltr'>illo,</span> <span class='ocrx_word' id='word_1_298' title='bbox 582 3595 596 3628; x_wconf 81' lang='lat' dir='ltr'>a</span> <span class='ocrx_word' id='word_1_299' title='bbox 618 3581 756 3630; x_wconf 83' lang='lat' dir='ltr'>Berrsvsnto</span> <span class='ocrx_word' id='word_1_300' title='bbox 779 3581 844 3630; x_wconf 87' lang='lat' dir='ltr'>inde.</span> <span class='ocrx_word' id='word_1_301' title='bbox 876 3581 1073 3639; x_wconf 82' lang='lat' dir='ltr'>ac.Caausium;</span> <span class='ocrx_word' id='word_1_302' title='bbox 1115 3599 1153 3629; x_wconf 85' lang='lat' dir='ltr'>am</span> <span class='ocrx_word' id='word_1_303' title='bbox 1166 3581 1253 3628; x_wconf 73' lang='lat' dir='ltr'>Canusi</span> <span class='ocrx_word' id='word_1_304' title='bbox 1264 3581 1436 3640; x_wconf 61' lang='lat' dir='ltr'>lapidatum.</span> 
     </span>
     <span class='ocr_line' id='line_1_38' title="bbox 287 3642 1436 3755; baseline 0.001 -65"><span class='ocrx_word' id='word_1_305' title='bbox 287 3643 367 3698; x_wconf 77' lang='lat' dir='ltr'>Nalm,</span> <span class='ocrx_word' id='word_1_306' title='bbox 378 3642 466 3708; x_wconf 84' lang='lat' dir='ltr'>patrios</span> <span class='ocrx_word' id='word_1_307' title='bbox 476 3642 568 3691; x_wconf 86' lang='lat' dir='ltr'>scilicet</span> <span class='ocrx_word' id='word_1_308' title='bbox 578 3645 686 3692; x_wconf 84' lang='lat' dir='ltr'>Horatio.</span> <span class='ocrx_word' id='word_1_309' title='bbox 712 3647 845 3693; x_wconf 79' lang='lat' dir='ltr'>Atabulus:</span> <span class='ocrx_word' id='word_1_310' title='bbox 876 3644 946 3755; x_wconf 80' lang='lat' dir='ltr'>panis</span> <span class='ocrx_word' id='word_1_311' title='bbox 968 3655 1005 3692; x_wconf 83' lang='lat' dir='ltr'>ert</span> <span class='ocrx_word' id='word_1_312' title='bbox 1024 3645 1144 3708; x_wconf 81' lang='lat' dir='ltr'>(sortasse,</span> <span class='ocrx_word' id='word_1_313' title='bbox 1165 3644 1223 3708; x_wconf 79' lang='lat' dir='ltr'>quia</span> <span class='ocrx_word' id='word_1_314' title='bbox 1244 3644 1390 3691; x_wconf 79' lang='lat' dir='ltr'>trumentum</span> <span class='ocrx_word' id='word_1_315' title='bbox 1408 3643 1436 3691; x_wconf 88' lang='lat' dir='ltr'>in</span> 
     </span>
     <span class='ocr_line' id='line_1_39' title="bbox 287 3705 1435 3773; baseline -0.001 -19"><span class='ocrx_word' id='word_1_316' title='bbox 287 3706 317 3754; x_wconf 85' lang='lat' dir='ltr'>da</span> <span class='ocrx_word' id='word_1_317' title='bbox 336 3705 381 3755; x_wconf 79' lang='lat' dir='ltr'>lroc</span> <span class='ocrx_word' id='word_1_318' title='bbox 400 3716 471 3754; x_wconf 85' lang='lat' dir='ltr'>vento</span> <span class='ocrx_word' id='word_1_319' title='bbox 489 3707 544 3770; x_wconf 87' lang='lat' dir='ltr'>(qui</span> <span class='ocrx_word' id='word_1_320' title='bbox 560 3721 625 3755; x_wconf 86' lang='lat' dir='ltr'>nunc</span> <span class='ocrx_word' id='word_1_321' title='bbox 641 3708 845 3771; x_wconf 80' lang='lat' dir='ltr'>diciturSirorco)</span> <span class='ocrx_word' id='word_1_322' title='bbox 886 3708 937 3757; x_wconf 85' lang='lat' dir='ltr'>ocia</span> <span class='ocrx_word' id='word_1_323' title='bbox 947 3707 1063 3773; x_wconf 88' lang='lat' dir='ltr'>lapidosis</span> <span class='ocrx_word' id='word_1_324' title='bbox 1072 3717 1098 3756; x_wconf 88' lang='lat' dir='ltr'>et</span> <span class='ocrx_word' id='word_1_325' title='bbox 1114 3708 1218 3757; x_wconf 76' lang='lat' dir='ltr'>arenosis</span> <span class='ocrx_word' id='word_1_326' title='bbox 1233 3722 1282 3754; x_wconf 89' lang='lat' dir='ltr'>nou</span> <span class='ocrx_word' id='word_1_327' title='bbox 1300 3705 1359 3754; x_wconf 79' lang='lat' dir='ltr'>ratis</span> <span class='ocrx_word' id='word_1_328' title='bbox 1376 3722 1435 3772; x_wconf 91' lang='lat' dir='ltr'>par-</span> 
     </span>
     <span class='ocr_line' id='line_1_40' title="bbox 287 3768 1437 3836; baseline 0.002 -20"><span class='ocrx_word' id='word_1_329' title='bbox 287 3768 388 3818; x_wconf 85' lang='lat' dir='ltr'>laudaut</span> <span class='ocrx_word' id='word_1_330' title='bbox 405 3773 489 3820; x_wconf 80' lang='lat' dir='ltr'>Seuer.</span> <span class='ocrx_word' id='word_1_331' title='bbox 507 3771 600 3826; x_wconf 77' lang='lat' dir='ltr'>Qaaest.</span> <span class='ocrx_word' id='word_1_332' title='bbox 617 3772 676 3820; x_wconf 84' lang='lat' dir='ltr'>Nat.</span> <span class='ocrx_word' id='word_1_333' title='bbox 690 3789 714 3828; x_wconf 88' lang='lat' dir='ltr'>v,</span> <span class='ocrx_word' id='word_1_334' title='bbox 730 3772 768 3828; x_wconf 81' lang='lat'>17,</span> <span class='ocrx_word' id='word_1_335' title='bbox 785 3775 844 3820; x_wconf 83' lang='lat' dir='ltr'>Ata·</span> <span class='ocrx_word' id='word_1_336' title='bbox 877 3773 928 3836; x_wconf 82' lang='lat' dir='ltr'>gari</span> <span class='ocrx_word' id='word_1_337' title='bbox 950 3780 1028 3836; x_wconf 85' lang='lat' dir='ltr'>potest</span> <span class='ocrx_word' id='word_1_338' title='bbox 1045 3773 1076 3819; x_wconf 87' lang='lat' dir='ltr'>ab</span> <span class='ocrx_word' id='word_1_339' title='bbox 1097 3771 1206 3819; x_wconf 77' lang='lat' dir='ltr'>immixta</span> <span class='ocrx_word' id='word_1_340' title='bbox 1227 3771 1342 3834; x_wconf 79' lang='lat' dir='ltr'>glarea);</span> <span class='ocrx_word' id='word_1_341' title='bbox 1370 3787 1437 3833; x_wconf 74' lang='lat' dir='ltr'>apae</span> 
     </span>
     <span class='ocr_line' id='line_1_41' title="bbox 287 3835 1438 3898; baseline 0 -18"><span class='ocrx_word' id='word_1_342' title='bbox 287 3835 355 3882; x_wconf 71' lang='lat' dir='ltr'>bulas</span> <span class='ocrx_word' id='word_1_343' title='bbox 366 3835 476 3896; x_wconf 79' lang='lat' dir='ltr'>Apuliam</span> <span class='ocrx_word' id='word_1_344' title='bbox 493 3835 597 3898; x_wconf 71' lang='lat' dir='ltr'>insistat,</span> <span class='ocrx_word' id='word_1_345' title='bbox 615 3835 745 3884; x_wconf 84' lang='lat' dir='ltr'>Calabriam</span> <span class='ocrx_word' id='word_1_346' title='bbox 762 3836 844 3898; x_wconf 72' lang='lat' dir='ltr'>lappa,</span> <span class='ocrx_word' id='word_1_347' title='bbox 877 3853 921 3884; x_wconf 80' lang='lat' dir='ltr'>aaa</span> <span class='ocrx_word' id='word_1_348' title='bbox 943 3838 1015 3883; x_wconf 78' lang='lat' dir='ltr'>ditior</span> <span class='ocrx_word' id='word_1_349' title='bbox 1034 3852 1106 3891; x_wconf 82' lang='lat' dir='ltr'>arua,</span> <span class='ocrx_word' id='word_1_350' title='bbox 1130 3849 1191 3883; x_wconf 79' lang='lat' dir='ltr'>urna</span> <span class='ocrx_word' id='word_1_351' title='bbox 1211 3849 1277 3889; x_wconf 88' lang='lat' dir='ltr'>vero,</span> <span class='ocrx_word' id='word_1_352' title='bbox 1299 3848 1350 3896; x_wconf 84' lang='lat' dir='ltr'>qua</span> <span class='ocrx_word' id='word_1_353' title='bbox 1371 3848 1438 3898; x_wconf 73' lang='lat' dir='ltr'>aqua</span> 
     </span>
     <span class='ocr_line' id='line_1_42' title="bbox 287 3894 1440 3963; baseline 0 -17"><span class='ocrx_word' id='word_1_354' title='bbox 287 3900 389 3946; x_wconf 73' lang='lat' dir='ltr'>Armua</span> <span class='ocrx_word' id='word_1_355' title='bbox 422 3899 511 3954; x_wconf 82' lang='lat' dir='ltr'>Sciron,</span> <span class='ocrx_word' id='word_1_356' title='bbox 540 3899 702 3962; x_wconf 78' lang='lat' dir='ltr'>Pamphyliam</span> <span class='ocrx_word' id='word_1_357' title='bbox 737 3901 844 3962; x_wconf 78' lang='lat' dir='ltr'>Cataegir,</span> <span class='ocrx_word' id='word_1_358' title='bbox 878 3899 994 3952; x_wconf 85' lang='lat' dir='ltr'>hauritur,</span> <span class='ocrx_word' id='word_1_359' title='bbox 1017 3914 1066 3946; x_wconf 87' lang='lat' dir='ltr'>non</span> <span class='ocrx_word' id='word_1_360' title='bbox 1094 3899 1199 3960; x_wconf 80' lang='lat' dir='ltr'>(ditior)</span> <span class='ocrx_word' id='word_1_361' title='bbox 1226 3894 1318 3963; x_wconf 86' lang='lat' dir='ltr'>plenior</span> <span class='ocrx_word' id='word_1_362' title='bbox 1344 3896 1380 3943; x_wconf 91' lang='lat' dir='ltr'>ibi</span> <span class='ocrx_word' id='word_1_363' title='bbox 1400 3905 1440 3946; x_wconf 75' lang='lat' dir='ltr'>est</span> 
     </span>
     <span class='ocr_line' id='line_1_43' title="bbox 289 3961 1437 4026; baseline -0.002 -16"><span class='ocrx_word' id='word_1_364' title='bbox 289 3962 393 4010; x_wconf 86' lang='lat' dir='ltr'>Galliam</span> <span class='ocrx_word' id='word_1_365' title='bbox 405 3963 509 4010; x_wconf 74' lang='lat' dir='ltr'>Circius:</span> <span class='ocrx_word' id='word_1_366' title='bbox 521 3961 553 4009; x_wconf 88' lang='lat' dir='ltr'>ci.</span> <span class='ocrx_word' id='word_1_367' title='bbox 566 3963 632 4010; x_wconf 90' lang='lat' dir='ltr'>Plin.</span> <span class='ocrx_word' id='word_1_368' title='bbox 644 3963 677 4009; x_wconf 83' lang='lat' dir='ltr'>ll.</span> <span class='ocrx_word' id='word_1_369' title='bbox 692 3963 725 4010; x_wconf 92' lang='lat' dir='ltr'>N.</span> <span class='ocrx_word' id='word_1_370' title='bbox 737 3963 794 4018; x_wconf 83' lang='lat' dir='ltr'>xvii,</span> <span class='ocrx_word' id='word_1_371' title='bbox 804 3965 845 4020; x_wconf 85' lang='lat'>³6,</span> <span class='ocrx_word' id='word_1_372' title='bbox 878 3979 957 4026; x_wconf 76' lang='lat' dir='ltr'>aque,</span> <span class='ocrx_word' id='word_1_373' title='bbox 978 3961 1002 4008; x_wconf 89' lang='lat' dir='ltr'>h.</span> <span class='ocrx_word' id='word_1_374' title='bbox 1013 3980 1037 4012; x_wconf 75' lang='lat' dir='ltr'>e.</span> <span class='ocrx_word' id='word_1_375' title='bbox 1052 3961 1136 4010; x_wconf 82' lang='lat' dir='ltr'>eadam</span> <span class='ocrx_word' id='word_1_376' title='bbox 1154 3961 1265 4016; x_wconf 77' lang='lat' dir='ltr'>Canusii,</span> <span class='ocrx_word' id='word_1_377' title='bbox 1279 3976 1336 4024; x_wconf 77' lang='lat' dir='ltr'>quaa</span> <span class='ocrx_word' id='word_1_378' title='bbox 1354 3961 1437 4024; x_wconf 68' lang='lat' dir='ltr'>Equo·</span> 
     </span>
     <span class='ocr_line' id='line_1_44' title="bbox 288 4024 1438 4090; baseline -0.004 -15"><span class='ocrx_word' id='word_1_379' title='bbox 288 4028 312 4075; x_wconf 82' lang='lat' dir='ltr'>t.</span> <span class='ocrx_word' id='word_1_380' title='bbox 356 4027 487 4087; x_wconf 79' lang='lat' dir='ltr'>Erepremur</span> <span class='ocrx_word' id='word_1_381' title='bbox 507 4029 571 4089; x_wconf 91' lang='lat' dir='ltr'>(pro,</span> <span class='ocrx_word' id='word_1_382' title='bbox 595 4025 787 4090; x_wconf 83' lang='lat' dir='ltr'>erepsissemus),</span> <span class='ocrx_word' id='word_1_383' title='bbox 810 4043 846 4074; x_wconf 92' lang='lat' dir='ltr'>re·</span> <span class='ocrx_word' id='word_1_384' title='bbox 878 4027 943 4082; x_wconf 85' lang='lat' dir='ltr'>tatii,</span> <span class='ocrx_word' id='word_1_385' title='bbox 953 4041 1022 4088; x_wconf 77' lang='lat' dir='ltr'>aquia</span> <span class='ocrx_word' id='word_1_386' title='bbox 1033 4035 1070 4074; x_wconf 86' lang='lat' dir='ltr'>ast</span> <span class='ocrx_word' id='word_1_387' title='bbox 1081 4025 1189 4089; x_wconf 80' lang='lat' dir='ltr'>penuria.</span> <span class='ocrx_word' id='word_1_388' title='bbox 1211 4026 1258 4077; x_wconf 79' lang='lat' dir='ltr'>Qut</span> <span class='ocrx_word' id='word_1_389' title='bbox 1270 4027 1340 4078; x_wconf 75' lang='lat' dir='ltr'>baur,</span> <span class='ocrx_word' id='word_1_390' title='bbox 1352 4024 1438 4071; x_wconf 77' lang='lat' dir='ltr'>Canu·</span> 
     </span>
     <span class='ocr_line' id='line_1_45' title="bbox 286 4087 1439 4158; baseline -0.004 -20"><span class='ocrx_word' id='word_1_391' title='bbox 286 4087 400 4155; x_wconf 56' lang='lat' dir='ltr'>modoet</span> <span class='ocrx_word' id='word_1_392' title='bbox 417 4088 530 4138; x_wconf 84' lang='lat' dir='ltr'>enitendo</span> <span class='ocrx_word' id='word_1_393' title='bbox 546 4089 756 4154; x_wconf 83' lang='lat' dir='ltr'>superavissemus.</span> <span class='ocrx_word' id='word_1_394' title='bbox 791 4091 843 4138; x_wconf 83' lang='lat' dir='ltr'>Tri·</span> <span class='ocrx_word' id='word_1_395' title='bbox 875 4091 956 4148; x_wconf 83' lang='lat' dir='ltr'>siam;</span> <span class='ocrx_word' id='word_1_396' title='bbox 978 4090 1020 4138; x_wconf 82' lang='lat' dir='ltr'>aad</span> <span class='ocrx_word' id='word_1_397' title='bbox 1039 4097 1103 4138; x_wconf 83' lang='lat' dir='ltr'>recta</span> <span class='ocrx_word' id='word_1_398' title='bbox 1120 4088 1152 4137; x_wconf 83' lang='lat' dir='ltr'>de</span> <span class='ocrx_word' id='word_1_399' title='bbox 1169 4088 1243 4137; x_wconf 87' lang='lat' dir='ltr'>hu&#39;us</span> <span class='ocrx_word' id='word_1_400' title='bbox 1260 4087 1341 4136; x_wconf 86' lang='lat' dir='ltr'>ultimi</span> <span class='ocrx_word' id='word_1_401' title='bbox 1355 4102 1439 4158; x_wconf 75' lang='lat' dir='ltr'>versus</span> 
     </span>
     <span class='ocr_line' id='line_1_46' title="bbox 287 4105 1438 4218; baseline -0.004 -16"><span class='ocrx_word' id='word_1_402' title='bbox 287 4157 345 4202; x_wconf 84' lang='lat' dir='ltr'>vici.-</span> <span class='ocrx_word' id='word_1_403' title='bbox 358 4153 438 4201; x_wconf 86' lang='lat' dir='ltr'>Schol.</span> <span class='ocrx_word' id='word_1_404' title='bbox 447 4154 514 4209; x_wconf 77' lang='lat' dir='ltr'>Aca,</span> <span class='ocrx_word' id='word_1_405' title='bbox 523 4156 601 4216; x_wconf 82' lang='lat' dir='ltr'>oppidi</span> <span class='ocrx_word' id='word_1_406' title='bbox 613 4156 693 4218; x_wconf 77' lang='lat' dir='ltr'>iusim</span> <span class='ocrx_word' id='word_1_407' title='bbox 704 4155 844 4216; x_wconf 76' lang='lat' dir='ltr'>Campania,</span> <span class='ocrx_word' id='word_1_408' title='bbox 876 4153 1013 4216; x_wconf 76' lang='lat' dir='ltr'>integritate</span> <span class='ocrx_word' id='word_1_409' title='bbox 1029 4151 1124 4201; x_wconf 85' lang='lat' dir='ltr'>dubitat</span> <span class='ocrx_word' id='word_1_410' title='bbox 1136 4105 1271 4206; x_wconf 78' lang='lat' dir='ltr'>Bentloias,</span> <span class='ocrx_word' id='word_1_411' title='bbox 1293 4159 1318 4199; x_wconf 86' lang='lat' dir='ltr'>et</span> <span class='ocrx_word' id='word_1_412' title='bbox 1338 4149 1438 4214; x_wconf 76' lang='lat' dir='ltr'>quidem</span> 
     </span>
     <span class='ocr_line' id='line_1_47' title="bbox 287 4215 1439 4282; baseline -0.005 -16"><span class='ocrx_word' id='word_1_413' title='bbox 287 4235 332 4282; x_wconf 78' lang='lat' dir='ltr'>pua</span> <span class='ocrx_word' id='word_1_414' title='bbox 353 4219 457 4265; x_wconf 81' lang='lat' dir='ltr'>calicula</span> <span class='ocrx_word' id='word_1_415' title='bbox 472 4221 560 4279; x_wconf 80' lang='lat' dir='ltr'>juncta</span> <span class='ocrx_word' id='word_1_416' title='bbox 585 4221 690 4266; x_wconf 77' lang='lat' dir='ltr'>acaedam</span> <span class='ocrx_word' id='word_1_417' title='bbox 710 4227 844 4280; x_wconf 77' lang='lat' dir='ltr'>nequeam,-</span> <span class='ocrx_word' id='word_1_418' title='bbox 876 4234 906 4266; x_wconf 86' lang='lat' dir='ltr'>er</span> <span class='ocrx_word' id='word_1_419' title='bbox 921 4217 1016 4265; x_wconf 83' lang='lat' dir='ltr'>duabus</span> <span class='ocrx_word' id='word_1_420' title='bbox 1027 4217 1146 4281; x_wconf 70' lang='lat' dir='ltr'>precipua</span> <span class='ocrx_word' id='word_1_421' title='bbox 1159 4215 1309 4272; x_wconf 79' lang='lat' dir='ltr'>rationibus3</span> <span class='ocrx_word' id='word_1_422' title='bbox 1325 4215 1439 4278; x_wconf 83' lang='lat' dir='ltr'>primam,</span> 
     </span>
     <span class='ocr_line' id='line_1_48' title="bbox 288 4277 1439 4346; baseline -0.003 -16"><span class='ocrx_word' id='word_1_423' title='bbox 288 4299 342 4346; x_wconf 78' lang='lat' dir='ltr'>crgo</span> <span class='ocrx_word' id='word_1_424' title='bbox 353 4281 467 4329; x_wconf 77' lang='lat' dir='ltr'>Horatius</span> <span class='ocrx_word' id='word_1_425' title='bbox 481 4284 512 4328; x_wconf 80' lang='lat' dir='ltr'>acl</span> <span class='ocrx_word' id='word_1_426' title='bbox 528 4283 609 4329; x_wconf 85' lang='lat' dir='ltr'>uillam</span> <span class='ocrx_word' id='word_1_427' title='bbox 621 4283 725 4330; x_wconf 77' lang='lat' dir='ltr'>divortit.</span> <span class='ocrx_word' id='word_1_428' title='bbox 759 4281 843 4328; x_wconf 85' lang='lat' dir='ltr'>Lacri—</span> <span class='ocrx_word' id='word_1_429' title='bbox 877 4281 934 4344; x_wconf 85' lang='lat' dir='ltr'>quia</span> <span class='ocrx_word' id='word_1_430' title='bbox 950 4281 1057 4344; x_wconf 85' lang='lat' dir='ltr'>ineptum</span> <span class='ocrx_word' id='word_1_431' title='bbox 1074 4286 1099 4327; x_wconf 91' lang='lat' dir='ltr'>et</span> <span class='ocrx_word' id='word_1_432' title='bbox 1115 4277 1226 4344; x_wconf 85' lang='lat' dir='ltr'>putidum</span> <span class='ocrx_word' id='word_1_433' title='bbox 1242 4277 1314 4326; x_wconf 79' lang='lat' dir='ltr'>tuerit</span> <span class='ocrx_word' id='word_1_434' title='bbox 1328 4279 1439 4339; x_wconf 71' lang='lat' dir='ltr'>Gangra-</span> 
     </span>
     <span class='ocr_line' id='line_1_49' title="bbox 287 4339 1440 4409; baseline -0.004 -17"><span class='ocrx_word' id='word_1_435' title='bbox 287 4361 379 4400; x_wconf 77' lang='lat' dir='ltr'>moao,a</span> <span class='ocrx_word' id='word_1_436' title='bbox 396 4345 421 4392; x_wconf 86' lang='lat' dir='ltr'>ri</span> <span class='ocrx_word' id='word_1_437' title='bbox 434 4359 506 4408; x_wconf 87' lang='lat' dir='ltr'>quam</span> <span class='ocrx_word' id='word_1_438' title='bbox 526 4345 606 4392; x_wconf 87' lang='lat' dir='ltr'>sumus</span> <span class='ocrx_word' id='word_1_439' title='bbox 624 4343 649 4392; x_wconf 90' lang='lat' dir='ltr'>iu</span> <span class='ocrx_word' id='word_1_440' title='bbox 666 4344 748 4393; x_wconf 85' lang='lat' dir='ltr'>oculos</span> <span class='ocrx_word' id='word_1_441' title='bbox 764 4345 845 4392; x_wconf 86' lang='lat' dir='ltr'>habet.</span> <span class='ocrx_word' id='word_1_442' title='bbox 878 4345 979 4409; x_wconf 83' lang='lat' dir='ltr'>plromm</span> <span class='ocrx_word' id='word_1_443' title='bbox 1006 4359 1071 4392; x_wconf 86' lang='lat' dir='ltr'>more</span> <span class='ocrx_word' id='word_1_444' title='bbox 1098 4343 1248 4391; x_wconf 82' lang='lat' dir='ltr'>conditorem</span> <span class='ocrx_word' id='word_1_445' title='bbox 1268 4340 1371 4391; x_wconf 81' lang='lat' dir='ltr'>Canusii</span> <span class='ocrx_word' id='word_1_446' title='bbox 1397 4339 1440 4388; x_wconf 82' lang='lat' dir='ltr'>hic</span> 
     </span>
     <span class='ocr_line' id='line_1_50' title="bbox 288 4404 1439 4474; baseline -0.004 -19"><span class='ocrx_word' id='word_1_447' title='bbox 288 4409 375 4474; x_wconf 74' lang='lat' dir='ltr'>Aufert</span> <span class='ocrx_word' id='word_1_448' title='bbox 387 4409 507 4457; x_wconf 74' lang='lat' dir='ltr'>lutrarum</span> <span class='ocrx_word' id='word_1_449' title='bbox 520 4407 616 4454; x_wconf 78' lang='lat' dir='ltr'>Veneri:</span> <span class='ocrx_word' id='word_1_450' title='bbox 631 4407 734 4456; x_wconf 79' lang='lat' dir='ltr'>suaviter</span> <span class='ocrx_word' id='word_1_451' title='bbox 748 4423 847 4456; x_wconf 83' lang='lat' dir='ltr'>somnus</span> <span class='ocrx_word' id='word_1_452' title='bbox 878 4422 1083 4465; x_wconf 61' lang='lat' dir='ltr'>commentorum</span> <span class='ocrx_word' id='word_1_453' title='bbox 1118 4405 1207 4455; x_wconf 81' lang='lat' dir='ltr'>deiude</span> <span class='ocrx_word' id='word_1_454' title='bbox 1239 4405 1305 4468; x_wconf 86' lang='lat' dir='ltr'>quod</span> <span class='ocrx_word' id='word_1_455' title='bbox 1337 4404 1439 4458; x_wconf 87' lang='lat' dir='ltr'>locutio,</span> 
     </span>
     <span class='ocr_line' id='line_1_51' title="bbox 288 4467 1440 4536; baseline -0.005 -15"><span class='ocrx_word' id='word_1_456' title='bbox 288 4487 343 4521; x_wconf 81' lang='lat' dir='ltr'>eum</span> <span class='ocrx_word' id='word_1_457' title='bbox 363 4489 435 4536; x_wconf 89' lang='lat' dir='ltr'>quern</span> <span class='ocrx_word' id='word_1_458' title='bbox 453 4479 563 4536; x_wconf 83' lang='lat' dir='ltr'>occupat,</span> <span class='ocrx_word' id='word_1_459' title='bbox 575 4471 605 4518; x_wconf 91' lang='lat' dir='ltr'>ab</span> <span class='ocrx_word' id='word_1_460' title='bbox 620 4469 649 4518; x_wconf 88' lang='lat' dir='ltr'>iis</span> <span class='ocrx_word' id='word_1_461' title='bbox 664 4487 717 4535; x_wconf 80' lang='lat' dir='ltr'>quae</span> <span class='ocrx_word' id='word_1_462' title='bbox 729 4471 846 4535; x_wconf 84' lang='lat' dir='ltr'>ejusaai·</span> <span class='ocrx_word' id='word_1_463' title='bbox 879 4474 974 4522; x_wconf 77' lang='lat' dir='ltr'>condem</span> <span class='ocrx_word' id='word_1_464' title='bbox 996 4473 1070 4520; x_wconf 74' lang='lat' dir='ltr'>boum</span> <span class='ocrx_word' id='word_1_465' title='bbox 1090 4479 1206 4535; x_wconf 77' lang='lat' dir='ltr'>repugnet</span> <span class='ocrx_word' id='word_1_466' title='bbox 1226 4469 1300 4534; x_wconf 83' lang='lat' dir='ltr'>plana</span> <span class='ocrx_word' id='word_1_467' title='bbox 1325 4467 1440 4531; x_wconf 77' lang='lat' dir='ltr'>loquendi</span> 
     </span>
    </p>
   </div>
   <div class='ocr_carea' id='block_1_4' title="bbox 0 0 1588 5200">
    <p class='ocr_par' dir='ltr' id='par_1_6' title="bbox 0 0 1588 5200">
     <span class='ocr_line' id='line_1_52' title="bbox 0 0 1588 5200; baseline 0 0"><span class='ocrx_word' id='word_1_468' title='bbox 0 0 1588 5200; x_wconf 95' lang='lat' dir='ltr'> </span> 
     </span>
    </p>
   </div>
  </div>
 </body>
</html>
