3150 5200
593 359 757 425 LIBER
781 361 842 437 ΙΙΙ,
863 363 893 428 8.

381 508 437 573 Ne
452 508 577 573 vicinus
592 511 742 597 Enipeus

426 609 506 673 Plus
517 612 609 694 justo
622 613 761 697 plaeeat,
777 637 855 680 eave
868 641 875 678 :

273 712 317 774 25
338 712 496 785 Quamvis
512 735 578 776 non
591 714 674 779 alius
689 713 821 780 flectere
836 740 955 801 equum
971 719 1076 784 sciens

336 813 448 898 AEque
464 815 664 898 conspicitur
677 818 822 900 gramine
838 818 971 897 Martio,

379 914 454 978 Nec
468 914 641 998 quisquam
656 918 740 981 citus
754 941 848 1002 teque

418 1014 532 1080 Tusco
546 1015 681 1081 denatat
696 1018 798 1082 alveo.

334 1114 445 1178 Prima
460 1127 556 1181 noete
571 1117 703 1184 domum
717 1120 850 1186 claude:
875 1145 981 1207 neque
997 1126 1029 1188 in
1045 1127 1112 1189 vias

271 1216 314 1278 30
336 1216 408 1281 Sub
423 1229 520 1282 cantu
535 1220 681 1303 quemlae
695 1221 829 1307 despice
846 1225 951 1288 tibiae:
972 1283 974 1286 .

379 1317 426 1380 Et
441 1329 474 1382 le
489 1341 577 1404 aaepe
593 1324 721 1386 vocanti

421 1417 548 1484 Duram
563 1422 704 1488 difficilis
718 1445 823 1488 mane.

575 1740 783 1808 CARMEN
807 1743 903 1810 VIII.

523 1971 586 2017 AD
624 1969 956 2022 MAECENATEM.

375 2127 530 2192 Maurus
545 2128 663 2194 caelebs
679 2130 758 2213 quid
774 2154 868 2216 agam
884 2130 1049 2207 Calendis,

376 2229 468 2301 Quid
483 2230 583 2294 velint
596 2230 705 2308 liores,
722 2243 756 2295 et
770 2253 883 2296 acerra
898 2231 980 2295 turis

154 2393 425 2444 cerestudetterrendn.
443 2397 479 2445 Ut
485 2397 558 2460 igitur
564 2413 621 2447 eum
627 2398 721 2456 doeeat,
754 2399 809 2448 ride
826 2415 840 2448 a
857 2400 889 2449 ud
907 2401 1050 2450 Valckener.
1067 2399 1097 2448 ad
1115 2397 1198 2473 Eurip.
1215 2400 1316 2466 Hippoi.

154 2474 233 2532 quam
244 2459 344 2522 graviter
354 2460 428 2533 spreti
437 2461 524 2510 amoris
533 2462 648 2527 injuriam
659 2463 720 2512 ulci-
754 2480 780 2528 p.
801 2417 856 2513 195Ρ
873 2465 903 2514 C.
943 2465 1045 2529 Integer,
1067 2481 1102 2514 sc.
1122 2472 1232 2514 castitate
1253 2481 1314 2526 sua3

154 2537 195 2570 scr
206 2522 298 2572 soleant
308 2523 429 2580 mulieres,
441 2525 501 2574 inter
512 2527 562 2575 alia
572 2529 660 2576 Anteae
671 2528 722 2576 sive
754 2543 807 2593 sup.
824 2527 850 2585 ii,
866 2531 891 2586 4,
903 2531 944 2584 22,
963 2529 1074 2586 Brachia,
1094 2539 1117 2577 et
1135 2531 1235 2587 nultum,
1254 2540 1313 2578 tere-

155 2586 310 2637 Sthannboee
329 2588 520 2656 Hippolytesque
533 2591 556 2641 ei
572 2601 627 2641 ante
637 2591 721 2641 ocules
754 2603 830 2657 tuque
844 2610 920 2652 sarar,
935 2593 1029 2669 Integer
1046 2595 1123 2643 laudo.
1157 2594 1230 2657 AEque
1243 2598 1314 2643 wiern

154 2652 299 2765 adtigitssecm
316 2654 486 2765 Illam,qna1um
495 2655 539 2767 iila
549 2656 720 2769 Btfflernphon-
753 2660 941 2769 :guumjism’
953 2675 996 2771 qu}
1008 2675 1077 2725 eque
1088 2658 1248 2770 sciatzteitgtggm
1258 2659 1315 2771 5ῖοί-

155 2734 393 2855 pesdumdedeiidum
423 2736 497 2832 adiro
525 2735 722 2842 sprea'sufflrg
753 2737 1314 2860 bulluaerilii'eliddlidmiiedrilmtindeitpo

155 2854 269 2894 mantum
290 2863 361 2895 sunm
382 2846 487 2911 perfide:
513 2848 537 2897 la
553 2847 619 2897 ulam
643 2857 723 2897 nanat
753 2850 852 2922 Martio,
873 2850 1006 2916 pertinebat
1028 2851 1135 2917 inpnnus
1158 2849 1264 2924 studium
1288 2866 1314 2924 ¹.¹²

155 2910 468 2966 Ηοιιιετ.11ἰιὰ.νί,15δε
485 2928 511 2977 q.
522 2913 562 2961 cui
577 2913 621 2961 illa
633 2915 718 2971 Antea,
750 2913 874 2977 equitandi
893 2914 1038 2979 natandique
1055 2922 1105 2963 arta
1124 2924 1148 2963 at
1165 2930 1195 2963 ue
1213 2922 1314 2963 serentis

155 2972 213 3022 aliis
244 2975 385 3031 &malea
411 2930 553 3041 appedatur.
595 2977 720 3039 Impulerit
796 2977 870 3025 itum:
889 2979 922 3027 cl.
932 2994 986 3043 sup.
995 2980 1013 3031 i,
1023 2980 1135 3041 8,6sqq.
1178 2980 1313 3035 uscoalueo,

154 3048 277 3087 mturare
290 3057 375 3096 mm,
387 3039 473 3089 Graece
488 3056 540 3106 pro,
551 3048 580 3089 ut
592 3048 721 3090 maturaret
772 3040 831 3090 iberi
842 3042 873 3089 ab
884 3042 979 3090 Etruria
988 3040 1121 3091 delabente.

154 3117 251 3151 necem.
294 3104 321 3151 H
325 3107 329 3115 '
374 3106 447 3161 lter,
470 3105 564 3161 Acasti,
586 3105 720 3168 Magnesiae
783 3108 891 3155 att-³2.
919 3106 1000 3153 Pruna
1021 3114 1084 3153 nnete
1103 3106 1193 3152 domum
1220 3105 1312 3175 claude.

154 3167 220 3239 regis
232 3166 333 3230 (andei
352 3183 369 3215 a
382 3120 518 3232 llagnesm)
530 3169 675 3234 conjugem
690 3168 721 3217 de
753 3169 823 3219 Idem
842 3177 987 3235 preceptum
1007 3166 1039 3216 ad
1059 3168 1151 3217 aditum
1170 3168 1314 3217 amatoribus

154 3245 230 3294 eujus
246 3232 290 3291 im,
304 3247 354 3297 qua
369 3232 480 3289 Pelenm,
491 3234 556 3296 qnod
567 3233 672 3282 oblatam
683 3233 720 3281 in-
753 3232 962 3283 intereludendum
981 3232 1089 3281 inculcat
1108 3229 1211 3281 Ovidius
1229 3232 1313 3279 Amor.

155 3294 218 3342 cati
225 3294 311 3343 ameris
318 3294 478 3344 conditionem
487 3297 659 3363 repudiaverat,
668 3313 721 3363 per-
754 3296 781 3355 ii,
795 3299 834 3354 19,
847 3298 888 3355 38,
901 3298 980 3360 Incipe
982 3301 1037 3360 jam
1047 3300 1122 3359 prima
1133 3296 1240 3343 claudere
1250 3306 1314 3343 necte

154 3356 236 3406 ditum
251 3358 308 3407 ivit:
329 3360 378 3409 vid.
390 3358 463 3409 Pind.
475 3360 548 3409 Nem.
566 3361 599 3417 iv,
616 3363 648 3410 9⁴2
666 3378 722 3475 Ἥ.
754 3364 853 3410 domum.
886 3362 932 3411 Sat
947 3362 1129 3423 eerrlaqtterultn
1142 3362 1217 3407 tibist:
1235 3375 1313 3423 quan·

157 3421 292 3479 Abstineas,
310 3434 398 3472 castus.
432 3424 650 3481 Historiarum,
753 3425 785 3474 dn
795 3425 826 3473 ad
835 3427 949 3489 querulos
959 3425 1025 3473 tibie
1034 3440 1104 3473 sonos
1114 3423 1222 3489 Enipeus
1232 3441 1313 3489 παρα-

157 3493 245 3547 gunter
264 3501 316 3549 pre,
334 3487 430 3546 excitat,
448 3488 539 3547 laudat,
558 3489 662 3556 prolem
685 3490 720 3538 sic
753 3489 920 3554 κλαυσίθυρον
944 3488 1018 3539 canit.
1058 3489 1179 3554 Drffieilis,
1201 3490 1313 3553 χαλεπή,

157 3548 227 3613 apud
245 3550 316 3599 Ovid.
333 3552 386 3601 Art.
410 3554 468 3601 Am.
484 3551 510 3609 ii,
528 3555 587 3612 275,
604 3554 643 3601 Sol
659 3555 721 3601 mala
753 3568 846 3619 aspera.
1241 3616 1242 3621 ¹

153 3616 258 3677 exempta
278 3632 371 3671 noane,
391 3633 443 3681 pru,
462 3617 488 3664 in
510 3617 590 3666 iucem
610 3617 721 3683 prolerre,
909 3616 1062 3667 CARMEN
1081 3615 1158 3666 VIII.

154 3675 253 3727 dicitur.
276 3680 560 3745 amatoremque
571 3682 723 3738 doceant‚ne
788 3682 948 3730 Macenatem
967 3681 998 3729 ad
1014 3681 1078 3729 diem
1095 3680 1183 3728 laetum
1199 3679 1314 3729 Calendis
1369 3728 1373 3739 ,

154 3741 211 3804 quis
232 3744 342 3793 oblatum
361 3760 376 3793 a
397 3745 498 3795 muliera
518 3745 663 3794 adulterium
685 3762 721 3795 re·
755 3746 853 3793 Martiis
868 3761 949 3795 seeum
959 3744 1129 3795 celebrandum
1140 3744 1225 3792 invitat
1236 3746 1314 3793 Hora-

154 3806 247 3869 pudiet.
755 3810 812 3857 tius.
845 3810 1021 3860 Sententiarum
1041 3824 1117 3858 nexus
1136 3816 1172 3857 est
1191 3809 1239 3857 lere
1258 3809 1312 3857 hic:

189 3870 297 3919 21-28.
314 3872 418 3933 Scopulir
433 3874 526 3920 surdior
537 3872 610 3929 Icari,
621 3889 655 3922 sc.
670 3888 721 3921 ma·
755 3874 875 3923 Invitatus
892 3875 921 3922 ad
936 3872 1000 3923 diem
1017 3874 1101 3923 lestum
1118 3872 1234 3920 Calendis
1245 3874 1312 3921 Mar·

153 3932 197 3981 ris.
209 3936 251 3985 Cl.
264 3936 366 3984 Mitsch.
382 3944 504 4003 comparat
518 3939 604 3986 Senec.
620 3938 721 4003 Hippoi.
753 3937 794 3985 tiis
805 3936 869 4005 apud
879 3953 917 3986 me
929 3937 1096 3987 celebrandum
1104 3934 1196 3983 miraris
1205 3935 1312 3992 sommae,

154 3999 213 4055 58⁰,
234 4000 268 4048 Ut
283 4002 346 4048 dura
363 4011 441 4049 cautes
455 4003 557 4065 arduae
567 4004 722 4050 intractabilis
753 4001 891 4049 doctissime
909 4002 1040 4055 Maecenas,
1056 3998 1114 4064 quid
1131 3999 1170 4053 sit,
1185 3996 1251 4061 quod
1268 4013 1312 4061 ego

156 4060 254 4113 aaran
275 4066 354 4121 uadis,
371 4074 393 4112 et
411 4066 542 4113 laurentes
556 4078 627 4127 aquas
643 4066 722 4129 Longe
754 4064 825 4113 harno
839 4065 927 4114 celebs
939 4063 1039 4111 solemni
1056 4076 1120 4110 more
1130 4061 1193 4109 dlem
1205 4060 1313 4109 celebra·

154 4131 264 4185 remittit,
280 4131 349 4176 verda
365 4131 399 4176 tle
414 4132 502 4191 spernit
519 4146 577 4177 mea·
610 4128 723 4178 Laudant
754 4137 821 4177 turus
832 4128 886 4183 sim,
897 4144 946 4201 quo
957 4134 1071 4175 matronae
1080 4132 1174 4198 tantum
1187 4125 1313 4189 maritique

154 4205 255 4272 quoque
278 4192 364 4257 Eurip.
383 4192 452 4241 Med.
471 4196 513 4249 28,
533 4193 566 4251 ὥς
586 4191 610 4241 δὲ
635 4192 723 4275 πέτρος
755 4208 797 4303 lm
808 4193 880 4257 conju
900 4192 916 4239 '1
928 4190 1039 4265 felicitate
1053 4203 1120 4237 secra
1134 4189 1258 4261 instituere
1274 4203 1312 4261 sn·

155 4254 324 4315 ηθαλάσσως
337 4256 442 4306 Κλύδων
453 4257 535 4307 ἀκούει
544 4258 723 4323 νουθετουμινη
765 4265 815 4304 ent.
848 4260 864 4305 S
914 4254 971 4304 andr
986 4252 1098 4303 eausam!
1134 4254 1188 4325 Hae
1206 4268 1257 4317 ipso
1274 4252 1313 4301 dte

153 4318 244 4380 φιλυν.
279 4320 321 4386 Ap
353 4321 399 4370 site
412 4320 521 4387 inprimis
532 4322 667 4370 Philodem.
680 4338 721 4378 rx,
754 4336 800 4384 ego
817 4319 874 4369 olim
891 4318 985 4369 invilla
1001 4333 1054 4367 mea
1070 4317 1161 4365 arboris
1177 4322 1227 4390 ictu
1275 4332 1312 4391 ⁸ne

153 4384 180 4437 5,
192 4384 217 4440 6,
235 4384 340 4433 Antho.
359 4385 440 4434 Grec.
456 4386 487 4434 Τ.
506 4386 532 4441 ΙΙ,
551 4404 575 4453 p.
596 4388 637 4440 75,
654 4382 723 4435 Τοῦτ’
755 4385 887 4433 exstinctus
899 4385 942 4433 lui.
972 4384 1002 4432 ln
1014 4380 1150 4431 memoriam
1160 4382 1233 4445 igitur
1256 4397 1313 4445 ujus

153 4446 293 4509 ἐβόωναΐεὶ
304 4450 345 4497 καὶ
355 4450 504 4515 προῦλεγον·
515 4450 570 4499 ἀλλ’
582 4450 625 4500 ἴσα
637 4450 724 4514 πόντῳ
756 4448 813 4507 diei,
828 4464 876 4513 quo
892 4448 1006 4515 singulari
1024 4448 1121 4496 deorum
1135 4460 1191 4494 eura
1209 4454 1314 4494 servatus

153 4510 238 4576 Ἰονίῳ
257 4513 346 4577 μύθων
359 4514 445 4574 ἔκλυες
461 4513 594 4581 ἡμετέρων.
633 4514 726 4563 Similia
751 4529 821 4625 2aum,
834 4516 963 4579 quotannis
980 4529 1024 4579 ego
1040 4518 1135 4561 errato
1150 4518 1261 4576 suscepto
1277 4525 1314 4558 sa-

725 4596 740 4627 ι
