3150 5200
721 351 1016 420 CARMINUM

702 621 908 687 CARMEN
932 621 1028 688 XIV.

657 851 715 899 ΑΙ)
737 847 1068 899 REMPUBLICAM.

421 1007 455 1070 Ο
471 1029 581 1086 rums,
597 1008 738 1074 referent
752 1011 786 1073 in
800 1030 888 1071 more
903 1017 936 1070 te
950 1007 1026 1072 novi

422 1106 577 1174 Fluctus?
601 1110 634 1174 Ο
649 1111 728 1195 quid
744 1112 836 1194 agis?
859 1107 987 1173 fortiter
1001 1131 1126 1193 occupa

508 1210 653 1276 Portum.
699 1213 821 1277 Nonne
834 1210 937 1286 vides,
954 1221 991 1275 ut

550 1313 688 1379 Nudum
702 1313 835 1398 remigio
849 1311 946 1389 latus,

452 1517 604 1569 CARMEN
622 1520 696 1569 XIV.
884 1524 945 1565 rent.
978 1517 1065 1580 Itaque
1080 1515 1127 1564 ltoc
1144 1527 1240 1562 eermert
1261 1511 1375 1578 scriptum
1392 1528 1445 1564 ene

326 1578 389 1628 Cum
410 1579 517 1632 Romani
535 1583 691 1648 magonius,
712 1596 785 1647 quam
801 1579 854 1644 jam
885 1581 991 1628 arbitrati
1009 1590 1066 1628 sunt
1084 1579 1110 1626 in
1125 1594 1219 1634 navem,
1240 1591 1288 1640 qua
1307 1586 1377 1642 poeta
1393 1587 1448 1643 post

294 1655 335 1704 per
345 1643 410 1691 bella
419 1644 500 1695 civilia
507 1647 598 1713 experti
608 1647 709 1703 inerant,
718 1644 854 1694 calamitate
885 1643 978 1692 cladem
991 1644 1171 1756 Philippensem
1183 1642 1216 1715 U.
1225 1641 1257 1688 C.
1269 1657 1379 1698 nccxrrr,
1390 1657 1447 1715 cum

292 1719 319 1754 se
330 1704 439 1756 deterreri
453 1725 501 1758 non
517 1719 660 1776 paterentur,
672 1711 731 1775 quin
748 1723 808 1758 nova
823 1707 854 1756 de
885 1707 969 1757 amicis
979 1707 1005 1756 in
1016 1709 1056 1756 lte
1067 1708 1113 1756 iam
1125 1704 1295 1761 venenanda
1305 1704 1446 1755 edPalrnu·

292 1767 424 1820 iisredinte
483 1774 521 1822 dis
534 1776 651 1839 agitarent
666 1773 783 1832 consilia3
801 1773 852 1820 llo·
885 1786 939 1819 rum
959 1770 1145 1836 promontorium
1165 1776 1306 1833 tempestate
1325 1769 1447 1818 afflictum.

293 1832 375 1891 ratius,
405 1789 575 1887 officiatum
601 1837 737 1903 reipublice
765 1844 854 1884 stabim
886 1832 1446 1906 Huneigiturnuncpoetem,deamicis,puos,

294 1909 349 1944 cum
365 1899 428 1948 male
444 1901 530 1950 allecta
540 1910 565 1952 et
575 1903 678 1952 lacerata
688 1917 747 1950 neve
758 1915 812 1949 com
845 1926 855 1936 -
887 1914 918 1947 ex
929 1899 1010 1956 Italia,
1025 1899 1067 1948 ubi
1079 1914 1163 1964 purum
1176 1898 1280 1960 benigm
1291 1904 1384 1961 excepti
1395 1897 1448 1946 fue-

294 1974 359 2016 rans,
380 1963 411 2010 ab
429 1965 474 2013 isto
489 1966 567 2015 lurore
585 1981 625 2016 eor
644 1981 751 2014 revocare
768 1972 806 2013 stu
823 1971 855 2013 et.
888 1962 1009 2027 matjam
1019 1977 1162 2017 recessuros,
1171 1960 1271 2009 eandem
1281 1959 1449 2010 conscendisse

295 2023 390 2073 Navem
400 2024 479 2090 igitur,
489 2045 571 2093 quam,
582 2030 640 2079 licet
649 2036 788 2094 tempestate
794 2028 857 2075 trac-
888 2025 995 2084 vidisset,
1013 2026 1150 2082 sollicitum,
1166 2023 1239 2072 simili
1256 2023 1335 2080 morlo,
1351 2033 1379 2073 ut
1392 2041 1448 2091 sup.

294 2095 352 2144 lam.
365 2096 445 2140 tamen
456 2107 543 2141 novum
554 2109 596 2158 per
611 2108 675 2142 mare
689 2093 734 2140 iter
745 2107 810 2140 nunc
819 2091 857 2140 in·
889 2103 912 2147 c,
922 2091 948 2148 3,
960 2106 1054 2148 navem,
1065 2106 1115 2164 qua
1129 2087 1247 2152 Virgilius
1260 2087 1370 2137 Athenas
1380 2089 1449 2138 navi·

353 2151 450 2202 lendum
460 2171 516 2204 cum
527 2158 631 2206 maxime
642 2155 788 2211 molientem,
800 2170 858 2203 ocu·
920 2161 988 2202 turus
998 2161 1057 2211 erat,
1069 2170 1095 2201 ιιι
1105 2153 1151 2202 boc
1161 2151 1267 2201 carmine
1277 2151 1378 2217 alloqui.
1400 2154 1449 2203 Sed

306 2215 311 2224 '
333 2216 857 2293 suisobversarifiogit,alloquitur3earnque,
888 2169 941 2266 pem
958 2217 1080 2282 ingeniose
1096 2216 1182 2280 megia,
1196 2231 1271 2290 quem
1284 2231 1347 2273 vere,
1357 2217 1450 2290 prolata

297 2279 419 2330 usinhoc
431 2286 554 2333 temerario
565 2285 684 2334 iterumse
695 2283 754 2333 mari
764 2297 857 2348 pencu-
889 2295 951 2337 esse,
963 2281 1034 2331 tacite
1042 2289 1145 2347 apparet,
1180 2281 1449 2336 Namsrc,utmbrlde

296 2342 347 2392 loeo
358 2347 520 2397 committendi
533 2349 635 2397 consilio
645 2349 764 2413 persistat,
775 2345 818 2394 sed
827 2346 859 2395 ad
890 2344 944 2393 eliis
954 2345 1085 2394 rationibus
1095 2344 1183 2401 dicem,
1195 2344 1269 2408 hujus
1279 2343 1353 2394 totius
1363 2347 1449 2394 carmi·

296 2405 383 2456 damna
394 2411 545 2476 potiusque
557 2412 714 2478 perpeseaait,
725 2409 858 2476 reparanda
889 2409 935 2465 nis,
957 2410 983 2457 in
1003 2409 1047 2459 bac
1065 2417 1159 2458 tantum
1177 2407 1304 2456 humiliore
1320 2409 1447 2468 sententis,

297 2469 346 2518 otio
357 2480 382 2520 et
389 2476 514 2524 mentitate
525 2476 551 2524 in
566 2484 634 2542 portu
649 2475 788 2540 perfruatur,
800 2473 857 2522 dili·
890 2473 977 2530 Nolite,
987 2491 1067 2536 poaeso,
1076 2476 1152 2529 amici,
1162 2489 1214 2520 com
1222 2488 1287 2529 nune,
1298 2476 1451 2533 enimomnes

297 2542 380 2599 genter
402 2535 517 2602 singulae,
542 2540 629 2604 quibus
658 2537 757 2594 laboret,
779 2545 858 2605 partes
889 2554 916 2585 cc
932 2539 1029 2603 singule
1045 2547 1121 2601 portes
1138 2535 1222 2601 (quasi
1239 2536 1284 2584 boc
1300 2535 1345 2602 ipsi
1356 2553 1405 2586 non
1414 2538 1449 2585 vi·

297 2604 581 2669 escumreputarejubet.
613 2604 671 2653 Jarn
685 2618 741 2652 vero
755 2618 811 2651 cum
821 2603 858 2667 ip·
890 2600 946 2652 dere
962 2601 1108 2669 potuissent)
1119 2602 1207 2667 fracte
1226 2610 1289 2657 suot,
1305 2619 1389 2650 uocum
1406 2606 1450 2651 iter

297 2661 347 2712 aius
357 2664 493 2729 reipublice
504 2667 661 2723 consultans
672 2668 731 2716 torte
742 2664 787 2714 sibi
799 2682 857 2715 con·
887 2682 982 2739 parcre,
994 2677 1043 2715 tam
1053 2681 1148 2740 operose
1158 2664 1282 2722 versantis,
1295 2666 1333 2713 vel
1346 2666 1450 2717 maxime

298 2726 364 2775 flaret
372 2727 494 2789 invidiam,
503 2732 596 2781 nullam
605 2731 631 2780 in
639 2740 687 2780 toto
697 2730 741 2779 boc
753 2730 858 2780 carmine
889 2745 916 2777 ιιι
942 2730 1146 2796 reprehensionem
1170 2729 1301 2777 incurreret
1323 2729 1451 2794 jejunitas.

298 2792 442 2841 mentionem
462 2796 579 2862 injecerit,
597 2804 622 2845 et
639 2794 770 2843 institutam
789 2796 858 2843 navis
891 2796 915 2842 V
917 2794 941 2842 ix
951 2794 1025 2857 igitur
1039 2794 1069 2843 de
1083 2792 1203 2906 suppono,
1218 2792 1346 2858 pnrdenter
1363 2793 1388 2841 in
1403 2794 1450 2844 boc

298 2868 352 2902 curn
370 2872 399 2905 ea
416 2862 624 2926 comparationem,
638 2858 703 2909 haud
720 2859 859 2907 inusitatam
891 2857 1101 2924 carmineapoeta
1143 2856 1228 2913 hibita,
1239 2856 1343 2905 dubitari
1357 2868 1451 2932 potest3

299 2933 356 2967 sane
368 2921 415 2983 (cl.
426 2924 471 2972 inl.
482 2924 509 2983 ii,
521 2926 545 2983 7,
560 2928 590 2973 15
599 2942 611 2983 ·,’
622 2924 677 2974 Cic.
693 2923 724 2972 ed
736 2924 797 2971 Div.
814 2923 857 2981 xii,
890 2922 962 2970 modo
973 2932 1096 2972 teneamus
1107 2920 1178 2977 illud,
1206 2920 1384 2970 uodinmulus
1395 2923 1452 2972 eliis

297 2982 339 3041 25,
350 3002 418 3047 qoam
428 2990 454 3035 ob
463 3005 518 3045 rem,
530 2993 561 3037 mi
573 2990 668 3045 Quinte,
681 2990 801 3037 corucende
817 3005 857 3035 ne·
889 2995 1011 3051 poetarum
1029 2985 1198 3061 comparationi
1215 3000 1244 3032 ue
1261 2986 1391 3035 tenendum
1404 2997 1451 3047 est,

297 3048 390 3106 bocum,
407 3060 428 3099 et
445 3054 535 3115 quidem
553 3056 584 3102 iul
601 3056 714 3116 puppim
731 3070 779 3101 una
794 3055 860 3100 novis
890 3066 929 3107 ne,
947 3050 1018 3099 nimis
1037 3066 1109 3099 anxie
1125 3049 1206 3099 omnia
1221 3048 1247 3095 in
1265 3048 1308 3097 ille
1324 3050 1452 3100 advirum

298 3116 386 3175 estjam
393 3118 500 3166 benonim
507 3120 607 3166 omnium
613 3136 622 3175 ,·
635 3126 658 3165 et
669 3119 703 3174 ιι,
718 3118 757 3173 te,
768 3119 858 3164 redelo-
890 3123 1032 3173 resecantes,
1041 3130 1079 3171 ea,
1087 3131 1142 3179 quc
1153 3114 1184 3162 sd
1194 3113 1355 3163 exornandam
1365 3114 1453 3179 imagi-

298 3192 347 3225 mus
358 3180 383 3226 in
392 3184 467 3243 puppi
476 3190 533 3231 cett.
545 3182 577 3231 cl.
611 3196 647 3229 um
663 3180 693 3229 de
708 3180 859 3254 republicae
890 3194 944 3227 aem
955 3179 1083 3244 pertinent,
1095 3178 1125 3227 ad
1140 3194 1189 3226 rem
1200 3192 1452 3243 pereamexpreesam

298 3243 468 3304 potentioribus
479 3198 717 3311 occupata(ieguntur
728 3261 754 3292 ιιι
763 3244 859 3308 Tbeog·
889 3243 1018 3292 referamus
1026 3262 1034 3305 ;
1049 3241 1074 3290 h.
1086 3259 1109 3292 e.
1125 3258 1156 3290 ne
1172 3242 1245 3307 paulo
1260 3242 1377 3305 argutius,
1389 3260 1453 3309 ques

299 3303 375 3353 nideis
385 3308 433 3355 679
445 3310 512 3373 sqq.)
524 3308 653 3359 lectoribus
668 3308 699 3356 ad
715 3324 859 3371 remquam
890 3306 1039 3372 potissimum
1057 3306 1195 3371 reipublice
1207 3314 1288 3378 partes
1303 3307 1453 3369 singularum

298 3366 324 3414 in
335 3370 415 3418 animo
427 3371 518 3428 babuit,
529 3372 716 3421 transierendam
727 3372 858 3436 reliquerit,
890 3370 959 3419 nevis
969 3371 1071 3437 partium
1083 3380 1260 3419 enumeratione
1274 3368 1398 3435 designare
1408 3388 1453 3421 vo·

298 3432 416 3485 rectehoc
427 3450 522 3484 carmen
539 3452 628 3485 merem
645 3438 777 3499 allegoriam
792 3435 859 3499 ‹lixe-
891 3434 962 3484 luerit
973 3444 1051 3500 poeta,
1063 3449 1216 3499 queramue3
1230 3433 1271 3483 sed
1282 3449 1336 3482 eum
1354 3434 1379 3483 id
1396 3444 1451 3485 ten-

299 3494 341 3544 ris.
380 3498 445 3546 ilinc
464 3498 582 3557 Quinctil.
602 3499 683 3548 Instit.
703 3501 746 3548 Or.
765 3499 816 3557 viii,
835 3502 860 3557 6,
891 3506 952 3557 tum,
964 3508 993 3547 ut
1001 3507 1075 3547 totam
1086 3514 1170 3547 navem
1182 3497 1244 3547 male
1260 3505 1399 3563 tempestate
1414 3500 1452 3557 as-

300 3560 340 3615 44,
358 3562 391 3608 At
409 3564 529 3625 allegoria,
545 3582 612 3627 quom
625 3567 771 3611 inversionem
787 3566 861 3612 inter·
891 3564 979 3611 tectam
997 3578 1052 3611 cum
1071 3570 1121 3612 tota
1139 3578 1181 3627 per
1200 3561 1264 3611 bella
1285 3562 1366 3611 civilia
1388 3564 1453 3614 male

297 3634 424 3684 protomar,
433 3628 501 3674 aliud
509 3630 588 3684 verbis,
598 3630 665 3675 aliod
675 3643 739 3675 uoru
748 3631 846 3677 ostendit
850 3646 859 3687 ;
892 3628 978 3677 allecte
1005 3627 1128 3692 republica
1148 3634 1302 3692 competeret,
1323 3635 1452 3691 spectasse,

298 3690 406 3735 wellam
416 3692 531 3739 interdum
542 3692 692 3740 eontrarium.
726 3690 806 3747 Prius,
817 3701 857 3739 nt.-
891 3692 959 3740 nobis
1020 3691 1183 3739 rsuadeamue.
1238 3690 1333 3738 Habuit
1360 3702 1451 3750 anaem,

302 3751 323 3798 0
342 3757 407 3801 novis
423 3754 523 3819 referent
540 3758 565 3802 in
584 3772 647 3803 more
664 3764 685 3802 ta
704 3756 756 3802 novi
766 3756 860 3819 flnctus
891 3771 964 3819 quem
979 3708 1095 3803 libutius
1110 3756 1136 3803 in
1152 3754 1198 3803 bac
1213 3753 1327 3816 allegoria
1339 3770 1452 3819 sequere-

300 3822 357 3864 cett.
372 3825 475 3881 totusque
488 3822 556 3866 etiam
571 3821 611 3867 ille
627 3816 720 3865 Horatii
734 3820 804 3875 locus,
816 3836 859 3880 quo
892 3827 930 3868 tur
940 3818 1059 3874 Alcaeum,
1077 3818 1181 3883 plurium
1196 3817 1222 3865 in
1238 3826 1350 3881 tyrannos
1366 3820 1453 3867 cumi·

300 3895 379 3928 nonem
392 3898 433 3943 pro
449 3885 575 3943 republica,
583 3884 704 3947 flnctuum
720 3892 860 3944 tempestates
892 3899 949 3932 num
976 3883 1157 3947 allegoricorum
1185 3890 1315 3936 auctorem,
1334 3882 1405 3946 cujus
1425 3884 1453 3933 in

298 3958 341 4003 pro
356 3946 421 3993 bellis
438 3947 551 4003 ciuilibus,
567 3956 659 4008 portum
672 3964 714 4009 pro
724 3962 779 4009 pace
793 3957 861 4009 atque
892 3946 955 3995 hanc
974 3962 1023 3995 rem
1042 3946 1199 4010 fragmentum
1216 3946 1279 4011 apurl
1299 3946 1454 3997 Heraclidem

299 4011 419 4057 eoncordia
437 4012 502 4057 dicit.
536 4011 641 4059 Extitere
656 4018 745 4065 tamem
760 4026 861 4073 quomm
894 4012 967 4059 Pont.
976 4010 1007 4059 de
1015 4009 1112 4073 allegor.
1120 4012 1217 4059 Homer.
1244 4010 1301 4066 ‚l3,
1310 4009 1348 4058 ed.
1357 4010 1453 4060 Sebow.

299 4071 410 4139 princeps
426 4074 472 4122 luit
490 4076 608 4131 Muretus,
628 4074 680 4138 qui,
700 4090 755 4123 eom
775 4074 861 4139 partim
894 4074 1055 4139 legitur‚cum
1067 4025 1242 4123 Hermonem?
1259 4073 1381 4139 Metrisp.
1393 4076 1453 4133 688,

299 4136 455 4187 subtilitatem
482 4138 558 4195 illam,
584 4153 633 4203 quo
701 4147 726 4187 ta
751 4137 861 4203 singulas
891 4139 926 4187 ita
935 4138 1124 4188 restituendum:

300 4200 369 4247 navia
390 4202 570 4277 cnm-singulis
592 4201 657 4267 reipu
675 4204 730 4277 lices
752 4204 861 4277 pertibus

300 4274 629 4397 (clieltiaetizvepitiiiiiiiimciiiirrit
651 4267 860 4389 giltvtlaltt÷‚e⁸l³gjpld
923 4330 1151 4395 Τὸμινγὰρῖνθεν
1161 4330 1225 4391 κῦμα
1240 4326 1388 4383 κυλίνδεται,

299 4390 436 4455 reipublico-
456 4404 544 4443 stetum
562 4394 736 4443 accommodari
758 4394 860 4459 possint,
955 4396 989 4444 'lb
999 4393 1018 4443 δ’
1029 4395 1108 4444 ἔνθεν·
1118 4395 1196 4457 ἄμμες
1206 4390 1225 4441 δ’
1235 4394 1269 4442 ἂν
1279 4393 1308 4441 τὸ
1318 4391 1411 4456 μέσσον

300 4466 349 4502 non
359 4456 480 4516 viderent;
497 4458 562 4507 baud
574 4458 700 4521 allegorice
711 4458 752 4507 sed
768 4459 860 4524 proprie
991 4462 1043 4508 Ναῒ
1051 4457 1176 4523 φορὴμιθα
1186 4458 1233 4506 σὺν
1241 4456 1357 4537 μελαίνᾳ,

299 4513 344 4567 boc
355 4535 451 4573 carmen
460 4522 660 4589 interpretandum
670 4539 723 4573 esse
731 4522 860 4571 contende·
926 4528 1033 4589 Χειμῶνι
1041 4522 1192 4589 μοχθιῦντες
1201 4521 1302 4588 μεγάλῳ
1312 4523 1406 4571 sales·
