3150 5200
693 704 899 770 CARMEN
924 705 985 768 Xl.

644 952 714 999 AD
757 950 1034 998 PETTIUM.

395 1127 514 1204 Parui,
530 1126 611 1190 nihil
625 1149 687 1205 me,
704 1128 789 1192 sicut
804 1138 910 1203 antea,
922 1130 1016 1211 juvat

481 1230 631 1295 Scribere
647 1227 823 1294 versiculos
839 1225 961 1293 Amore
976 1249 1167 1313 percussum
1183 1229 1291 1312 gravi3

395 1329 529 1408 Amore,
543 1331 599 1414 qui
614 1352 664 1394 me
679 1341 800 1415 praeter
815 1352 925 1394 omnes
941 1331 1067 1414 expetit

481 1431 639 1496 Mollibus
654 1433 688 1495 in
703 1432 813 1515 pueris
828 1444 885 1495 aut
898 1432 932 1494 in
945 1431 1063 1515 puellis
1079 1453 1185 1496 urere.

340 1534 361 1595 5
395 1533 461 1597 Hic
477 1535 591 1598 tertius
608 1533 803 1609 December,
819 1555 861 1597 ex
876 1556 941 1616 quo
956 1533 1067 1597 destiti

478 1635 613 1700 Inachia
626 1635 745 1710 furere,
763 1634 850 1698 silvis
865 1633 1022 1699 honorem
1035 1634 1169 1698 decutit.

391 1737 487 1801 Heu!
511 1759 573 1814 me,
589 1759 648 1821 per
663 1739 776 1800 urbem
792 1735 878 1817 (nam
894 1737 997 1820 pudet
1012 1737 1093 1800 tanti
1108 1735 1195 1818 mali)

478 1836 604 1902 Fabula
618 1846 740 1921 quanta
754 1835 819 1900 fui!
843 1837 1062 1901 conviviorum
1075 1849 1109 1902 et
1124 1839 1272 1921 poenitet,

392 1939 430 2003 ln
446 1940 538 2024 queis
554 1949 712 2004 amantem
727 1950 760 2002 et
774 1937 913 2022 languor
926 1948 960 2002 et
975 1939 1136 2003 silentium

331 2044 370 2104 10
477 2038 609 2126 Arguit,
624 2052 657 2105 et
671 2040 771 2104 latere
787 2040 909 2123 petitus
924 2040 988 2104 imo
1003 2041 1149 2125 spiritus.

391 2142 556 2208 Contrane
569 2143 695 2208 luorum
710 2141 754 2205 nil
768 2140 875 2205 valere
890 2142 1065 2206 candidum

477 2243 637 2329 Pauperis
652 2244 837 2328 ingenium?
860 2244 1031 2326 querebar,
1048 2244 1223 2328 applorans
1238 2245 1316 2321 tibi;

433 2412 586 2461 CARMEN
604 2413 651 2460 xl.
852 2420 937 2472 prater
947 2427 1020 2458 omnes
1031 2413 1225 2473 expetit-urere,
1236 2411 1359 2474 eleganter
1390 2429 1417 2460 ro

299 2478 379 2533 Quam
399 2490 484 2541 parum
503 2475 619 2524 firmitatis
637 2483 662 2524 et
682 2474 823 2524 constantiae
854 2474 954 2538 vulgari.
970 2475 1013 2539 qui
1031 2491 1069 2523 me
1086 2473 1195 2540 inprimis
1214 2476 1271 2524 urit.
1303 2477 1374 2523 Mau·
1405 2495 1415 2526 s

261 2537 307 2586 sibi
328 2539 360 2586 sit
380 2538 405 2586 in
424 2537 588 2604 pervincendis
608 2539 694 2588 amoris
712 2538 823 2588 cruciati·
854 2540 880 2586 in
895 2542 973 2601 pueris
989 2547 1033 2586 ast
1053 2541 1079 2586 in
1093 2540 1187 2602 puellis
1227 2540 1266 2588 Da
1284 2539 1414 2599 locutione,

261 2603 315 2659 bus,
332 2602 437 2665 ingenue
453 2612 477 2651 et
491 2603 637 2652 familiariter
651 2604 727 2652 amico
746 2621 789 2653 suo
801 2610 825 2652 et
855 2620 924 2651 arere
944 2606 969 2650 in
992 2605 1110 2665 aliquast
1130 2606 1218 2666 aliqum
1239 2613 1266 2653 ut
1286 2607 1370 2653 ardere
1391 2614 1417 2653 et

261 2666 337 2714 sodali
350 2666 523 2730 Pettioaperit.
558 2666 655 2732 Repetit
670 2668 750 2731 igitur,
763 2667 823 2730 quid
854 2677 950 2715 estuare
966 2670 992 2714 in
1008 2672 1096 2742 stipae,
1113 2682 1163 2732 pro,
1185 2670 1217 2716 ob
1231 2668 1346 2732 aliquam,
1363 2668 1415 2718 vid.

262 2728 307 2778 sibi
323 2738 378 2779 ants
389 2738 437 2779 tres
447 2744 523 2778 annos
538 2730 564 2777 in
576 2731 682 2779 Inachia
692 2746 770 2780 amore
780 2746 821 2779 ac-
855 2731 940 2779 Heim.
957 2730 989 2779 ad
1001 2731 1074 2779 Ovrd.
1087 2732 1148 2781 Met.
1164 2731 1198 2787 iv,
1209 2733 1267 2789 234,
1278 2741 1303 2781 et
1320 2734 1414 2781 Brouk·

261 2793 354 2849 cidaris,
365 2802 390 2843 st
406 2810 478 2859 quam
495 2794 594 2859 turpiter
606 2809 632 2842 se
650 2794 676 2841 in
686 2803 822 2858 captoeam
855 2794 910 2843 hus.
934 2794 965 2843 ad
988 2795 1080 2844 Tibull.
1101 2795 1119 2851 i,
1142 2796 1167 2851 7,
1190 2797 1232 2844 40.
1270 2797 1310 2845 Me
1329 2801 1415 2859 expetit

260 2857 384 2908 deserendi
400 2857 501 2906 consilio
517 2857 616 2907 dederit.
650 2860 707 2916 Qua
724 2874 748 2907 re
767 2874 820 2907 nar·
853 2875 931 2914 urna,
943 2860 1039 2915 Graece,
1051 2868 1078 2908 ut
1088 2875 1125 2908 me
1136 2868 1199 2907 urat.

261 2931 321 2980 rata,
331 2938 358 2971 se
368 2938 432 2971 nunc
444 2920 540 2986 Lycisci
552 2937 639 2979 amore,
649 2937 722 2987 aquo
734 2923 821 2988 pariter
883 2925 974 2971 5-10.
991 2923 1039 2971 Hic
1049 2926 1133 2972 tectim
1146 2925 1363 2973 neamus-sum
1373 2928 1413 2973 lm·

261 3002 305 3035 sec
323 2986 451 3036 amicorum
471 2985 587 3043 consiliis,
607 3002 650 3035 nec
668 2986 735 3061 pueri
754 2986 820 3037 illius
851 3004 927 3035 aorem
945 2989 1042 3043 decutit,
1062 2995 1145 3036 ornate
1165 3004 1216 3100 ppo,
1240 2987 1324 3036 tertius
1346 3004 1413 3038 nune

260 3050 488 3165 tiltlfsltll
501 3060 587 3180 lull
602 3051 819 3165 &altipulli
851 3051 1413 3178 ttifftftttwslmlmt:

260 3177 324 3228 haud
344 3177 488 3229 dissimulat.
521 3180 605 3228 Talem
625 3179 697 3243 igitur
715 3179 762 3228 lere
781 3194 819 3228 se-
851 3194 937 3226 norem.
970 3178 1068 3227 Inachia
1078 3180 1172 3244 furere,
1186 3181 1218 3228 ob
1234 3179 1358 3228 Inachiam
1373 3180 1412 3229 lu·

259 3252 309 3292 met
335 3244 412 3308 ipsum
440 3244 466 3291 iu
493 3242 538 3291 boc
562 3243 666 3293 carmine
693 3243 821 3307 descripsit
852 3258 911 3299 rere,
930 3241 1010 3297 furori,
1045 3258 1076 3291 uo
1097 3242 1199 3293 Inachia
1220 3258 1259 3291 me
1279 3252 1414 3309 comptum

259 3316 340 3417 ppetm
357 3307 443 3419 puniit:¹
454 3306 674 3419 ιρὲῗιᾶεξειιῑίυῐῃ
691 3308 716 3355 in
734 3310 820 3419 Eupp-
852 3309 955 3420 leuelpat,
979 3259 1139 3419 ipplillguzore.Od
1152 3308 1200 3355 Per
1219 3310 1305 3419 srorlsrsp³
1322 3308 1415 3383 Fabula

259 3387 483 3507 ¹amlurlilmlmanimi
506 3386 820 3485 mddalulu¹modl⁰¹illud
850 3370 1053 3483 midufsuluill
1067 3387 1161 3483 Frpbup
1189 3386 1413 3501 leucadii&

259 3497 412 3563 impellantur
429 3507 452 3547 et
469 3498 596 3564 agitentur,
614 3514 656 3565 pro
673 3498 759 3548 illustri
775 3516 818 3550 er·
851 3499 964 3547 monibus
981 3497 1087 3546 omnium
1106 3498 1313 3555 circumferuntur,
1333 3499 1413 3549 ridea-

257 3574 295 3609 em
313 3562 337 3610 lo
347 3562 429 3611 haberi
439 3573 525 3641 potest.
851 3571 898 3618 tur,
932 3562 1105 3621 diffamatum
1136 3564 1246 3628 exempla
1269 3564 1320 3612 vid.
1348 3566 1414 3630 apud

293 3579 364 3674 ΓΛ.
380 3628 453 3684 Pata,
466 3630 526 3676 nihil
537 3647 579 3684 sne,
590 3632 650 3677 sicut
662 3638 739 3685 antea,
744 3632 817 3691 juvat
852 3626 938 3675 Heius.
956 3627 987 3676 ad
1007 3626 1081 3674 Ovid.
1101 3627 1154 3677 Art.
1172 3629 1230 3676 Am.
1242 3627 1268 3684 ii,
1280 3629 1340 3677 tol.
1373 3629 1411 3677 Si-

257 3690 359 3739 Srribere
372 3694 725 3755 muulosdmcrepareusmm
734 3696 818 3755 gravi:
852 3690 1248 3749 lentiumtdesilentio,amoriss'
1284 3692 1413 3749 melca-

257 3768 287 3802 ex
298 3770 347 3818 quo
359 3764 464 3820 tempore
475 3771 554 3805 amore
565 3756 695 3813 excrucior,
708 3771 757 3804 aon
767 3772 818 3803 am·
850 3755 907 3804 tull.
916 3754 943 3812 li,
952 3757 983 3805 9:
994 3753 1028 3802 cl.
1039 3770 1092 3820 sup.
1100 3755 1133 3812 iv,
1146 3758 1168 3811 1,
1177 3758 1210 3804 ³5
1218 3764 1243 3804 et
1284 3789 1291 3803 .
1314 3758 1412 3819 Argois,

258 3816 331 3883 plius,
343 3828 371 3867 ut
386 3828 450 3876 ante,
463 3821 588 3869 Musarum
605 3819 691 3869 studiis
706 3820 819 3869 delector.
852 3817 1043 3929 Pffflllffnmlss'
1062 3834 1116 3884 sup.
1129 3819 1147 3875 i,
1161 3821 1200 3876 13,
1216 3822 1240 3876 7,
1257 3822 1339 3868 humor
1349 3830 1372 3868 et
1386 3825 1414 3869 in

257 3884 340 3933 Amore
366 3900 481 3933 nauium
495 3888 574 3949 gravi,
586 3885 612 3941 h,
622 3900 644 3934 e.
657 3884 820 3933 sauciatuma
850 3899 921 3947 genai
955 3886 1027 3931 urtim
1039 3884 1136 3939 labitur,
1149 3899 1258 3946 urguens,
1272 3885 1346 3937 Quam
1362 3887 1412 3933 les-

257 3948 324 4011 gravi
367 3964 404 4004 eo,
418 3950 521 4011 Amore;
540 3964 594 3997 nam
607 3948 628 3996 si
645 3950 723 4003 Amor,
736 3956 763 3996 ut
779 3964 817 3997 se-
850 3950 982 4008 tispem'tar
998 3950 1212 4011 mamnignitar.
1247 3947 1364 3996 Etlatm
1372 3965 1413 4011 pe-

257 4012 356 4076 quentia
368 4012 502 4087 postulant,
519 4012 569 4078 jam
587 4014 648 4063 deus
664 4022 707 4069 est,
719 4014 761 4087 qui
778 4028 817 4060 sa·
851 4015 908 4059 titas
915 4014 960 4059 imo
970 4013 1074 4074 spiritur,
1087 4020 1169 4059 ornata
1180 4027 1231 4094 pro,
1242 4012 1292 4060 alta
1300 4012 1412 4077 suspiria.

256 4076 325 4141 gistis
337 4093 387 4125 suis
400 4076 521 4125 hominum
537 4075 629 4127 animos
676 4085 817 4133 rcutrt‚non
850 4076 891 4125 cl.
910 4075 1010 4123 Mitseh.
1032 4089 1086 4123 com
1103 4085 1155 4124 arat
1175 4075 1274 4125 Lallim.
1293 4076 1340 4141 Ep.
1361 4076 1411 4133 xlv,

254 4143 385 4201 perculsam
409 4156 464 4189 cum
485 4140 595 4199 Mitsch„
618 4094 675 4191 secle
684 4158 818 4203 paronnam
851 4142 876 4197 1,
893 4138 985 4197 Ἕλιος
999 4139 1065 4201 ἔχων
1080 4093 1102 4188 d
1113 4140 1192 4197 Εεῖνος
1209 4139 1357 4191 ἐλάνθανεν·
1379 4140 1414 4199 ὥς

255 4219 311 4253 cum
329 4205 411 4255 Bentl.
428 4204 554 4268 legendum
574 4215 618 4254 est.
653 4206 776 4253 Perculsus
793 4214 817 4254 et
849 4204 955 4267 ἀνιηρὸν
963 4206 1066 4268 Πνεῦμα
1078 4203 1118 4252 διὰ
1133 4203 1333 4263 στηθίων,εἶδες,
1346 4205 1410 4265 ἀνη-

253 4285 374 4331 percmsm
388 4270 413 4318 in
424 4269 536 4317 omnibus
548 4285 615 4334 pane
626 4278 731 4318 veterum
741 4270 816 4335 scrip·
848 4268 948 4334 γάγετο.

256 4334 347 4382 toribus
362 4334 510 4382 librariorum
528 4333 646 4398 imperitia
657 4340 743 4382 temere
791 4350 814 4381 r·
882 4332 987 4380 11-1a.
1005 4333 1121 4380 Contrane
1132 4334 1233 4388 tucrum,
1245 4340 1302 4382 cett.
1325 4333 1413 4381 Nerua

256 4407 348 4447 mutata
363 4406 433 4447 suut:
452 4396 500 4446 vid.
513 4397 671 4446 Bentladh.
684 4398 739 4445 l.et
777 4414 814 4446 ra·
847 4403 872 4445 et
887 4411 973 4445 sensus
989 4396 1063 4460 hujus
1077 4396 1150 4460 paulo
1165 4395 1320 4461 impeditioris
1332 4404 1358 4447 et
1367 4397 1410 4445 ob·

255 4460 326 4511 lech.
345 4461 377 4509 ad
393 4462 438 4510 Sil.
456 4462 512 4510 Ital.
529 4460 554 4517 ii,
572 4463 630 4510 213.
665 4461 759 4517 Gravis,
778 4471 816 4511 est
847 4460 959 4509 scurioris
967 4459 1023 4516 loci,
1033 4467 1061 4509 ut
1071 4461 1130 4509 milri
1139 4460 1241 4517 ridetur,
1248 4470 1284 4509 est
1294 4460 1344 4508 sera
1354 4459 1408 4508 hic:

254 4526 319 4572 enim
335 4526 410 4575 Amor
425 4527 479 4584 θεὸς
494 4526 583 4590 βαρὺς.
600 4524 687 4585 δεινός.
718 4526 765 4579 Qui
782 4544 816 4573 me
847 4524 944 4589 tuipse,
958 4523 1030 4582 Petri,
1043 4524 1410 4578 autetresaunostestisluisti‚
