3150 5200
227 361 292 426 436
608 348 1002 419 EPISTOLARUM

318 508 448 586 Noenin,
464 528 537 591 quoe
552 527 688 589 regnum
703 514 792 569 recte
806 502 1001 567 facientibus
1016 500 1123 579 offert,

320 610 368 674 Et
382 610 525 673 maribus
539 608 647 671 Curiis
663 616 696 669 et
711 605 884 669 decantata
899 601 1065 666 camillus

257 714 301 777 65
321 711 397 776 Isne
413 712 473 775 tibi
486 710 600 775 melius
617 707 744 782 suadet,
760 706 817 789 qui
831 725 900 767 rem
914 702 1026 780 facias,
1041 709 1121 779 rem',

318 813 355 876 Si
370 813 488 896 possis,
503 822 609 887 recte;
635 810 662 872 si
676 829 752 884 non,
769 825 965 888 quocunque
978 804 1076 867 modo
1091 824 1171 880 rem,

316 913 365 977 Ut
380 913 515 996 propius
532 922 660 995 spectes
674 906 846 971 lacrimosa
859 914 1010 989 poemata
1022 902 1110 988 Pupi
1118 928 1126 966 r

319 1012 385 1089 An,
401 1014 457 1095 qui
473 1011 612 1076 fortunae
628 1020 660 1073 te
676 1027 870 1092 responsare
886 1006 1038 1089 superbae

319 1112 475 1178 Liberum
490 1123 524 1177 et
538 1121 682 1177 erectum
696 1130 844 1192 proesens
856 1105 1007 1169 hortatur
1022 1117 1056 1169 et
1070 1108 1183 1188 aptati

252 1218 296 1281 70
319 1214 451 1288 Quodsi
465 1235 516 1277 me
530 1210 671 1295 populus
686 1209 856 1273 Romanus
871 1206 955 1270 forte
970 1218 1075 1289 roget,
1092 1227 1151 1269 cur

321 1316 411 1391 Non,
426 1324 463 1377 ut
477 1314 669 1399 porticibus,
687 1310 732 1373 sic
744 1308 878 1393 judiciis
894 1305 985 1369 fruar
998 1304 1114 1381 isdem,

319 1415 394 1480 Nec
411 1435 539 1499 sequar,
555 1423 612 1476 ant
626 1410 759 1495 fugiam,
773 1430 848 1491 quoe
862 1407 969 1491 diligit
983 1408 1065 1491 ipse,
1081 1406 1133 1470 vel
1146 1406 1236 1470 odit:

321 1515 410 1579 Olim
425 1515 514 1598 quod
530 1512 643 1595 vulpes
658 1520 782 1596 aegroto
797 1518 894 1572 cauta
907 1508 993 1571 leoni

231 1700 275 1749 nbi
286 1714 396 1749 numeros
406 1698 538 1749 subducere
547 1697 649 1754 discant,
656 1702 741 1746 euntes
751 1693 794 1743 de·
826 1701 897 1758 poeta
907 1693 1042 1759 respexerit,
1051 1693 1090 1741 vir
1102 1702 1166 1743 certo
1177 1690 1291 1742 constitui
1300 1699 1388 1757 potest.

235 1764 281 1813 scri
311 1764 338 1819 it,
350 1762 449 1837 Homeri
462 1773 487 1811 et
500 1762 600 1810 aliorum
617 1767 739 1825 poetarum
752 1774 794 1831 en·
827 1757 902 1831 Apud
918 1774 963 1832 nos
979 1774 1075 1831 quoque
1092 1758 1118 1805 in
1134 1757 1242 1832 pluribus
1260 1771 1386 1830 puerorum

233 1828 797 1955 tt⁰dttttltttttt.tt..¹tt”t
827 1821 974 1934 litim?
991 1821 1388 1950 tlttfflttttttttt

238 1954 416 2018 eustinghem,
434 1961 459 2002 et
479 1954 509 2001 ab
531 1952 560 2001 iis
577 1951 620 2063 ppi
640 1966 697 2001 eum
722 1948 798 1997 secuti
830 1948 940 2013 globulos
957 1948 988 1998 ad
1004 1958 1093 1998 certam
1110 1956 1198 1997 metam
1208 1946 1324 1996 mittendo
1334 1946 1388 1995 vin·

236 2025 302 2075 sunt,
339 2035 363 2067 ro
384 2032 465 2084 panno
485 2023 566 2065 assuto
603 2014 667 2063 absri
688 2011 799 2079 potuerit.
830 2028 884 2061 cere
893 2012 988 2076 studet)
997 2012 1061 2075 viget
1070 2013 1110 2062 bic
1121 2028 1181 2070 mos,
1192 2020 1221 2060 ut
1230 2011 1261 2067 is,
1271 2011 1315 2075 qni
1324 2018 1387 2061 cete·

238 2082 274 2131 Ut
288 2034 384 2131 meliore
400 2096 463 2130 nexu
482 2080 522 2128 bic
538 2094 620 2128 versus
636 2092 692 2127 cum
709 2092 798 2140 prosce-
830 2075 862 2124 ris
879 2076 983 2141 palmam
1000 2076 1113 2142 preripit,
1125 2080 1186 2141 regis
1202 2075 1273 2124 titulo
1288 2074 1387 2139 insigni·

237 2144 308 2194 dente
327 2145 464 2203 cohaereret,
480 2141 639 2192 Marklandus
658 2141 696 2206 (in
717 2140 798 2204 Expli·
831 2148 894 2188 etur.

236 2216 295 2258 cett.
312 2207 404 2273 aliquot
417 2216 473 2257 vett.
489 2204 797 2256 auctlocorumadEuri·
862 2205 903 2261 60,
921 2204 963 2252 61.
984 2203 1028 2252 Hie
1045 2220 1135 2261 nunu,
1153 2210 1210 2252 cett.
1240 2203 1388 2268 Dnmpoets

255 2270 288 2319 id.
297 2272 432 2338 Supplices,
440 2288 465 2337 p.
473 2272 536 2331 255)
548 2278 712 2335 portionesque
723 2281 797 2332 copu-
829 2265 860 2317 de
871 2266 955 2334 pretio,
967 2282 1016 2315 non
1025 2266 1124 2324 divitiis,
1133 2266 1175 2316 sed
1186 2274 1249 2315 recte
1257 2266 1327 2314 lactis
1337 2275 1387 2314 sta·

238 2286 286 2383 lam
302 2345 324 2383 et
346 2335 505 2385 sd'iciendam
522 2348 574 2383 esse
596 2331 730 2407 suspicatus
751 2338 797 2387 est,
831 2332 919 2379 tuendo
933 2330 1048 2395 loquitur,
1061 2330 1143 2380 inserit
1158 2329 1320 2395 gravissimam
1331 2345 1385 2378 sen-

238 2350 422 2462 suffragantilsas
438 2396 601 2452 Wakefieldio‚
614 2394 762 2451 Ercbstadio‚
774 2402 800 2444 st
829 2395 928 2443 tentiam
949 2394 1027 2444 hanc:
1046 2394 1174 2443 “Nullius
1188 2393 1223 2442 rei
1239 2393 1302 2441 male
1318 2393 1389 2443 tacte

239 2460 302 2511 aliis.
335 2462 382 2510 Sed
397 2462 450 2525 quis
461 2476 555 2527 pueros,
568 2459 732 2508 adivitiarunr
745 2473 801 2507 coa·
833 2457 880 2505 sibi
889 2458 1014 2507 conscium
1031 2472 1092 2514 esse,
1108 2459 1138 2507 da
1153 2458 1222 2506 nullo
1236 2456 1326 2521 flagitio
1342 2474 1386 2522 pn·

239 2524 410 2573 tenendarum
436 2524 567 2589 cupiditate
593 2523 671 2572 adhuc
700 2522 800 2579 alienos,
832 2520 889 2571 dore
899 2520 1014 2578 suffundi.
1027 2522 1073 2571 hoc
1088 2522 1221 2571 firmissime
1235 2530 1319 2585 pecnss
1335 2537 1388 2571 rnn-

239 2588 407 2638 loeneratorum
427 2588 494 2636 illam
514 2588 539 2635 in
558 2588 572 2638 J
576 2603 622 2636 ano
645 2586 799 2645 cantilenam,
833 2584 892 2646 nire,
904 2594 928 2635 et
943 2586 1017 2635 abiis
1027 2603 1082 2651 qun
1097 2585 1177 2651 turpis
1192 2593 1249 2634 sunt
1262 2584 1389 2636 ddendere

239 2655 361 2715 quamdo
376 2655 473 2715 pecuina
488 2655 588 2713 mimum
604 2661 645 2708 sat,
661 2654 737 2700 virttis
750 2661 801 2712 post
832 2649 931 2699 debet.”
971 2650 1025 2699 Cic.
1044 2650 1076 2698 ad
1092 2651 1190 2700 Divers.
1208 2649 1250 2706 vii,
1265 2649 1291 2705 3,
1308 2666 1391 2698 socors

239 2732 349 2772 nummos,
368 2730 417 2764 una
435 2730 490 2763 cnm
509 2714 639 2779 juvenibus
661 2721 684 2762 et
702 2715 801 2763 senibus
831 2715 901 2777 culpo
913 2731 1023 2777 magam
1031 2715 1189 2762 sstmlotiom.

239 2779 361 2844 repetiisse
372 2779 418 2827 sibi
429 2777 586 2844 persuadent!
619 2777 672 2824 Imo
687 2777 801 2827 Horatius
863 2778 969 2826 62-64.
986 2779 1069 2827 Roscio
1085 2781 1139 2840 (dis
1158 2777 1235 2838 sodes)
1251 2784 1308 2825 cett.
1327 2777 1388 2826 Sen-

236 2843 338 2906 jnsenes
355 2851 380 2891 et
393 2857 470 2899 senes,
482 2841 508 2890 in
521 2839 681 2889 subducendis
694 2841 799 2889 numeris
831 2856 889 2889 sus:
906 2840 954 2897 dic,
965 2857 1055 2905 quaeso,
1068 2857 1126 2890 num
1138 2841 1176 2891 lex
1190 2840 1279 2889 Roscia
1289 2846 1387 2900 (secun

238 2913 263 2955 st
274 2905 405 2956 rationibus
420 2907 490 2972 plana
506 2905 604 2960 defixos,
616 2902 693 2968 lepide
703 2919 744 2967 per
755 2919 798 2969 sp·
830 2904 889 2952 dum
904 2921 976 2969 quarn
992 2905 1084 2970 Equiti,
1099 2914 1127 2954 ut
1141 2905 1326 2970 quingentorum
1337 2905 1388 2953 Hs.

238 2967 380 3043 positionem
391 2987 415 3020 v.
427 2972 460 3020 to
470 2968 581 3034 designat
594 2975 621 3016 ut
636 2981 798 3032 puerescunt
830 2968 967 3032 possessori,
978 2969 1057 3018 dem
1073 2969 1098 3016 in
1114 2969 1258 3034 spectaculis
1269 2967 1387 3016 honorati-

239 3049 265 3081 m
287 3033 392 3084 scholam
419 3050 444 3084 se
469 3033 601 3088 conserunt,
624 3029 716 3080 loculos
742 3047 799 3080 cum
831 3047 894 3081 orem
902 3031 1112 3097 inquatuordecim
1119 3031 1287 3097 gradibussise
1295 3032 1387 3088 cuneis,

239 3097 322 3146 tabula
332 3106 357 3148 et
366 3098 466 3148 calculis
477 3105 604 3161 gestantes.
789 3124 797 3130 -
830 3097 966 3152 orchestrse,
994 3099 1020 3145 in
1046 3111 1095 3161 qna
1118 3107 1237 3144 senatores
1263 3094 1387 3151 sedebant,

272 3162 380 3212 57-59.
391 3163 416 3209 Si
440 3162 609 3224 uodrbrgmtis,
619 3163 676 3204 cett.
689 3158 794 3207 Sensus:
830 3159 952 3222 proximis.
972 3175 1090 3226 occupare
1115 3160 1217 3221 licebat)
1242 3159 1388 3224 preferenda

239 3223 261 3272 si
268 3225 446 3300 quadringentis
454 3224 561 3273 millibus
572 3223 623 3270 HS.
635 3219 720 3282 (quam
730 3237 797 3270 snm·
831 3223 863 3271 sit
872 3239 997 3288 puerorum
1009 3223 1145 3280 cantilena,
1164 3225 1212 3271 Res
1226 3226 1280 3279 eris,
1291 3226 1312 3270 si
1326 3234 1387 3272 rests

238 3303 303 3336 mam
314 3288 434 3354 possidere
445 3286 546 3336 debebat
556 3285 582 3334 in
590 3283 695 3332 ordinem
705 3287 799 3348 Eques·
824 3286 920 3350 facies?
935 3287 961 3334 b.
972 3304 994 3336 e.
1012 3295 1091 3336 utrum
1105 3303 1164 3336 auro
1175 3303 1207 3336 an
1217 3285 1299 3335 virtuti
1308 3287 1388 3351 majus

239 3359 298 3398 trem
315 3349 478 3414 recipiendus)
499 3365 540 3398 sex
560 3349 598 3397 vel
616 3353 705 3412 septem
723 3349 800 3398 millia
830 3350 983 3399 tribuendum
994 3351 1026 3399 sit
1052 3351 1154 3400 tenuari
1195 3353 1236 3400 De
1251 3350 1305 3413 lege
1319 3350 1386 3398 thea-

239 3413 334 3472 desunt,
350 3413 460 3478 quumvis
477 3427 502 3462 ea
519 3411 554 3460 vir
571 3413 656 3465 bonus,
671 3411 797 3484 'boantum
830 3414 885 3462 trali
903 3414 987 3463 Roscii
1003 3367 1106 3463 Otdonis
1120 3415 1150 3462 cl.
1164 3431 1218 3480 sup.
1228 3413 1260 3462 ad
1272 3413 1350 3478 Epod.
1362 3416 1387 3471 4,

239 3476 340 3526 disertus
351 3485 376 3524 et
386 3477 481 3542 probus,
494 3484 573 3525 tamea
585 3475 615 3524 sd
627 3473 733 3524 ordinem
745 3477 795 3541 ple·
832 3479 871 3525 16.
911 3478 1004 3535 Nauio,
1026 3479 1120 3544 propris
1139 3477 1171 3527 de
1189 3486 1262 3527 cautu
1283 3478 1387 3542 lugubri,

239 3539 319 3588 beium
334 3541 433 3595 relatus,
446 3555 494 3589 non
509 3538 555 3588 lrni
568 3547 634 3604 potes
650 3538 737 3589 honore
748 3556 797 3604 qno
829 3557 894 3590 nnnc
911 3541 941 3590 de
955 3551 1028 3590 cantu
1046 3541 1144 3597 laetiore,
1156 3544 1206 3592 sire
1221 3541 1251 3590 de
1262 3541 1327 3599 lats,
1339 3557 1389 3606 qna

239 3602 332 3666 equites
349 3604 467 3652 fruuntur.
501 3604 541 3652 Sic
558 3603 662 3668 prolecto
679 3619 727 3652 non
737 3619 798 3668 opus
829 3605 915 3654 victori
932 3605 957 3652 in
969 3605 1028 3653 ludo
1038 3606 1125 3670 puerili
1136 3607 1217 3671 palma
1227 3604 1388 3669 adjudicatur,

239 3673 284 3722 est,
304 3676 331 3716 ut
352 3683 374 3714 v.
392 3668 423 3716 57
441 3676 466 3715 et
481 3669 512 3716 56
533 3675 623 3715 mutato
643 3666 725 3716 ordine
742 3683 798 3716 cum
830 3668 1010 3718 acclamatione.
1045 3671 1076 3716 Et
1091 3673 1192 3719 moribus
1212 3669 1291 3717 Curiis
1307 3679 1329 3716 et
1348 3671 1388 3717 ds·

240 3729 352 3780 Bentleio
362 3739 387 3780 et
397 3729 450 3779 aliis
461 3731 570 3794 legantur
581 3731 631 3780 sic:
652 3729 691 3778 Est
707 3734 799 3779 animas
830 3743 925 3780 mutarn
943 3733 1067 3782 Camillis?
1090 3749 1139 3796 qua
1159 3733 1280 3781 cantilena
1300 3731 1390 3781 Curius

240 3794 292 3849 riti,
310 3805 364 3843 saint
379 3810 457 3852 mores,
477 3805 510 3844 est
530 3796 613 3858 lingua
622 3794 735 3857 fidesque,
752 3797 797 3843 Sed
829 3811 926 3871 quoque
947 3804 970 3844 et
992 3797 1110 3844 Camillos
1133 3813 1181 3845 non
1205 3804 1274 3845 aetate
1295 3804 1388 3844 tantum

239 3859 415 3922 quadringentis
435 3873 472 3905 sss
493 3869 575 3918 septem
601 3858 676 3905 millio
705 3861 796 3908 desunt.
829 3859 977 3923 puerili‚sed
992 3859 1064 3908 etiarn
1075 3863 1089 3924 (
1092 3862 1261 3920 mares)ntate
1270 3859 1334 3907 virili
1349 3860 1388 3909 nsi

240 3921 280 3968 De
301 3921 529 3986 pretiosestertidm,
550 3919 620 3970 etde
641 3920 797 3987 rationeque
829 3931 955 3980 suot‚non
969 3922 1063 3972 divitius
1135 3921 1388 3981 identibns,sedrscte

238 3999 319 4032 eorum
338 4001 430 4034 summa
447 3984 593 4048 designatur,
606 3984 659 4033 vide
680 4001 734 4048 que
752 3987 796 4033 ob·
821 3988 967 4050 sicientibus
984 3988 1071 4051 applan
1088 3996 1164 4036 entes.
1198 3988 1277 4035 Mores
1292 3987 1342 4050 jam
1356 3987 1388 4036 ds

239 4048 426 4097 servavimusad
439 4048 561 4098 Ciceronis
574 4048 796 4098 AnserleseueRe·
829 4050 983 4113 generosioris
1005 4051 1078 4098 animi
1106 4059 1131 4098 et
1156 4051 1270 4099 mmculas
1294 4051 1388 4100 virtutis

239 4111 295 4166 den,
313 4129 337 4176 p.
355 4113 385 4162 17
406 4122 430 4162 et
455 4113 494 4160 16.
535 4114 566 4161 As
586 4115 653 4174 pueri
675 4114 795 4162 ludentes:
828 4115 901 4162 viris:
930 4114 974 4162 inl.
994 4114 1073 4180 Epist.
1096 4114 1127 4162 ad
1155 4115 1207 4164 Pis.
1235 4116 1292 4170 ⁴02,
1315 4131 1389 4163 mores

239 4176 305 4238 pueri
318 4185 409 4232 centn,
421 4192 476 4225 cum
487 4174 582 4231 ludunt,
596 4191 643 4223 non
653 4174 741 4233 ditiori,
753 4177 796 4226 sed
827 4181 908 4234 animi,
924 4178 1015 4226 sortiter
1029 4187 1055 4226 et
1064 4178 1161 4228 viriliter
1178 4179 1314 4227 sentientes.
1347 4179 1389 4227 De

238 4237 262 4285 ei
277 4241 316 4301 qui
332 4249 392 4288 recte
400 4240 476 4304 facit,
493 4238 536 4304 qui
551 4238 610 4286 alios
624 4247 674 4288 arte
690 4251 795 4304 superat,
829 4242 903 4290 Curio
922 4241 976 4291 Cic.
987 4242 1016 4290 de
1031 4244 1126 4291 Senect.
1137 4258 1192 4308 cap.
1210 4244 1249 4297 16,
1268 4243 1340 4290 Cario
1356 4244 1388 4290 aa

238 4315 344 4350 summos
362 4303 387 4350 in
404 4303 459 4352 ludo
476 4302 576 4350 honores
588 4301 706 4358 deferunt,
721 4321 797 4368 regem
821 4305 905 4369 jicam
921 4308 1008 4355 sedenti
1023 4323 1134 4370 magnum
1148 4309 1203 4354 aori
1217 4309 1307 4367 pondes
1321 4307 1387 4353 Sarn-

237 4378 301 4446 e'um,
311 4366 459 4431 appellentes
470 4383 476 4412 r
493 4366 536 4444 cl..
542 4365 629 4414 Pollux
647 4366 679 4423 ix,
691 4366 716 4448 ⁷:
728 4366 741 4416 ὁ
751 4370 797 4432 μὲν
828 4372 887 4417 nites
896 4387 948 4417 cun
957 4371 1098 4426 attulissent,
1109 4372 1228 4433 repudiati
1238 4371 1268 4416 ob
1278 4387 1302 4417 eo
1312 4379 1366 4417 sant
1375 4388 1386 4426 ,-

236 4428 797 4560 ntttltt‘ltlttdlittttt
828 4435 1388 4559 lffililfffltf‘iiiwm‘ssl
