3150 5200
255 332 318 394 282
719 333 952 399 EPODON

319 483 361 546 55
384 482 548 566 Pluraque
564 483 674 549 felices
690 485 896 564 mirabimur;
920 496 957 549 ut
971 507 1077 569 neque
1092 481 1192 569 largis

427 583 584 667 Aquosus
600 585 712 649 Eurus
730 608 808 650 arva
821 587 917 650 radat
930 588 1101 663 imbribus,

385 684 525 768 Pinguia
540 708 600 750 nec
616 688 710 752 siccis
726 698 863 751 urantur
878 691 1001 753 semina
1015 687 1119 774 glebis
1132 713 1140 765 3

428 786 612 870 Utrumque
628 809 706 872 rege
721 799 923 871 temperante
939 789 1104 854 Coelitum.

383 887 542 966 Nonhuc
558 888 671 974 Argoo
687 890 856 954 contendit
870 892 991 974 remige
1006 893 1115 975 pinus,

321 989 365 1052 60
428 989 547 1073 Neque
563 990 728 1074 impudica
742 990 875 1054 Colchis
889 991 998 1056 intulit
1013 992 1148 1076 pedem3

385 1090 463 1154 Non
478 1091 543 1156 huc
560 1091 686 1155 Sidonii
700 1101 865 1156 torserunt
881 1115 1004 1157 cornua
1018 1105 1138 1169 nautas,

429 1191 613 1256 Laboriosa
627 1215 687 1257 nec
703 1194 821 1257 cohors
837 1192 960 1257 Ulixei.

386 1293 520 1377 Jupiter
534 1294 589 1358 illa
603 1295 667 1379 piae
684 1295 823 1359 secrevit
836 1294 933 1357 litora
947 1297 1049 1378 genti,

427 1395 476 1458 Ut
490 1396 670 1479 inquinavit
684 1418 749 1460 aere
762 1407 890 1479 tempus
906 1417 1059 1472 aureum3

321 1495 364 1557 65
385 1495 490 1558 AErea
505 1496 624 1561 debinc
639 1497 726 1561 ferro
742 1497 1015 1572 duravit'saecula,
1032 1518 1171 1579 quorum

430 1595 498 1659 Piis
515 1597 668 1674 secunda,
685 1608 758 1661 vate
773 1620 836 1673 me,
852 1597 951 1661 datur
965 1597 1054 1682 fuga.

659 1833 866 1898 CARMEN
890 1833 1005 1898 XVII.

616 2029 686 2076 AD
725 2027 1053 2077 CANIDIAM.

743 2208 924 2252 HORATIUS.

428 2323 500 2386 dan
511 2325 579 2408 jam
595 2325 718 2388 efficaci
733 2325 775 2388 do
791 2346 906 2386 manus
923 2324 1067 2387 scientiae

429 2424 589 2509 Supplex,
605 2437 638 2489 et
654 2449 711 2490 oro
727 2447 829 2509 regna
843 2447 903 2508 per
919 2425 1138 2508 Proserpinae,

290 2573 396 2622 55-58.
433 2572 474 2627 Ut,
503 2574 606 2623 examii
633 2591 715 2633 causa,
742 2574 816 2641 quod.
850 2573 874 2624 δὲ
887 2574 934 2640 δίχ’
946 2575 1088 2642 ἀνθρώπων
1102 2574 1192 2639 βίοτον
1208 2573 1249 2624 roi
1265 2573 1314 2637 ἤθε’
1332 2575 1412 2625 ὀπάσ-

261 2636 339 2698 Ncqac
360 2639 433 2700 largis
456 2640 556 2699 Aqaosus
574 2589 654 2687 laras
674 2658 730 2687 arva
747 2643 818 2688 radat
851 2657 898 2698 σας
915 2642 974 2699 Ζεὺς
992 2639 1118 2705 Κρονίδης
1132 2638 1268 2688 κατένασσε
1285 2642 1371 2704 πατὴρ
1388 2640 1413 2698 ἐς

258 2703 377 2758 imbribus,
401 2710 457 2749 cett.
480 2716 524 2749 nec
546 2704 635 2751 crebras
660 2704 747 2768 pluviae
774 2704 819 2750 hos
852 2705 958 2769 πείρατα
975 2704 1144 2769 puina—Kal
1168 2722 1206 2753 roc
1231 2706 1279 2768 μὲν
1299 2706 1413 2754 ναίουσιν

259 2766 636 2878 {⁸¹5⁵mttl:'²²ttl{m⁸lt⁰ll:
649 2774 819 2879 sillaim&
851 2766 1412 2894 llll*llllltflt‘altt‘lta”¹

259 2860 320 2940 aerii
336 2846 470 2957 temperies.
505 2894 603 2942 liadot:
621 2895 664 2943 inl.
678 2898 728 2943 Sat.
747 2846 817 2952 igne,
851 2898 957 2957 quinovit
968 2852 1021 2944 para
1048 2852 1135 2957 tenipus
1157 2850 1413 2959 aamdlvpostquam

260 2957 300 3011 25,
314 2957 365 3005 Siva
376 2959 453 3019 aquilo
468 2960 532 3006 raclii
549 2969 632 3015 turns,
646 2959 687 3007 ubi
704 2959 753 3007 vid.
767 2967 817 3006 not.
851 2960 949 3023 Jupiter
957 2969 1050 3008 etatem
1061 2974 1156 3008 auream
1167 2959 1194 3006 in
1202 2974 1287 3006 aream
1296 2968 1319 3007 et
1326 2958 1413 3007 deinde

259 3020 373 3069 Similiter
393 3021 440 3069 lere
458 3021 488 3070 de
508 3023 599 3087 campis
618 3022 707 3088 Elysiis
719 3024 818 3071 Homer.
852 3022 988 3072 intensam
1000 3022 1115 3071 mutavit:
1143 3025 1285 3085 inquinavit,
1297 3024 1411 3087 corrupit,

260 3084 348 3149 Odyss.
363 3085 396 3141 iv,
408 3088 466 3142 567,
483 3086 518 3135 ol
530 3088 636 3150 νιφετὸς,
648 3086 699 3137 οὔτ’
715 3084 814 3151 doxa·
846 3086 1009 3149 significanter
1019 3102 1071 3151 pro,
1082 3085 1191 3144 mutavit,
1204 3094 1300 3151 tempus
1310 3085 1414 3135 deterius

257 3146 312 3212 μὼν
327 3152 416 3207 πολὺς,
429 3150 485 3199 οὕτε
502 3150 557 3198 ποτ’
568 3152 670 3215 ὄμβρος,
682 3150 751 3201 Ἀλλ’
767 3151 815 3200 aiei
847 3150 911 3198 iecit.
936 3153 1039 3204 Quorum
1047 3152 1098 3199 Piis
1110 3152 1412 3205 meranda,oatcme,datur

259 3213 373 3277 Ζεφύροιο
389 3213 583 3277 λιγυπνείοντας
599 3214 680 3273 ἀήτας
697 3214 816 3272 Ὠκεανὸς
839 3213 916 3278 sagn,
937 3231 991 3279 quse
1012 3214 1109 3279 quidem
1127 3214 1203 3263 terrea
1220 3214 1312 3262 saecula
1331 3214 1412 3277 lugere

260 3276 371 3336 ἀνίησιν,
382 3276 524 3341 ἀναψύχειν
534 3277 689 3339 ἀνθρώπους.
718 3279 815 3327 Ulram·
848 3278 930 3326 licebit
940 3277 986 3343 piis
996 3294 1035 3327 me
1046 3287 1125 3328 vatem
1137 3277 1302 3343 sequentibus.

258 3356 310 3449 qula,
323 3338 457 3449 pquviosam
468 3348 630 3404 tempestatem
641 3352 665 3389 et
679 3341 819 3389 continuum
1004 3404 1160 3455 CARMEN
1177 3404 1257 3454 ΠΗ

261 3416 342 3449 soma
373 3415 445 3449 orem.
1258 3439 1266 3452 .

293 3465 398 3515 59-66.
417 3464 527 3514 Noalruc
544 3468 628 3528 Argoo,
644 3475 700 3515 cett.
735 3468 783 3525 Qui
796 3469 821 3517 in
886 3468 999 3525 Canidia,
1019 3484 1092 3580 quam
1110 3469 1224 3517 Horatius
1247 3484 1319 3534 supra
1336 3467 1414 3533 Epod.

261 3528 298 3576 his
309 3526 396 3576 insulis
406 3528 499 3585 vivunt,
512 3529 606 3576 nullum
624 3546 680 3577 cum
691 3546 746 3596 pere
775 3533 821 3581 'nis
853 3547 927 3581 earm.
946 3534 970 3588 5,
988 3541 1016 3580 ut
1040 3532 1182 3580 ibidinosam
1201 3548 1273 3580 mum
1289 3540 1313 3581 et
1326 3533 1414 3581 veneli-

260 3592 349 3641 habent
362 3593 538 3649 commercium,
550 3592 657 3657 adeoque
669 3597 750 3659 pericu
762 3597 778 3653 i,
790 3613 821 3645 ne
854 3611 907 3644 carn
917 3596 1068 3645 acerbissime
1076 3595 1193 3651 tractavit,
1202 3596 1267 3645 vario
1275 3596 1347 3643 modo
1355 3596 1414 3644 iram

259 3656 356 3705 illorum
373 3654 435 3703 vitiis
453 3666 643 3722 corrumpantur,
661 3658 779 3707 immunes
797 3671 822 3709 et
853 3674 921 3707 suam
937 3662 968 3708 ob
979 3659 1040 3708 illud
1055 3676 1150 3708 carmen
1166 3660 1200 3707 ita
1209 3662 1236 3708 in
1248 3668 1343 3725 poetam
1353 3660 1414 3708 effu-

260 3728 368 3795 expertes
379 3729 444 3768 sunt.
472 3722 510 3768 Ex
520 3722 558 3769 bis
569 3730 656 3777 autem,
670 3724 713 3797 qui
723 3723 819 3787 longin—
853 3722 917 3772 disse
927 3724 1030 3779 videtur,
1041 3732 1070 3771 ut
1080 3740 1135 3771 eum
1147 3723 1177 3772 de
1188 3724 1280 3787 integro
1294 3734 1415 3773 connase

261 3800 315 3848 quas
338 3800 380 3851 per
396 3784 521 3833 Oceanum
545 3785 736 3849 navigationibus
756 3789 820 3837 cele·
853 3787 1414 3837 lacessitumadhocaltemmcarmenscriben-

261 3850 323 3898 brati
334 3857 400 3905 sunt,
409 3851 571 3912 Argonautas,
582 3850 703 3915 Ulyssem,
713 3860 738 3900 et
746 3852 821 3901 Phoe-
853 3851 911 3899 dum
934 3852 1053 3901 incitaret,
1092 3854 1168 3899 Poeta
1188 3852 1269 3915 igitur,
1292 3867 1319 3899 se
1334 3851 1415 3915 ipsum

261 3915 327 3963 nicos
345 3914 420 3979 ponit.
455 3915 528 3962 Pimu
548 3917 623 3979 Argoo
640 3920 734 3979 remige,
754 3918 823 3964 navis
855 3914 965 3964 Canidia
973 3916 1064 3965 artibus
1072 3914 1173 3978 magicis
1183 3916 1293 3980 petitum,
1301 3915 1414 3963 attaris-

262 3980 343 4043 Argo:
363 3980 478 4043 impudica
491 3979 587 4034 Colchis,
601 3979 697 4035 Medea,
708 3996 763 4028 cum
777 3982 793 4029 J
796 3995 822 4028 a·
854 3978 921 4027 simis
933 3980 1079 4028 cruciatibus
1090 3980 1120 4027 ab
1131 3994 1160 4027 en
1171 3980 1281 4027 affectum
1292 3994 1354 4036 esse,
1368 3980 1414 4025 fin-

190 4090 192 4095 .
261 4044 447 4093 soneGraeciam
458 4058 540 4090 versus
552 4042 676 4105 navigans.
699 4044 823 4091 Torserant
854 4058 920 4106 gens,
940 4059 989 4091 non
1009 4042 1061 4092 sine
1079 4058 1168 4105 magna
1186 4043 1304 4099 irrisione,
1324 4053 1351 4091 ut
1367 4042 1414 4090 sibi

261 4126 356 4163 cornua,
381 4116 535 4157 antennarum
559 4122 685 4155 cernuas.
704 4116 822 4155 antennas
855 4122 919 4155 nunc
932 4107 990 4156 satis
1005 4106 1135 4173 perdomito
1146 4106 1414 4171 parcat,supplexeam

260 4172 323 4220 litori
336 4174 496 4227 ebusitanam,
510 4171 671 4235 significanter
699 4188 731 4228 ro,
744 4188 820 4237 appu·
854 4179 906 4218 orat
916 4180 940 4219 et
951 4173 1068 4221 obsecrat.
1097 4170 1415 4220 Ade'usanimumautem

261 4237 347 4285 lerunt.
392 4238 524 4290 Laboriarc,
547 4235 628 4283 multis
656 4235 680 4283 la
712 4236 777 4284 ribus
798 4244 822 4283 et
854 4235 998 4299 placandum
1015 4243 1040 4284 et
1056 4187 1215 4299 mitigandum
1233 4235 1271 4283 bis
1288 4234 1363 4282 utimr
1377 4249 1415 4281 ra·

261 4300 373 4365 periculis
384 4300 409 4349 in
420 4300 478 4348 mari
489 4298 632 4348 exercitata:
653 4300 821 4373 cl.cann.sq.
854 4298 975 4347 tionibus:
1005 4300 1128 4348 Achillem
1155 4314 1252 4363 quoque
1278 4307 1303 4347 et
1328 4299 1414 4347 Circen

260 4382 284 4412 v.
303 4366 341 4413 16.
362 4364 469 4421 Sacrouir,
488 4380 502 4411 s
520 4363 604 4412 ceteris
621 4364 689 4411 terris
705 4374 822 4429 corruptis
855 4362 1007 4428 supplicibus
1035 4363 1147 4427 precibus
1175 4362 1255 4411 locum
1281 4361 1415 4426 reliquisse,

260 4426 355 4493 excepit
365 4438 389 4477 et
399 4429 527 4477 destinavit
539 4431 583 4489 pia
592 4429 667 4489 genti.
701 4428 820 4477 Obversa-
854 4428 904 4487 ait;
921 4442 946 4476 se
958 4444 1024 4475 nunc
1042 4426 1100 4475 satis
1116 4442 1234 4491 superque
1249 4441 1375 4491 poenarum
1393 4423 1417 4473 ei

260 4500 300 4539 tus
314 4492 414 4541 Horatio
434 4502 470 4543 est
489 4492 589 4541 Hesiod.
607 4490 679 4556 Ἐργ.
696 4492 751 4547 167,
763 4493 822 4550 Τοῖς
853 4508 896 4556 pro
909 4507 955 4539 sua
969 4491 1062 4540 dedisse
1074 4491 1217 4556 petulantia,
1228 4498 1261 4548 et,
1279 4500 1370 4554 quanta
1385 4488 1419 4536 sit
