3150 5200
356 293 633 365 EPISTOLA
656 292 730 357 AD
753 291 1002 357 PISONES.
1192 295 1256 358 ata

192 453 330 538 Projicit
344 449 501 535 ampullas
516 459 550 512 et
565 445 804 531 sesquipedalia
818 447 929 523 verba,

196 556 232 620 Si
247 564 341 619 curat
355 573 412 618 cor
428 550 605 635 spectantia
621 549 767 632 tetigisse
780 548 924 631 querela.

238 656 317 720 Non
333 655 411 718 satis
427 664 477 719 est
492 651 629 736 pulchra
644 671 716 714 esse
730 660 899 734 poemata,
924 648 1032 714 dulcia
1048 659 1155 728 sunto,

114 760 178 825 100
201 757 258 836 Et,
274 777 469 842 quocunque
485 753 605 830 volent,
621 752 762 816 animum
777 752 937 816 auditoris
949 761 1083 835 agunto.

198 860 246 924 Ut
261 859 444 924 ridentibus
461 856 616 932 arrident,
633 855 678 918 ita
693 853 848 918 flentibus
863 854 983 918 adsunt

198 961 343 1026 Humani
357 957 477 1024 vultus.
524 955 560 1020 Si
575 957 623 1020 vie
639 977 689 1019 me
705 955 795 1033 flere,
812 956 989 1020 dolendum
1002 966 1054 1022 est

199 1063 344 1127 Primum
357 1060 421 1144 ipsi
436 1059 496 1123 tibi
508 1085 516 1136 ι
541 1069 610 1124 tum
624 1068 681 1120 tua
694 1080 744 1122 me
761 1057 938 1122 infortunia
952 1059 1083 1123 laedent.

197 1162 359 1246 Telephe,
374 1160 425 1224 vel
440 1159 554 1236 Peleu,
569 1158 652 1222 male
665 1159 692 1221 si
707 1159 861 1223 mandata
875 1160 1029 1244 loqueris,

116 1269 177 1332 105
199 1264 270 1329 Aut
285 1262 479 1337 dormitabo,
496 1271 552 1324 aut
567 1260 692 1324 ridebo.
739 1259 865 1324 Tristia
879 1273 1031 1328 moestum

200 1367 337 1430 Vrdtum
352 1365 453 1427 verba
467 1363 595 1439 decent,
612 1363 730 1424 iratum
743 1360 842 1445 plena
856 1364 1026 1440 minarum,

202 1469 387 1533 Ludentem
400 1465 532 1541 lasciva,
549 1485 696 1528 severum
712 1464 797 1528 seria
811 1463 912 1529 dictu.

200 1567 333 1632 Format
347 1567 432 1631 enim
446 1576 563 1629 natura
578 1565 669 1648 prius
684 1585 744 1627 nos
759 1565 847 1629 intus
863 1565 906 1629 ad
921 1589 1046 1630 omnem

202 1669 420 1733 Fortunarum
432 1666 598 1744 habitum3
618 1666 712 1750 juvat
727 1676 784 1729 aut
799 1667 935 1751 impellit
950 1670 993 1732 ad
1008 1669 1099 1749 iram,

115 1839 237 1906 Telephus
256 1845 280 1888 et
297 1839 466 1894 Peleus,tum,
479 1851 534 1884 cum
546 1836 675 1900 alterpau·
709 1842 743 1884 ter
770 1836 832 1885 lusis
858 1845 1016 1902 spectatorum
1043 1855 1138 1904 quoque
1165 1850 1272 1890 moretur

116 1921 158 1971 per
171 1904 231 1952 alter
246 1902 370 1958 exsuleat,
383 1900 552 1965 (sterpeta-Si
563 1900 647 1960 aurat)
656 1899 677 1947 si
709 1899 814 1949 animus.

116 1977 215 2032 uterque
236 1966 261 2015 id
289 1963 384 2029 assequi
410 1971 494 2019 tentat,
517 1973 545 2013 ut
571 1964 678 2012 animum
740 1966 864 2013 tta-lta.
894 1966 1013 2014 Octavum
1033 1968 1199 2033 Praeceptum:
1219 1968 1273 2016 Nan

117 2031 266 2148 tetta
283 2027 680 2157 autattntmat
710 2027 807 2154 tlt:
821 2031 1273 2145 telemattltettm

115 2160 201 2224 jactat,
213 2159 255 2208 sed
266 2173 323 2207 voce
334 2157 435 2222 quenda
444 2164 469 2204 et
479 2156 598 2204 submissa
608 2156 679 2205 miss·
711 2158 739 2202 n't
752 2173 838 2205 susem
851 2169 893 2219 est,
903 2167 940 2213 at,
955 2175 1087 2222 paoeanqroe
1103 2162 1168 2216 aelia,
1187 2163 1273 2209 animos

118 2225 234 2274 munnam
245 2220 436 2272 moverestudet.
705 2221 798 2283 flectas,
810 2225 1058 2284 eospaeaatdoloreat
1075 2227 1174 2272 tristitia
1184 2226 1275 2286 opplere

151 2290 192 2337 94.
220 2283 487 2351 Delittgat-partieula
512 2287 541 2332 cle
562 2283 587 2332 in
609 2284 681 2332 verbo
712 2287 1127 2350 etoenjbndae,aatdalelderetas
1139 2290 1273 2337 teroem

118 2351 249 2417 composito
271 2351 395 2415 delitigare
417 2347 537 2398 uodonem
556 2355 636 2422 auget,
656 2357 682 2396 ut
712 2347 918 2413 persuaderetque
928 2352 1036 2400 delicias.
1055 2352 1133 2399 Verbis
1141 2357 1275 2415 respondere

118 2417 150 2464 ait
179 2416 236 2473 lere,
263 2415 414 2464 vehementer
442 2421 466 2462 et
492 2411 522 2462 ad
551 2421 681 2461 satietatem
714 2413 778 2460 debet
797 2415 885 2470 vallas,
903 2417 934 2464 od
952 2419 1091 2478 maioque
1110 2419 1183 2464 verto
1197 2421 1274 2479 aspri-

119 2479 316 2554 usquelitigare5
332 2477 681 2542 sicaesavtremoaatmtm)
714 2485 813 2524 maatar
826 2481 967 2540 compositas.
1010 2479 1085 2556 l'oete
1102 2497 1171 2541 porro
1189 2490 1230 2537 est,
1247 2490 1275 2530 ol

119 2545 332 2679 lulblllldlgllal’,
344 2544 444 2671 bdisom
460 2621 514 2679 qua
534 2604 683 2679 queribunda
713 2545 1276 2674 maldtbzaebldboffllmmbrlllddalldogwll

120 2674 147 2722 in
164 2672 282 2737 trsgoedta
300 2670 438 2731 inducitur;
462 2685 498 2717 src
516 2671 622 2725 Orestes,
642 2686 683 2733 qur
715 2674 921 2733 regererejnbeat.

121 2737 201 2786 tureos
212 2739 237 2785 iu
254 2736 371 2799 tragoedia
383 2734 513 2789 inducitur,
526 2736 629 2797 tragicae
639 2749 683 2800 ap·
750 2736 806 2782 102.
823 2736 929 2784 Humani
945 2737 1033 2791 aalma,
1045 2736 1126 2786 vultus
1143 2738 1276 2795 hominum,

122 2800 243 2865 pellatur=
268 2798 365 2849 Cloio
385 2799 467 2847 Pisou.
485 2814 509 2846 c.
527 2799 568 2852 20.
587 2798 684 2861 Tragion
717 2797 872 2846 humanitatis
881 2815 978 2848 sensum
994 2800 1159 2873 exprimentes.
1193 2804 1277 2851 Notis·

121 2867 163 2913 tto
173 2866 251 2913 Oreste
263 2874 305 2911 aut
316 2864 456 2911 Athamante
469 2864 602 2910 dementior.
716 2860 803 2910 simum
814 2870 852 2911 est
862 2863 924 2913 illud
941 2865 1060 2913 Terentii:
1079 2866 1151 2913 Herm
1161 2883 1220 2923 sam,
1232 2871 1276 2915 lm·

156 2930 197 2977 96.
216 2929 333 2990 Telephus,
353 2927 418 2977 filius
436 2926 558 2983 Herculis,
570 2941 609 2974 rer
627 2926 684 2990 My-
716 2930 780 2973 mam'
792 2929 853 2975 nihil
863 2945 921 2975 ame
931 2931 1034 2976 altanum
1042 2938 1107 2990 pato.

122 2992 173 3049 site,
187 3008 242 3041 cum
252 2992 340 3040 vulnus
354 2990 418 3055 quod
429 2992 459 3039 ab
471 2989 569 3039 Achille
585 3004 642 3038 acce
674 3017 684 3029 ·
751 2991 808 3039 103.
825 2992 866 3038 Ma
876 2994 967 3048 laam,
977 3008 1015 3040 me
1026 2993 1206 3056 perturbabunt,
1217 3002 1242 3043 et
1252 2994 1278 3043 in

122 3065 167 3113 rat,
180 3056 311 3105 secundum
326 3055 417 3103 oraculi
432 3052 539 3108 effatum,
560 3054 606 3101 nisi
623 3054 641 3101 il
652 3054 685 3103 ud
717 3053 806 3104 doloris
815 3056 953 3104 societatem
963 3056 1067 3104 trahent.

122 3120 204 3169 eadem
220 3119 294 3169 hastae
309 3120 408 3192 cuspide
424 3134 473 3183 qua
490 3117 607 3167 inflictum
625 3127 687 3167 esset
752 3120 809 3167 104.
826 3120 929 3182 Telephe,
947 3123 983 3168 sal
1001 3122 1081 3175 Palm,
1101 3123 1159 3169 atala
1175 3123 1196 3170 si
1212 3139 1278 3169 man·

125 3194 166 3233 tan
222 3192 268 3241 tur,
286 3199 365 3231 sanan
385 3198 433 3233 non
451 3191 538 3247 posset,
555 3190 632 3229 castra
649 3184 685 3230 A·
718 3184 774 3230 data
798 3186 909 3246 tepueris.-
931 3183 1051 3249 particula
1071 3187 1132 3234 mole
1152 3200 1202 3233 non
1222 3202 1278 3234 cum

123 3247 172 3296 cbil
184 3246 281 3303 isadiit,
293 3256 316 3296 et
327 3247 389 3295 hanc
400 3246 493 3297 veniam
512 3246 542 3293 ab
559 3260 587 3293 eo
602 3246 684 3310 petiit;
718 3246 827 3311 pluribus
845 3249 1017 3322 Interpretibus
1035 3248 1066 3296 ad
1082 3252 1201 3305 mandata,
1217 3251 1244 3299 h.
1255 3268 1280 3300 e.

123 3320 148 3362 et
167 3312 261 3375 quidem
279 3327 376 3383 pauper,
393 3311 417 3360 h.
429 3328 451 3360 e.
463 3310 543 3359 miseri
559 3317 583 3359 et
594 3311 685 3375 suppli·
718 3310 748 3359 ad
760 3319 864 3375 poetam,
875 3328 917 3376 qm
927 3313 991 3361 male
998 3322 1077 3377 partes
1088 3314 1218 3371 mandavit,
1228 3315 1280 3371 sed,

123 3378 202 3425 cantis
224 3391 328 3455 speciem
349 3390 396 3439 pra
418 3391 445 3423 se
466 3376 551 3424 ferens.
595 3374 685 3433 Petam,
719 3383 746 3423 ut
762 3376 886 3439 sequentia
902 3377 962 3425 satis
976 3376 1113 3435 doeentad
1131 3380 1280 3441 loquar-teari

122 3440 188 3490 filius
210 3440 292 3494 Aeaci,
314 3441 345 3489 ob
367 3438 461 3487 fratrem
484 3438 603 3493 Phocum,
626 3454 640 3486 a
661 3454 687 3487 se
720 3446 831 3494 actorem,
844 3440 1022 3503 quimandatas
1037 3451 1117 3506 partes
1129 3443 1193 3492 male
1207 3445 1280 3492 susti·

123 3518 222 3560 cesum.
233 3504 312 3552 solum
322 3512 411 3552 vertare
425 3511 450 3552 et
466 3519 496 3552 ex
507 3501 583 3567 patria
596 3502 687 3565 AEgina
719 3512 768 3559 net,
786 3504 908 3552 reserenda
927 3515 971 3554 est.
1006 3505 1063 3555 Sine
1076 3506 1150 3555 dubio
1167 3509 1282 3557 Horatius

124 3566 150 3615 in
168 3566 318 3617 Thessaliam
336 3567 418 3631 lugere
439 3573 536 3616 coaetus
553 3572 603 3614 est:
630 3566 686 3616 hine
718 3567 821 3631 respexit
842 3567 958 3624 tabulam,
978 3569 1004 3617 in
1031 3585 1080 3643 qua
1101 3572 1233 3637 Telephus,
1255 3582 1283 3622 ut

124 3633 188 3681 asaal
197 3631 292 3681 dicitur.
719 3631 821 3695 supplex
836 3631 862 3678 in
878 3633 963 3681 castris
980 3633 1094 3692 Achillia,
1105 3644 1131 3683 et
1147 3636 1244 3694 Peleos,
1256 3645 1282 3685 ut

154 3696 196 3744 97.
213 3696 312 3757 Projiar't
330 3694 512 3758 (ἀποβάλλει),
526 3694 619 3759 abjicit,
632 3694 687 3759 rsjif
720 3694 789 3743 exsul
805 3695 868 3757 (tid.
890 3712 915 3743 v.
930 3696 987 3759 96),
1005 3698 1095 3770 primas
1110 3710 1188 3764 partes
1204 3700 1283 3764 egisse

124 3758 167 3815 cit,
179 3768 291 3815 removet,
303 3758 402 3823 deponit
418 3760 539 3821 ampullas,
552 3758 601 3807 sive
614 3758 688 3807 absti-
721 3758 841 3807 videntur.
874 3760 988 3809 Horatius
1003 3760 1084 3825 igitur,
1104 3764 1175 3827 cujus
1187 3764 1245 3813 data
1256 3765 1282 3813 in

126 3830 168 3871 net
183 3823 214 3872 ab
228 3826 346 3886 ampullis.
378 3824 498 3885 Ampulla,
517 3822 608 3887 proprie
623 3823 688 3887 lacy·
721 3822 766 3871 hac
788 3822 898 3887 Epistola
917 3824 1048 3873 Pisonibus
1069 3836 1187 3891 precepta
1206 3828 1283 3876 maxi-

125 3887 190 3945 thus,
201 3903 243 3937 vas
260 3894 362 3951 aegroto
379 3888 451 3942 collo,
463 3886 505 3935 sed
521 3895 602 3935 ventre
616 3902 688 3953 capa-
721 3902 785 3935 mam
804 3897 894 3951 partem
913 3896 1022 3952 spectant
1041 3889 1071 3937 ad
1092 3900 1214 3955 poetarum
1233 3900 1282 3941 tam

125 3950 189 4001 ciere
200 3960 225 4000 et
233 3952 335 4015 turgido,
347 3950 373 3998 iu
400 3967 432 4000 uo
449 3951 530 4000 oleum
545 3949 654 4015 inprimis
665 3962 690 4001 et
721 3951 866 4000 comicorum
885 3966 957 4015 quam
977 3952 1121 4015 tragicorum
1136 3954 1195 4003 vitia
1209 3956 1284 4005 latius

125 4025 220 4065 acetum
236 4014 323 4065 servari
340 3968 440 4065 soldbat.
473 4015 514 4063 nb
525 4014 570 4063 hae
581 4019 688 4077 ampulla
720 4015 841 4079 latiusque
859 4016 988 4089 serpentia,
1006 4032 1055 4064 non
1073 4032 1102 4066 ea
1117 4026 1211 4068 tantam
1227 4037 1283 4085 qua

125 4080 210 4136 forms,
225 4078 320 4143 turgida
337 4088 361 4128 et
378 4080 461 4129 inflata
476 4078 555 4143 quasi,
575 4080 689 4130 translate
720 4079 805 4144 poetis,
821 4080 952 4129 sedetiam
970 4080 1014 4129 ills
1032 4097 1088 4145 que
1106 4083 1225 4132 actoribus
1241 4086 1283 4132 ob·

126 4144 241 4193 dicuntur
256 4144 362 4206 ampulla
377 4146 450 4193 verba
464 4143 566 4207 turgida,
582 4152 688 4201 ventosa,
721 4142 839 4193 servanda
856 4152 881 4193 et
899 4144 1034 4209 peragenda
1050 4144 1108 4201 sint,
1127 4155 1155 4195 ut
1171 4148 1285 4212 magister

125 4208 264 4273 magnifica,
279 4208 368 4272 quibus
384 4208 431 4257 lere
443 4223 469 4257 se
481 4208 577 4273 jactant
592 4209 688 4271 grandi·
720 4216 745 4257 et
763 4207 850 4256 arbiter
864 4209 949 4257 haram
965 4224 1042 4258 rerum
1059 4210 1215 4276 peritissimus
1230 4228 1285 4279 pro·

124 4272 213 4337 loqui,
230 4271 286 4320 hinc
304 4288 358 4337 sup.
376 4271 453 4337 Epist.
471 4271 487 4330 i,
505 4274 530 4328 3,
549 4274 587 4329 14,
599 4276 690 4335 ampul-
724 4272 826 4337 penitet
852 4273 950 4338 raecipit.

126 4338 182 4394 lari,
194 4335 397 4401 magniloquentia
412 4337 538 4402 superbius
549 4344 574 4385 et
584 4336 689 4386 insolen·
757 4338 813 4385 107.
830 4290 1013 4395 lauantemne
1022 4338 1125 4388 ludicras
1134 4349 1284 4398 tractantem,

127 4400 176 4449 tius
187 4417 214 4451 se
224 4401 314 4451 efferre.
721 4402 853 4466 jocantem,
864 4402 963 4451 delicias
973 4403 1109 4453 facientem.

160 4467 201 4514 98.
218 4464 690 4528 Spartanumnamquerelismiserabili-
759 4468 851 4514 loa-l
877 4470 896 4514 ¹.
923 4468 1015 4515 For-snat
1037 4470 1105 4525 enim,
1124 4477 1181 4517 cett.
1202 4478 1286 4522 natura
