3150 5200
439 359 666 424 CARMEN
692 358 1007 424 SAECULARE.
1238 355 1302 418 289

368 507 442 586 Dis,
458 512 578 593 quibus
594 522 717 596 septem
733 511 884 596 placuere
899 510 1009 586 colles,

627 613 748 678 Dicere
762 635 902 678 carmen.

369 711 463 778 Alme
480 715 547 792 Sol,
564 738 661 780 curru
677 715 780 778 nitido
796 716 882 779 diem
896 716 953 798 qui

306 815 346 876 10
368 813 494 878 Promis
510 827 543 880 et
558 817 654 893 celas,
672 816 819 899 aliusque
833 828 867 880 et
881 817 968 880 idem

367 915 540 995 Nasceris3
565 919 670 1001 possis
686 916 765 980 nihil
780 920 862 982 urbe
878 917 985 980 Roma

625 1018 743 1082 Visere
758 1020 873 1102 majus.

367 1118 445 1183 Rite
459 1131 603 1184 maturos
618 1120 744 1202 aperire
760 1131 873 1202 partus
962 1197 966 1205 .

368 1219 468 1283 Lenis
484 1220 624 1304 Ilithyia,
639 1231 730 1284 tuere
746 1232 882 1284 matres:

307 1321 345 1382 15
367 1319 442 1385 Sive
459 1332 493 1385 tu
510 1322 636 1386 Lucina
652 1323 771 1404 probas
788 1324 906 1399 vocari,

624 1423 691 1486 Seu
707 1423 880 1486 Genitalis.

369 1523 466 1600 Diva,
483 1524 645 1608 producas
662 1523 819 1600 subolem,
836 1524 1035 1608 Patrumque

366 1622 545 1708 Prosperes
561 1626 692 1690 decreta
709 1647 808 1708 super
818 1627 975 1710 jugandis

365 1724 516 1803 Feminis,
534 1727 698 1811 prolisque
714 1747 806 1790 uovae
820 1725 920 1792 feraci

301 1829 344 1889 20
626 1828 715 1910 Lege
731 1829 863 1891 marita:

181 2021 207 2056 ra
234 2007 314 2057 florere
342 2009 429 2059 sinaut.
474 2011 569 2070 Quibus
596 2013 705 2077 precibus
737 2019 770 2068 et,
789 2021 818 2061 ut
835 2012 888 2077 ejus
905 2025 963 2061 cum
980 2025 1039 2074 gens
1058 2007 1170 2059 Romana
1186 2009 1298 2075 legitimis

165 2071 222 2120 nitis
233 2072 300 2120 addit
309 2073 396 2123 chorus
409 2075 539 2140 epilogum,
551 2091 599 2140 quo
609 2076 639 2124 de
653 2091 704 2125 cer·
737 2078 865 2125 connubiis
891 2085 1041 2142 propagetur,
1068 2076 1185 2125 obsecrat.
1227 2077 1298 2126 Lenis

146 2135 239 2185 tissima
252 2152 350 2210 precum
365 2154 463 2188 sustuna
475 2151 563 2190 eventa
582 2141 705 2188 Romanos
737 2143 828 2214 aperire
839 2151 943 2215 maturas
957 2149 1049 2201 partus,
1065 2139 1218 2213 Graca'pro,
1234 2140 1297 2214 lenis

148 2201 386 2314 spell-il-rllluriilri'arurn
399 2278 490 2328 potens:
507 2285 560 2332 sup.
576 2266 611 2322 iii,
626 2269 667 2323 22,
682 2270 704 2324 l,
738 2205 971 2332 blirlrbiiilltilsrluii
983 2202 1298 2330 (iextiiobiebliiiigtiinaileli

148 2331 259 2376 montium
276 2341 349 2377 custos
364 2348 529 2395 nemorumque,
546 2332 588 2380 ubi
605 2331 638 2379 ci.
656 2339 705 2380 not.
738 2333 935 2394 parturientibus,
946 2347 968 2379 s.
978 2342 1044 2380 utera
1056 2331 1096 2393 (ut
1107 2346 1160 2394 sup.
1171 2330 1206 2386 iii,
1218 2332 1259 2385 22.
1270 2335 1296 2387 2,

147 2391 219 2448 Date,
238 2411 286 2455 qua
301 2410 424 2454 precamur
441 2406 538 2458 tempure
558 2413 630 2452 sacro,
650 2403 706 2444 cett.
739 2395 769 2442 de
793 2397 874 2444 Diana
895 2395 995 2456 dicitnr)
1020 2397 1193 2443 laborantibus:
1220 2398 1296 2457 aperit

145 2454 256 2504 exaudite
281 2473 371 2521 preces,
398 2474 459 2523 quas
488 2459 612 2508 fundimus
641 2459 705 2507 ludis
738 2458 820 2507 Diana
834 2471 925 2522 partus,
942 2459 998 2507 dum
1013 2467 1105 2523 partum
1116 2458 1242 2506 dentibus
1252 2461 1296 2507 ob·

145 2519 309 2576 secularibus,
321 2521 363 2568 ubi
374 2523 503 2572 secundum
515 2538 595 2571 versus
607 2523 705 2587 Sibylli·
737 2524 840 2572 stetriciu
859 2539 904 2572 ssa
925 2539 995 2587 opera
1013 2521 1145 2581 succurrit;
1167 2525 1212 2570 rita
1231 2539 1296 2572 more

146 2598 190 2631 nos
205 2601 333 2659 puerorum
349 2587 529 2699 puellarumtppe
545 2588 632 2637 chorus
648 2587 706 2637 daos
738 2602 791 2635 suo.
823 2588 875 2637 Siue
891 2591 979 2649 probas,
1001 2585 1051 2635 sive
1070 2585 1155 2636 mavis.
1187 2587 1294 2636 Lucina.-

146 2658 225 2709 gantis
236 2650 354 2698 Romamn
365 2651 477 2701 tutelares
504 2668 576 2716 ymno
587 2653 706 2699 celebrare
739 2652 833 2700 Catuli.
852 2654 932 2706 xxxiv,
951 2652 990 2708 13,
1009 2650 1045 2698 Tu
1062 2650 1153 2698 Lucina
1168 2653 1297 2700 dolentibus

146 2710 226 2761 debet.
260 2715 369 2778 Sibyllini
381 2732 469 2765 trusus:
485 2732 567 2765 versus
576 2716 612 2763 illi
624 2715 704 2779 Sibyl·
736 2715 800 2763 Juao
815 2719 878 2764 aicta
894 2717 1020 2777 puerperis,
1033 2713 1075 2763 ubi
1092 2713 1124 2762 ci.
1135 2726 1184 2763 not.
1200 2723 1224 2763 et
1241 2732 1295 2781 sup.

146 2774 448 2827 liniadludossseculares
463 2790 596 2844 spectantes
610 2788 707 2827 exstant
737 2778 766 2826 ad
788 2779 822 2835 iii,
845 2782 886 2833 Ὦ,
909 2782 934 2827 2.
974 2778 1099 2835 Genitalis,
1124 2778 1216 2834 eadem,
1239 2796 1294 2843 quse

141 2840 233 2901 ¹aditae,
254 2856 279 2891 et
300 2841 362 2907 apud
386 2844 507 2891 Zosimum
528 2844 553 2899 ii,
575 2846 591 2893 6
613 2844 705 2891 inveni·
739 2843 839 2899 Lucina,
861 2844 948 2893 Greco
974 2858 1029 2889 nem
1085 2842 1174 2889 nomini
1197 2844 1295 2906 ilithyia

147 2912 235 2960 uatum
251 2906 423 2955 emendatiores
435 2922 476 2955 sos
488 2907 512 2955 in
524 2916 663 2971 argumento
675 2906 706 2955 ad
738 2907 866 2970 opponitur
877 2906 1003 2955 Lstinurn:
1045 2908 1114 2953 urina
1128 2922 1149 2953 s.
1163 2906 1279 2955 Genitalis
1285 2926 1294 2964 ς

146 2967 191 3017 hoc
223 2985 320 3019 carmen
348 2970 457 3019 exhibuit
489 2971 704 3021 Mitscberlichius.
737 2971 948 3034 novesutemjsnr
962 2970 1087 3022 Genitalis,
1100 2986 1155 3032 quse
1171 2968 1296 3031 gignentes

150 3031 255 3097 Virgines
264 3036 340 3089 betas,
348 3033 465 3083 debebant
473 3035 536 3083 enim
546 3044 595 3083 tum
602 3036 637 3081 vir
654 3035 705 3082 ines
737 3050 756 3081 s.
768 3050 895 3099 puerperas
905 3049 950 3098 ope
960 3048 1004 3081 sua
1017 3033 1089 3086 levat,
1101 3032 1216 3093 geniture
1231 3033 1296 3083 lavet

146 3110 218 3159 quam
230 3098 295 3162 pueri
309 3113 361 3147 esse
376 3098 467 3163 patrimi
483 3108 508 3147 et
522 3052 704 3153 matrimilue.
736 3098 929 3162 etsepropitiam
939 3098 1036 3161 prabet.
1062 3096 1295 3144 Produeassubulem:

147 3174 248 3222 quomar
259 3171 337 3227 patres
347 3171 372 3209 et
382 3170 468 3210 matres
479 3162 557 3212 adbuc
568 3162 705 3227 superstites
737 3161 814 3225 magis
831 3162 941 3224 designat
952 3170 977 3208 et
986 3159 1091 3223 explicat
1107 3159 1216 3216 Lucinas,
1228 3162 1294 3208 nalo·

145 3232 240 3283 essent;
256 3240 335 3274 eorum
353 3234 432 3274 autem
450 3242 570 3281 numerus,
587 3226 630 3291 qui
644 3242 703 3289 quo·
737 3226 779 3271 lem
801 3228 954 3286 producentis,
977 3224 1005 3270 b.
1022 3239 1045 3271 e.
1062 3223 1087 3269 in
1107 3222 1186 3271 lucem
1206 3232 1294 3287 protra-

146 3302 194 3397 pus
215 3288 238 3335 in
262 3290 369 3337 semibus
388 3290 513 3354 Sibyllinis
534 3290 703 3355 prescribitur,
738 3288 825 3343 lteutis,
838 3303 935 3336 munus.
970 3288 1111 3348 Palmumque
1123 3287 1244 3349 Prosperes
1255 3290 1295 3335 de-

157 3350 193 3398 uit
212 3360 248 3399 ter
264 3368 379 3409 rtovenus,
399 3353 433 3401 ita
451 3363 478 3401 ut
498 3371 574 3402 sxvrr
595 3354 661 3419 pueri
681 3362 705 3401 et
737 3362 801 3401 erata
816 3369 885 3415 super
895 3354 1026 3415 jugandia:
1042 3349 1166 3415 respicitur
1178 3350 1296 3399 lexJulia

145 3414 242 3464 totidem
270 3416 356 3481 puelle
381 3426 470 3467 essent.
513 3420 600 3479 Septem
630 3420 704 3472 calles,
737 3414 767 3464 de
784 3418 922 3464 maritandis
936 3416 1064 3469 ordinibus,
1076 3429 1149 3479 quam
1159 3414 1295 3477 Augustus,

146 3477 235 3528 Roma.
691 3506 695 3515 ·
737 3494 791 3528 cum
805 3481 828 3529 ei
846 3478 949 3528 serendas
957 3478 1009 3543 jam
1022 3480 1095 3528 U.C.
1108 3495 1222 3527 nccsxvr
1235 3479 1295 3527 irus-

177 3545 268 3593 9-12.
287 3544 366 3592 Gelas.-
387 3544 423 3593 sol
434 3544 497 3593 diem
514 3546 572 3593 aeliu
587 3554 611 3593 et
625 3544 706 3593 condit
737 3543 903 3592 tradedisseto
985 3542 1102 3607 ,bocipso
1109 3542 1295 3605 aano‚quoludi

148 3607 244 3670 qnando
261 3607 361 3656 occidit:
379 3610 482 3672 aliusque
492 3619 514 3657 et
526 3611 584 3656 Mem
596 3612 704 3662 nmraris,
737 3608 864 3656 seculares
874 3622 901 3653 oe
912 3608 1065 3661 abrabantur,
1078 3615 1175 3655 senatus
1191 3606 1296 3654 consulti

146 3680 170 3718 et
186 3687 263 3720 novus
279 3687 340 3720 noro
357 3672 404 3729 die,
417 3680 441 3719 et
456 3674 515 3720 idem
528 3672 704 3735 (h.s.eotlern,
737 3672 879 3721 auctoritate
920 3670 1002 3735 pulum
1014 3679 1295 3734 accepturamsssesps-

146 3750 195 3845 lim
212 3736 271 3792 lteri,
286 3736 374 3795 nitore)
392 3736 474 3783 oriris:
492 3740 559 3799 possis
575 3738 635 3783 nibil
649 3738 706 3783 urie
737 3744 838 3789 tavent,
914 3749 978 3782 vana
995 3743 1047 3781 tum
1065 3750 1163 3799 quoque
1180 3732 1226 3780 tuit
1244 3734 1295 3783 boe

170 3816 220 3847 ama
235 3800 310 3849 Visere
319 3804 402 3863 majus,
411 3799 502 3847 ubuum
515 3800 564 3855 fiat,
573 3810 600 3847 ut
611 3800 635 3847 in
648 3800 703 3847 nnl-
737 3798 843 3861 Augusti
849 3814 918 3863 spes,
930 3796 1089 3863 perlataenim
1098 3798 1142 3846 illa
1150 3798 1190 3845 las
1198 3797 1295 3845 demum

145 3862 193 3910 latu
216 3864 307 3920 urbem,
332 3864 412 3913 Rotas
437 3864 583 3928 ampliorem,
605 3879 619 3911 a
639 3865 703 3913 coelo
735 3872 771 3911 est
793 3877 809 3910 a
828 3862 866 3910 M.
889 3862 966 3925 Papio
985 3870 1010 3909 et
1032 3862 1064 3918 Q.
1084 3862 1188 3925 Poppeo
1210 3861 1242 3909 U.
1263 3861 1294 3908 C.

145 3925 271 3990 despicias,
284 3930 308 3975 h.
319 3944 342 3976 e.
355 3928 401 3984 luc,
414 3935 441 3975 ut
455 3927 521 3975 nulla
538 3929 595 3975 urbs
612 3928 637 3975 in
652 3936 703 3975 toto
738 3942 857 3973 sconart:
876 3923 927 3972 vid.
939 3923 1047 3989 Lipsium
1062 3921 1094 3971 ad
1107 3924 1186 3972 Tacit.
1202 3922 1294 3970 Annei.

145 3998 260 4039 tanarum
272 3994 327 4041 orbe
341 3992 421 4039 Roma
431 3990 463 4039 sit
472 3991 597 4056 potentior.
614 3990 705 4039 Similis
736 3989 770 4045 iii,
781 3991 823 4046 25,
837 3988 937 4036 Excurs.
947 4004 969 4042 e,
982 3994 1006 4035 et
1022 4001 1084 4058 quos
1099 3986 1184 4035 laudm
1194 3985 1294 4035 lilitsclr.

145 4053 213 4103 locus
222 4064 259 4105 sst
268 4055 334 4121 apud
342 4056 410 4117 Virg.
424 4056 483 4103 AEn.
494 4056 535 4111 vii,
547 4058 604 4111 tlt,
616 4058 703 4118 regnis,
737 4054 867 4114 Prosperes,
889 4060 941 4099 rats
964 4065 1017 4097 asse
1039 4051 1137 4112 rubeas.
1177 4049 1296 4110 Prolisque

144 4136 192 4180 que
208 4123 305 4167 murima
320 4122 432 4182 quondam
447 4119 552 4167 Extrema
566 4120 704 4167 veniensSal
736 4134 797 4164 sous
792 4118 879 4226 perusi
889 4116 950 4178 Lege
959 4116 1052 4161 marita.
1081 4114 1231 4167 berneriis,
1239 4111 1296 4161 be.

144 4185 283 4245 suspiciebat
296 4184 400 4247 Olympo.
737 4179 775 4227 lex
809 4196 822 4227 e
842 4180 981 4227 maritandis
997 4179 1116 4225 ordinibus
1135 4184 1226 4248 rogata,
1245 4175 1294 4223 ele-

123 4280 126 4285 -
181 4248 284 4296 ts-sa.
303 4248 357 4295 Rite
368 4258 478 4301 maturos,
488 4254 546 4295 cett.
555 4246 606 4310 jam
618 4245 705 4293 chorus
737 4254 821 4305 genter
837 4240 1070 4305 diciturferaenase
1083 4243 1164 4300 prolis,
1175 4254 1232 4302 quta
1249 4238 1295 4288 hac

145 4308 260 4368 Dianam,
288 4320 316 4359 ut
343 4311 422 4366 deam,
449 4309 582 4359 obstetricis
607 4324 705 4358 munere
737 4306 791 4365 leae
810 4322 879 4365 noves
900 4304 960 4372 proli
986 4320 1026 4370 per
1048 4302 1154 4367 legitima
1174 4304 1297 4351 connubia

144 4374 207 4437 apud
235 4390 361 4439 puerperas
390 4375 536 4436 fungentem,
557 4382 584 4422 st
607 4374 704 4437 quidem
736 4369 897 4435 procreanda,
917 4368 992 4417 etsie
1011 4366 1076 4432 genti
1095 4368 1212 4415 Romana
1230 4375 1297 4415 casta

161 4436 245 4486 rituum
267 4439 353 4489 Graeco
374 4438 478 4494 nomine,
495 4438 602 4501 ilithyia,
619 4436 705 4485 deinde
738 4443 840 4483 matram
858 4433 1004 4482 iocunditate
1025 4430 1140 4495 augendas
1163 4445 1295 4497 pmpagan-

144 4454 241 4558 latino,
268 4502 356 4552 Lucina
381 4518 423 4551 seu
446 4502 570 4557 Genitalis,
590 4500 704 4567 appellet,
737 4498 823 4563 deque
842 4498 969 4563 prudenter
987 4494 1180 4561 prospiciebatur.
1215 4495 1296 4543 Certus

711 4580 728 4611 U
1123 4578 1126 4587 .
