3150 5200
555 359 720 427 Lissa
743 360 788 439 n,
813 365 843 426 a
1212 314 1276 428 sea

210 511 308 578 Unde
325 513 418 577 simul
434 515 572 598 primum
586 537 636 578 me
653 515 803 579 dimisere
820 515 976 600 Philippi,

144 616 187 678 50
209 615 341 679 Decisis
357 614 509 678 humilem
524 619 651 700 pennis,
667 617 862 699 inopemque
877 621 1006 701 paterni

209 717 256 780 Et
270 717 347 780 laris
363 728 395 780 et
410 716 514 793 fundi,
531 728 707 800 paupertas
724 716 852 802 impulit
866 719 975 806 audax

209 816 257 881 Ut
271 841 384 882 versus
398 817 549 882 facerem.
596 818 674 894 Sed,
691 819 779 901 quod
796 840 860 882 non
876 819 973 897 desit,
989 821 1175 897 habentem,

209 921 294 993 Quae
309 930 464 1004 poterunt
478 941 620 1002 unquam
637 921 715 982 satis
731 941 916 1004 expurgare
931 923 1058 999 cicutae,

208 1022 256 1084 Ni
270 1021 383 1085 melius
400 1021 539 1085 dormire
554 1031 667 1104 putem
682 1043 778 1105 quam
795 1023 937 1086 seribere
952 1027 1088 1088 versus?

143 1123 185 1186 55
208 1122 342 1206 Singula
359 1123 401 1186 de
416 1123 510 1187 nobis
527 1123 601 1184 anni
618 1123 809 1206 praedantur
823 1132 956 1186 euntes:

209 1223 372 1307 Eripuere
384 1225 490 1307 jocos,
507 1223 682 1300 Venerem,
699 1225 856 1300 convivia,
873 1223 1003 1302 ludum3

207 1325 364 1389 Tendunt
378 1336 573 1407 extorquere
588 1335 747 1408 poemata.
796 1325 887 1397 Quid
902 1325 1018 1390 faciam
1033 1329 1103 1392 visi

207 1426 360 1509 Denique
377 1448 440 1489 non
456 1448 566 1490 omnes
581 1427 695 1490 eadem
710 1427 868 1490 mirantur
883 1440 1072 1513 amantque:

207 1527 356 1590 Carmine
373 1538 409 1591 tu
423 1527 559 1610 gaudes,
576 1526 629 1590 hic
645 1527 828 1590 delectatur
843 1529 975 1607 iambis3

142 1628 186 1692 60
207 1626 265 1692 llle
281 1627 414 1692 Bioneis
431 1627 633 1692 sermonibus
649 1637 682 1690 et
699 1627 764 1692 sale
780 1630 884 1713 nigro.

206 1729 291 1792 Tres
306 1730 384 1792 mihi
400 1731 542 1810 convivae
558 1751 660 1813 prope
679 1728 852 1794 dissentire
867 1731 1029 1809 videntur,

208 1829 385 1895 Poscentes
401 1833 489 1895 vario
505 1831 641 1894 multum
656 1831 784 1894 diversa
801 1831 920 1915 palato.

117 1973 143 2012 ct
153 1964 238 2012 Cassio
248 1972 329 2013 contra
342 1964 473 2013 Antonium
485 1974 509 2013 et
519 1965 679 2013 Octavianum
714 1966 788 2028 (qaod
806 1984 851 2014 non
869 1968 944 2030 derit)
963 1977 1079 2031 quantum
1096 1969 1154 2018 satis
1169 1968 1209 2025 sit,
1225 1971 1272 2019 nisi

117 2036 207 2138 paptaq
225 2028 328 2140 delapurn
344 2037 423 2110 autem
432 2030 583 2141 ιειιιΗὲιιιιέἓ
593 2045 680 2146 mgnpp
712 2029 795 2142 ipfihsc
804 2045 998 2143 repirmstppalrum
1004 2033 1274 2145 ἲξιὲιιιὲἱῑιίοιιὶιιιι(ιίλιῖνιιιίνι

128 2103 487 2149 nun1·v1.su.sa.r,
527 2129 533 2148 ‚
586 2129 592 2148 ,
636 2111 651 2140 u
712 2111 865 2150 marva.
928 2111 986 2144 uer.
1087 2113 1164 2144 sc.
1238 2114 1271 2147 m.

116 2157 175 2203 mili
191 2127 283 2217 pairarat
301 2109 367 2222 tegid
376 2157 480 2204 Romane
497 2159 598 2205 tribum.
633 2158 679 2205 ue-
712 2157 774 2220 345)
793 2158 867 2221 quieti
889 2159 1011 2222 indulgere
1028 2175 1101 2224 quam
1116 2113 1197 2209 tirsus
1207 2113 1271 2210 gsacri·

115 2235 242 2280 sponsore.-
259 2222 303 2284 qui
317 2221 389 2270 alicui
400 2221 433 2269 rei
448 2229 545 2286 pareat,
557 2221 595 2269 vel
609 2222 677 2269 resis-
711 2222 766 2271 bere
783 2222 874 2280 malim,
885 2239 939 2287 que
957 2223 1053 2272 tandem
1068 2240 1173 2289 unquam
1184 2225 1270 2275 sicutte

117 2291 167 2332 tere
179 2285 678 2350 potest,eirespondercvelrssponsaredi·
712 2287 742 2334 ab
759 2286 853 2334 insania
866 2288 960 2360 poetica
975 2303 1013 2336 me
1024 2289 1083 2336 satis
1093 2305 1193 2353 purgare
1235 2299 1272 2339 te·

116 2346 198 2394 citur:
226 2349 267 2396 vid
283 2364 336 2413 sup.
351 2349 382 2397 ad
399 2350 451 2397 Sat.
463 2349 488 2404 ii,
508 2350 532 2404 7,
544 2351 591 2408 es,
624 2349 678 2398 Cic.
711 2353 785 2398 runtl
815 2353 919 2407 brenue,
942 2350 985 2400 sed
1005 2367 1060 2400 cum
1082 2369 1148 2401 nune
1170 2353 1201 2401 ba

119 2410 146 2458 in
159 2411 232 2460 Catil.
243 2413 269 2470 ii,
289 2414 327 2469 ll,
343 2414 397 2460 lam
411 2429 463 2461 'uere
475 2416 539 2460 urbes
548 2416 678 2474 provincio·
711 2422 827 2478 quantum
839 2430 899 2479 opus
909 2425 946 2464 est
961 2419 1033 2478 (seru
1043 2419 1102 2464 errr'm
1111 2433 1232 2479 superque,
1243 2429 1270 2467 ut

113 2491 169 2523 rum
179 2485 199 2524 et
209 2479 386 2538 marnicipierum
394 2479 558 2540 respondebunt
570 2477 678 2526 Cutiliae
710 2493 763 2542 sup.
777 2478 856 2544 Epod.
870 2483 892 2534 l,
905 2481 946 2534 et,
958 2481 1000 2536 ait,
1010 2483 1127 2529 ditaverat
1141 2496 1196 2530 eum
1206 2483 1270 2530 Me·

117 2542 371 2589 tumaliutloeetrtbus.
408 2541 483 2594 Unde.
496 2557 569 2606 equa
597 2540 677 2590 uidem
710 2543 803 2591 canatis
820 2545 973 2608 denigratae),
986 2544 1116 2592 nisivitsrn
1131 2545 1232 2594 otiosam
1246 2555 1271 2595 et

114 2603 211 2653 militia.
236 2607 309 2653 Simul
326 2610 435 2669 panum,
453 2605 562 2654 simulac.
604 2606 626 2653 le
639 2610 677 2654 di·
710 2607 809 2657 inertem
830 2622 928 2674 poeseos
950 2609 1030 2657 studio
1054 2610 1185 2674 praeferam,
1207 2627 1270 2660 nun·

115 2672 196 2717 mttere
205 2670 324 2731 Philippi:
343 2686 398 2719 cum
408 2671 521 2719 Horatius
532 2680 586 2735 pet
596 2670 678 2719 lunes-
727 2688 782 2720 uam
805 2672 837 2719 ab
859 2671 953 2721 insania
972 2674 1066 2739 poetica
1084 2674 1162 2722 curari
1211 2683 1270 2723 tero.

114 2740 164 2780 tam
180 2733 210 2781 ad
229 2734 311 2799 Philip
343 2750 475 2800 spugnem
491 2736 517 2782 iu
535 2734 606 2783 celeri
623 2735 680 2799 luge
771 2739 890 2785 -eicutm
915 2739 996 2786 Cicuta
1006 2737 1269 2788 estberbacauelaevi

115 2798 266 2861 quesivisset
283 2750 384 2847 saltitem
403 2802 470 2863 (sup.
487 2798 537 2847 Od.
554 2798 581 2854 ii,
600 2800 678 2856 7,10,
711 2809 736 2848 et
746 2800 811 2848 binis
826 2799 914 2848 cubitis
929 2817 1101 2913 nonnunqpam
1113 2801 1205 2859 altiore,
1217 2820 1269 2861 nos,

115 2862 200 2909 Tecum
218 2864 335 2925 Philippos
352 2873 375 2911 st
393 2866 486 2911 celerem
498 2864 586 2929 fingam
605 2864 678 2919 Sensi,
710 2864 850 2927 Schicrltng,
864 2864 903 2913 cui
914 2864 977 2913 inest
987 2866 1024 2914 vis
1056 2865 1135 2931 'gotia
1146 2868 1272 2929 quocalor

113 2928 198 2973 relicto
209 2944 254 2973 non
265 2928 458 2988 beneparmula),
467 2927 545 2991 lepide
554 2927 606 2991 jam
618 2928 677 2975 Phi·
710 2929 844 2993 sangarinis,
863 2929 888 2977 h.
903 2946 926 2977 e.
945 2938 1067 2993 poetarum
1084 2931 1168 2986 servor,
1188 2939 1269 2989 aestus,

114 2989 194 3055 lippos
204 3006 230 3038 se
240 2990 357 3039 dimisisse
368 2992 410 3040 ait.
708 2993 772 3041 furor
780 2992 940 3056 extinguitur;
952 2994 1008 3043 hine
1014 2994 1112 3042 Persius
1121 2996 1171 3042 Set.
1179 3012 1202 3051 v,
1212 2997 1268 3052 144,

148 3056 189 3103 50.
208 3054 295 3103 Derieis
317 3056 425 3103 humilem
445 3058 536 3117 pennis.
575 3054 625 3113 Qui
645 3071 675 3105 ex
710 3059 772 3112 Quid
790 3060 834 3105 tibi
847 3060 898 3105 vot
914 3060 989 3106 calido
1005 3061 1046 3106 sab
1063 3068 1152 3120 pectem
1167 3063 1268 3107 macuta

113 3116 169 3165 loco
186 3118 268 3167 altiore
286 3118 394 3193 dejectus
414 3128 451 3169 est
470 3119 493 3166 in
514 3120 675 3176 humiliorem,
708 3124 760 3170 uus
780 3121 851 3186 (bilis
869 3130 955 3178 tumor,
977 3122 1080 3179 insania,
1098 3124 1268 3188 μιλαγχολία)

113 3181 152 3230 vel
163 3198 193 3230 ex
203 3193 265 3231 sorte
277 3182 365 3232 laetiore
376 3184 501 3295 depressus
512 3194 549 3233 est
560 3183 590 3231 ad
602 3184 675 3233 tristi-
709 3185 913 3249 intermittamus
921 3203 967 3234 non
977 3190 1099 3235 extinxerit
1107 3204 1168 3234 urna
1179 3190 1268 3236 acore.

113 3261 188 3302 orem,
204 3246 235 3305 ei,
252 3248 392 3313 proverbiali
420 3248 539 3303 acutione,
553 3247 578 3295 in
590 3262 673 3296 verua·
708 3250 801 3306 clarata,
818 3249 918 3313 largiore
934 3250 1023 3301 haustu
1042 3260 1128 3306 sumta,
1143 3258 1180 3299 est
1196 3268 1268 3302 reue·

112 3310 169 3358 cula
188 3326 284 3375 quoque
302 3312 365 3423 apud
382 3328 425 3360 noe
440 3312 536 3368 usitata,
547 3328 625 3373 penne
637 3313 673 3362 vel
707 3330 773 3371 num,
784 3323 812 3363 ut
819 3315 925 3362 Socratis
934 3323 1010 3363 morte
1019 3315 1078 3363 satis
1087 3324 1191 3363 constat.
1222 3317 1266 3364 Er·

111 3376 299 3423 aledectsoeeere
327 3377 430 3426 icantur.
456 3376 672 3432 Humiliaaccom·
703 3378 929 3443 purgare,liberare
943 3378 1226 3444 caloracicuttet'rigore
1241 3381 1267 3429 in

112 3437 208 3487 modste
227 3439 257 3487 ad
275 3456 332 3496 rem,
348 3440 399 3515 qui,
410 3439 497 3489 decisis
515 3439 609 3505 pennis,
626 3457 674 3489 non
706 3442 927 3508 pectoreextincto.

112 3502 218 3568 amplius
228 3518 258 3551 ex
268 3504 340 3553 butue
354 3520 379 3552 nt
389 3504 464 3553 altum
476 3505 564 3559 volare,
578 3504 602 3551 h.
611 3521 633 3554 e.
644 3506 675 3554 ad
739 3510 771 3555 55
783 3522 837 3569 sqq.
855 3508 987 3571 Postquam
1002 3507 1116 3555 Horatius
1127 3508 1197 3557 Floro
1214 3524 1267 3565 suo,

113 3574 277 3631 paupertatem
295 3568 405 3618 redactus
419 3585 465 3617 non
481 3569 585 3634 amplius
596 3584 622 3617 se
633 3585 674 3619 ex·
707 3571 749 3634 qui
765 3571 853 3617 frustra
867 3569 946 3619 adhuc
957 3571 1269 3636 promissaabeocarmioa

112 3630 199 3679 tollere
208 3640 233 3679 et
243 3631 306 3681 laute
317 3633 395 3681 vivere
406 3642 490 3698 potest.
707 3642 881 3698 expectaverat,
892 3649 928 3690 se,
939 3650 995 3682 eum
1013 3634 1059 3683 sibi
1078 3652 1143 3684 nunc
1157 3652 1186 3683 su
1203 3645 1268 3701 petat

144 3697 187 3743 51.
201 3696 253 3743 Pau
304 3714 330 3745 ar
341 3699 428 3755 oudam
441 3712 556 3763 pauperes
566 3698 674 3746 enimad
707 3698 772 3746 unde
780 3698 853 3751 vivat,
863 3713 934 3746 omne
945 3699 1078 3747 carminum
1090 3654 1267 3749 scribendorum

110 3757 201 3807 tamem
210 3706 343 3824 pelldiidam
350 3761 673 3824 tentantaudeatqaeomnia.
706 3762 823 3826 abjecisse
838 3761 943 3810 studium
954 3762 1097 3825 significavit
1107 3766 1267 3829 (quamquam

111 3823 143 3871 ln
162 3822 223 3872 banc
240 3822 287 3874 sere
303 3826 445 3874 seutentiam
462 3824 559 3873 Persius
576 3826 601 3873 in
614 3828 672 3873 Pro·
706 3826 829 3880 Horatius,
852 3825 910 3873 dum
932 3840 958 3874 se
977 3827 1082 3874 carmina
1103 3828 1128 3875 in
1146 3836 1266 3893 posterum

111 3886 168 3951 logo
190 3904 214 3935 r.
234 3888 265 3936 87
283 3904 346 3953 sqq,
366 3890 424 3943 Quis
444 3892 557 3952 expedivit
575 3893 673 3951 psittaco
705 3891 808 3939 scribere
825 3889 886 3939 velle
909 3898 988 3964 negat,
1008 3892 1053 3939 boc
1075 3890 1152 3955 ipsum
1171 3906 1267 3939 cannen

109 3967 180 3999 soum
192 3953 279 4013 Χαῖρε,
295 3954 404 4017 Picusque
418 3957 495 4003 docuit
512 3956 580 4001 verta
595 3965 672 4003 nostro
705 3953 823 4020 scripsit),
835 3970 900 4003 nunc
919 3954 979 4002 altas
995 3955 1115 4002 subnectit
1130 3969 1223 4011 causas,
1235 3970 1266 4003 ex

110 4018 209 4063 amri?
241 4016 356 4081 Magister
372 4022 439 4075 ortis,
458 4020 581 4081 ingeritque
599 4020 672 4081 lorgi·
706 4019 795 4083 quibus
809 4018 887 4082 poesis
902 4017 967 4084 apud
983 4033 1010 4067 se
1026 4034 1090 4066 nunc
1101 4018 1200 4081 frigeat:
1218 4019 1265 4081 pri·

111 4088 157 4137 tor,
183 4080 275 4137 Venter,
298 4092 393 4145 negatas
413 4085 499 4148 artifex
520 4086 582 4144 sequi
604 4100 673 4131 voces.
706 4099 771 4131 mum
791 4082 897 4146 quidem,
918 4082 1056 4147 quodcum
1077 4090 1147 4130 aetate
1162 4091 1267 4131 mutetur

111 4143 227 4192 Ceterum
239 4145 354 4194 Horatius
363 4145 518 4211 paupertatis,
527 4162 576 4209 qua
584 4146 672 4195 adver·
707 4148 815 4206 animus;
833 4162 881 4195 non
898 4147 994 4212 placent
1006 4146 1071 4195 enim
1087 4153 1156 4195 etate
1167 4162 1265 4210 provee-

111 4222 153 4255 sus
172 4208 308 4257 scribendos
325 4226 351 4259 se
368 4209 479 4259 adactum
496 4224 548 4258 esse
566 4210 672 4270 simulat,
705 4212 773 4267 tiore,
791 4227 846 4275 que
886 4210 955 4260 uerili
977 4222 1001 4260 et
1018 4210 1120 4275 juvenili
1140 4211 1266 4274 placuere:

111 4272 258 4335 professione
273 4282 356 4338 poetas
369 4274 491 4323 temelicos
506 4282 587 4323 notare
598 4285 622 4325 et
632 4276 673 4324 de·
705 4274 801 4333 deinde,
813 4228 933 4342 quodpro
948 4275 1047 4325 diversis
1061 4274 1184 4322 bominum
1197 4275 1265 4339 inge-

111 4335 188 4385 ridere
200 4336 304 4386 voluisse
315 4338 415 4387 videtur.
707 4339 754 4388 niis
762 4354 812 4388 non
820 4340 906 4404 cuique
915 4340 1041 4405 probentur
1051 4346 1173 4405 poetarum
1180 4338 1268 4389 diversi

144 4402 251 4449 52-54.
263 4402 316 4459 Sed,
324 4404 383 4466 qaod
392 4419 438 4449 aon
448 4404 515 4457 desit,
523 4409 580 4451 cett.
602 4403 675 4451 Hunc
707 4405 801 4467 generis
812 4405 933 4464 earmina,
951 4405 1013 4453 alius
1023 4406 1077 4459 hoe,
1085 4402 1149 4451 alius
1158 4404 1202 4451 illo
1213 4418 1265 4452 ear·

110 4464 202 4521 locum,
212 4465 255 4530 qui
264 4465 344 4530 plures
354 4466 492 4531 interpretes
503 4466 588 4517 misere
599 4467 675 4523 torsit,
707 4469 798 4517 minum
812 4484 898 4532 genere
907 4468 1054 4518 delectatur:
1072 4476 1133 4524 tum,
1145 4469 1208 4534 quod
1219 4468 1266 4517 eibi

110 4529 145 4577 ita
157 4528 313 4589 interpretor:
331 4530 379 4580 Sed
390 4546 454 4580 nunc
466 4544 504 4578 me
517 4532 675 4596 possidentem
707 4532 732 4581 in
752 4534 811 4582 urbe
830 4533 918 4583 viventi
935 4541 971 4582 tot
987 4550 1051 4583 cura
1069 4540 1095 4582 et
1111 4534 1207 4598 negotia
1225 4548 1267 4598 per
