3150 5200
281 307 345 374 466
670 306 1068 375 EPISTOLARUM

370 459 499 524 Cestius
516 459 655 543 accipiet
671 460 834 536 domnum,
849 459 1028 542 propiusve
1042 456 1204 534 medullis,

370 562 478 635 Quam
494 562 550 645 qui
565 583 631 625 non
643 561 763 645 poterit
778 582 856 624 vero
870 561 1073 645 distinguere
1086 558 1213 625 falsum.

303 663 346 726 30
369 663 476 736 Quem
491 685 543 726 res
559 663 632 746 plus
648 663 745 726 nimio
760 661 963 726 delectavere
978 661 1143 738 secundm,

369 763 510 828 Mutatae
525 765 689 848 quatient:
714 765 741 826 si
756 763 837 845 quid
851 764 1022 840 mirabere,
1038 785 1142 846 pones

369 865 512 929 Invitus:
535 864 613 949 fuge
628 887 765 950 magna:
787 865 866 930 licet
876 867 943 938 ,sub
957 885 1102 949 paupere
1118 874 1206 930 tecto

370 965 481 1052 Reges
497 977 531 1032 et
545 989 659 1052 regum
673 968 739 1030 vita
754 987 954 1052 praecurrere
969 967 1101 1029 amicos.

372 1068 498 1132 Cervus
513 1090 632 1152 equum
647 1091 757 1153 pugna
773 1067 886 1131 melior
900 1068 1125 1132 communibus
1139 1067 1251 1132 herbis

303 1171 346 1234 35
369 1168 529 1246 Pellebat,
547 1170 650 1234 donec
666 1171 769 1234 minor
784 1170 819 1232 in
833 1169 1007 1233 certamine
1023 1168 1121 1254 longo

367 1271 555 1354 Imploravit
571 1293 650 1355 opes
665 1271 815 1347 hominis,
832 1269 1023 1353 frenumque
1037 1272 1179 1355 recepit:

368 1371 437 1436 Sed
452 1382 625 1456 postquam
639 1374 742 1437 victor
756 1371 880 1436 violens
895 1373 1047 1436 discessit
1060 1373 1103 1436 ab
1118 1372 1226 1448 hoste,

367 1472 448 1537 Non
462 1475 604 1559 equitem
618 1475 728 1550 dorso,
744 1496 810 1538 non
824 1473 951 1536 frenum
965 1473 1092 1556 depulit
1105 1495 1173 1538 ore.

372 1574 426 1639 Sic
441 1576 509 1658 qui,
525 1575 713 1660 pauperiem
728 1575 861 1651 veritus,
877 1575 1003 1657 potiore
1018 1572 1155 1638 metallis

303 1675 346 1739 40
370 1676 539 1740 Libertate
555 1685 655 1752 caret,
670 1675 836 1738 dominum
851 1675 949 1740 vehet
964 1676 1142 1759 improbus,
1159 1685 1256 1759 atque

369 1777 497 1842 Serviet
512 1787 680 1853 aeternum,
696 1777 773 1861 quie
786 1799 888 1860 parvo
904 1777 1027 1840 nesciet
1041 1779 1100 1840 uti.

369 1878 433 1942 Cui
447 1901 513 1942 non
527 1879 697 1944 conveniet
712 1899 771 1942 sua
785 1900 850 1955 res,
866 1888 904 1941 ut
918 1878 1046 1944 calceus
1061 1879 1147 1956 olim,

370 1979 406 2042 Si
421 1981 506 2062 pede
521 1981 623 2063 major
638 1981 710 2056 erit,
728 1981 914 2058 subvertet;
938 1981 966 2043 si
980 1981 1094 2057 minor,
1110 1992 1194 2045 uret.

280 2166 323 2215 des
333 2165 455 2214 marmorei
465 2181 519 2230 sup.
532 2167 583 2214 Set.
594 2164 620 2223 ii,
632 2167 657 2222 t,
669 2165 701 2214 33
717 2165 841 2232 appellan-
875 2172 952 2214 totum
969 2166 1075 2216 animuin
1093 2176 1160 2215 tuum
1250 2168 1277 2222 't‚
1296 2182 1345 2215 non
1363 2165 1433 2216 facile

283 2233 402 2279 turoarir'.
875 2230 907 2277 ab
920 2245 949 2279 eo
959 2229 1057 2279 dissolvi
1074 2231 1174 2295 poteris:
1215 2231 1432 2295 oneedlffislleest

314 2295 357 2342 24.
374 2295 422 2344 Per
445 2303 556 2342 naturam
578 2292 687 2355 intelligo
709 2307 808 2342 sensum
829 2308 844 2340 s
875 2311 924 2356 que
932 2296 1041 2356 placuere
1052 2298 1105 2352 diu,
1116 2303 1144 2343 ut
1153 2295 1219 2344 canit
1235 2303 1306 2360 poete
1322 2296 1432 2344 suavissi-

283 2366 369 2406 nutum
390 2357 460 2406 nobis
482 2357 589 2414 insitum,
612 2363 637 2406 et
659 2372 723 2405 nunc
746 2356 844 2420 quidem
876 2373 931 2408 mus
942 2356 1065 2407 Loticbius
1076 2359 1093 2417 i,
1104 2362 1130 2416 2,
1142 2360 1184 2409 64.
1202 2358 1277 2408 Hinc.
1288 2375 1342 2424 sup.
1355 2360 1432 2424 Epist.

284 2436 339 2472 eum
357 2422 400 2484 qui
415 2421 522 2470 animum
539 2421 594 2470 vite
607 2419 702 2470 rustice
714 2419 841 2470 dulcedine
872 2420 889 2478 i,
903 2423 927 2479 6,
941 2424 964 2476 l,
978 2422 1022 2470 Nt'l
1030 2425 1152 2480 admirari,
1163 2424 1204 2472 ubi
1216 2423 1264 2471 rid.
1275 2432 1325 2471 not.

285 2483 414 2548 perfundit.
448 2485 527 2533 Ferro
545 2486 663 2547 erpellere,
681 2484 769 2533 locutio
786 2500 840 2549 pro·
905 2486 946 2534 33.
964 2486 1046 2550 Reges,
1061 2488 1212 2560 potentiores,
1229 2487 1334 2536 ditiores.
1370 2487 1431 2543 Vita,

284 2547 395 2596 verbialis
406 2548 436 2598 de
446 2549 517 2596 rebus
533 2565 593 2614 quas
604 2549 654 2596 via
669 2549 738 2598 nobis
754 2549 839 2599 averti·
871 2549 991 2615 sapienter
1018 2549 1112 2600 scilrcet
1138 2551 1265 2601 instituta:
1292 2568 1434 2615 precurrere

283 2626 337 2660 mus
354 2622 379 2660 et
397 2612 515 2678 pellimus.
549 2614 627 2661 Fures
643 2622 679 2661 est
697 2612 840 2663 instrumen·
873 2614 1030 2678 (παρελθεῖν,
1058 2615 1255 2681 παραδραμεῖν),
1286 2626 1431 2681 prevertere.

283 2682 335 2723 tum
354 2676 479 2731 rusticum,
497 2692 544 2740 quo
563 2684 692 2725 stramenta
709 2685 734 2726 et
750 2676 797 2725 olla
811 2693 841 2725 ex
874 2694 903 2727 su
935 2694 995 2727 mre.

285 2753 334 2787 uno
346 2738 399 2789 loco
411 2738 435 2789 in
447 2738 521 2787 olium
533 2740 712 2805 protruduntur.
904 2694 1012 2792 lli—38.
1029 2744 1092 2794 Cum
1104 2743 1217 2793 Himetei
1228 2744 1268 2792 vel
1281 2745 1435 2801 Himesenses

316 2804 359 2851 25.
376 2804 407 2851 Et
419 2804 480 2851 nerlu
498 2814 639 2866 perrumpet.
655 2812 711 2851 cett.
724 2814 749 2853 et
759 2814 844 2854 nature
875 2805 1007 2863 Phalaridi,
1025 2808 1236 2871 Agrigentinorum
1252 2809 1279 2855 in
1295 2808 1379 2857 Sicilia
1395 2819 1433 2875 ty·

285 2864 370 2914 victrix
389 2876 482 2932 rumpet
499 2884 541 2941 per
560 2869 621 2915 mulo
634 2869 754 2931 justicia,
775 2869 800 2916 h.
820 2884 843 2917 e.
875 2885 958 2927 muno,
976 2886 1046 2933 quem
1062 2872 1088 2921 in
1105 2871 1221 2920 rusilium
1239 2882 1350 2921 vocatum
1367 2889 1432 2923 sum·

285 2930 349 2978 mela
365 2930 411 2980 ista
427 2930 522 2980 fastidia
539 2931 660 2986 ditiorum,
677 2930 718 2997 qui
729 2948 743 2981 a
754 2942 845 2983 nature
876 2950 942 2983 mum
962 2933 1048 2983 ducem
1070 2935 1223 3001 prefecerant
1243 2952 1288 2984 suo
1309 2938 1434 2994 exercitui,

284 2995 424 3069 muneribus
445 2996 470 3044 in
490 2996 553 3060 agris
573 2996 707 3056 abhorrent,
730 2996 846 3047 extundet
873 2998 1130 3073 custodiam-corporis
1145 3016 1179 3064 qu
1210 2998 1432 3051 uedsreconstitn-

284 3061 502 3183 allllljlillelllon,
520 3127 569 3187 qui,
586 3132 643 3173 cett.
677 3126 782 3198 Sensus:
800 3122 843 3197 qui
873 3063 1193 3184 illegislliiirceidiriiiudie
1201 3064 1435 3194 impiullilid'itllzitld

285 3185 446 3261 adulterinum
453 3204 561 3253 purpure
570 3188 680 3261 cqlorem,
689 3188 755 3252 quali
764 3188 843 3299 Aqui·
875 3206 900 3239 se
911 3190 1030 3240 maderent
1040 3191 1176 3257 potentiori,
1186 3192 1270 3240 subula
1279 3193 1309 3241 de
1323 3208 1393 3242 cerro
1407 3204 1435 3243 ot

285 3259 352 3299 nates
368 3250 420 3300 decr
453 3268 477 3301 re
495 3252 572 3300 solent
588 3260 717 3315 imponitis,
730 3267 777 3300 non
811 3266 843 3298 ss·
874 3270 946 3318 equo,
961 3270 1036 3328 quem
1050 3256 1089 3304 bic
1108 3265 1188 3304 narrat
1207 3256 1330 3315 Horatius,
1345 3274 1432 3307 monu-

284 3328 379 3363 oernere
395 3314 420 3362 di
439 3316 480 3363 'cit
495 3314 659 3364 contendendo
673 3330 727 3363 eum
738 3316 844 3379 genuino
876 3317 1028 3368 issedicrtur.
1065 3319 1434 3386 Eodemrsditlabulndel'quo

284 3391 395 3441 purpure
413 3377 501 3437 colore,
519 3378 540 3427 is
557 3378 621 3427 baud
634 3378 745 3428 certiores
755 3389 778 3427 et
790 3394 843 3443 gro·
875 3393 897 3431 et
906 3384 970 3445 Apro
979 3384 1045 3449 apud
1053 3384 1149 3433 Pheds.
1158 3384 1191 3440 is,
1201 3387 1225 3432 4.
1247 3385 1333 3434 Melior
1342 3387 1434 3450 (speb-

284 3437 360 3488 viores
376 3442 459 3490 erroris
478 3451 503 3490 et
521 3442 553 3489 im
572 3441 645 3491 eritie
663 3458 749 3507 poenos
765 3443 841 3501 dabit,
873 3447 947 3506 rur),
959 3448 1080 3513 superior,
1091 3452 1166 3497 missor
1177 3449 1296 3513 (ἥττων),
1306 3448 1410 3499 inferior.

285 3518 358 3567 quam
376 3503 417 3555 ille
432 3505 535 3579 quinon
553 3458 639 3555 lilium
655 3522 670 3555 a
685 3522 739 3555 vero
756 3506 840 3556 distin·
906 3511 947 3558 37.
967 3512 1063 3569 Violers,
1075 3512 1178 3561 hominis
1192 3528 1238 3578 ope
1250 3514 1330 3563 taetus
1340 3514 1433 3564 violen-

285 3582 355 3630 guere
376 3576 471 3633 potent.
518 3568 607 3627 Vellere
630 3575 735 3633 potantia
753 3571 842 3645 furum
873 3574 928 3631 tior,
941 3575 1049 3625 lemcior.

285 3633 431 3706 Aquiuqtsm,
443 3634 468 3707 b..
480 3650 501 3683 e.
513 3635 576 3729 apud
587 3634 721 3699 Aquinates
738 3635 843 3697 (incolas
907 3639 948 3687 38.
965 3640 1149 3700 Non-depulit,
1158 3656 1206 3689 non
1217 3641 1335 3705 depellere
1345 3641 1433 3706 pouit,

284 3695 386 3759 Aquini,
409 3697 490 3762 opidi
512 3699 677 3762 lolscorum,)
700 3698 755 3748 luco
774 3698 842 3763 (vide
874 3702 1174 3768 sedebeoindetempore
1183 3705 1288 3769 equitem
1299 3704 1367 3754 dorso
1376 3720 1432 3770 por-

285 3712 578 3835 repromittimus)
591 3763 673 3812 tinem.
703 3764 843 3811 contendere
875 3768 1114 3817 tarcetlrenumore
1122 3769 1228 3818 mordere
1238 3778 1389 3818 conctusest.

286 3824 380 3873 Sidonio
401 3836 468 3883 ostro,
487 3842 623 3901 comparare
644 3842 699 3875 cum
721 3830 843 3876 velleribus
906 3831 1012 3879 39-41,
1029 3835 1132 3882 Sensus:
1152 3832 1198 3888 sie,
1234 3834 1267 3891 ui,
1282 3848 1329 3881 non
1347 3833 1434 3899 peusis

286 3888 352 3952 (utl
385 3888 449 3937 uitur
461 3890 575 3939 Horatius
592 3890 636 3939 inl.
649 3890 728 3955 Epist.
742 3894 780 3947 12,
797 3892 843 3954 20)
875 3903 1009 3951 contentus,
1027 3896 1162 3945 divitiarum
1180 3898 1218 3946 col
1284 3896 1366 3947 damin
1385 3913 1431 3946 cu-

285 3952 343 4003 lone
353 3904 441 4016 illyriis
457 3958 581 4003 muricibus
598 3957 695 4003 iterate.
730 3957 844 4014 Callidus,
875 3958 970 4023 piditsti
991 3976 1039 4009 rem
1068 3961 1270 4025 pretiosissimam,
1288 3957 1439 4021 tremum(

285 4014 346 4065 bone
361 4016 465 4082 alicujus
480 4018 513 4069 rei
525 4020 613 4084 peritus
621 4038 629 4080 ;
645 4017 680 4067 sic
691 4034 743 4083 sup.
755 4020 807 4069 Sat.
817 4018 844 4076 ii,
875 4024 1004 4087 postponit,
1026 4024 1133 4089 pecunie
1153 4026 1286 4137 experietur
1307 4025 1430 4090 imperium

1202 4109 1216 4137 lt

285 4079 309 4137 7,
324 4081 480 4137 llil,sulrtllir
494 4093 515 4131 st
532 4086 631 4133 callidus
637 4086 727 4145 juder:
745 4084 777 4133 cl.
790 4086 842 4132 Sat.
874 4095 1035 4152 eternumque
1054 4090 1147 4138 serviet.
1218 4106 1319 4152 uper-urs
1335 4094 1430 4147 ueritus,

284 4141 309 4201 ii,
330 4145 354 4217 3,
374 4146 414 4193 23.
456 4146 581 4209 Propiurne
603 4148 717 4204 medullis,
737 4155 762 4196 et
778 4147 843 4212 quod
873 4166 968 4198 avarus.
1001 4153 1114 4209 Metellis,
1126 4169 1182 4202 cum
1192 4162 1313 4202 contemtu
1323 4170 1373 4219 pro,
1384 4169 1429 4218 pe·

285 4208 389 4271 petrinus
399 4209 509 4259 sentitur.
874 4215 954 4270 cunia,
971 4223 1000 4262 ut
1016 4232 1071 4281 sup.
1085 4218 1133 4266 Od.
1146 4218 1172 4273 ii,
1184 4219 1209 4273 2,
1226 4218 1250 4274 3,
1269 4221 1369 4265 lumina·
1390 4222 1428 4265 r'r·

317 4272 357 4320 31.
375 4272 483 4328 Mutare,
502 4290 536 4323 sc.
554 4274 579 4321 in
596 4274 714 4331 adversas,
731 4290 782 4339 pro,
799 4276 841 4323 od·
873 4280 938 4327 imire
959 4281 1039 4328 luentia
1063 4281 1141 4343 Crispe
1162 4284 1268 4330 Sallusti.
1306 4282 1431 4329 Demittunt

284 4351 357 4384 verere
388 4341 500 4399 quatient,
528 4338 674 4396 concutient,
702 4338 839 4401 gravissime
869 4345 942 4398 velet,
965 4345 1142 4394 accommodate
1160 4345 1190 4393 ad
1210 4346 1330 4394 fabulam:
1355 4360 1428 4410 pecu·

284 4399 402 4448 afficient:
420 4412 493 4449 mente
510 4406 584 4464 quati,
600 4418 654 4513 sup.
667 4402 713 4451 Od.
730 4402 764 4475 iii,
776 4405 801 4459 3,
814 4407 839 4452 4.
871 4406 944 4464 niam,
973 4408 1035 4458 sicut
1111 4426 1139 4458 us
1166 4409 1280 4473 equitem,
1307 4409 1429 4457 dominum

283 4462 382 4525 Siquid
399 4467 518 4519 mirabere,
536 4482 602 4527 pones
637 4470 722 4521 uultur,
743 4468 839 4531 siquid
871 4485 940 4518 suum
960 4426 1114 4535 portandi.
1125 4489 1147 4521 e.
1159 4472 1285 4538 pecuniam
1296 4474 1342 4522 sibi
1353 4473 1427 4537 impe·
