3150 5200
274 335 339 398 284
732 335 957 402 EPODON

444 487 528 551 Tuis
543 487 679 572 capillus
695 487 788 552 albus
804 499 855 552 est
868 488 1037 562 odoribus,

444 588 580 652 Nullum
594 612 615 652 a
629 589 740 654 labore
755 612 806 654 me
821 590 957 654 reclinat
970 589 1082 654 otium.

378 689 421 752 ,⁶25
444 689 551 774 Urget
567 690 651 754 diem
666 713 743 766 nox,
759 701 794 754 et
809 690 879 754 dies
894 699 1033 765 noctem,
1049 711 1156 773 neque
1170 699 1221 754 est

445 789 571 855 Levare
586 802 677 855 tenta
692 792 810 874 spiritu
824 790 1015 875 praecordia.

443 892 547 980 Epgo,
564 904 727 978 negaturo,
744 893 866 972 vincor,
882 903 919 956 ut
933 892 1065 957 credam
1079 891 1188 970 miser,

443 994 575 1059 Sabella
588 1005 704 1079 pectus
719 994 889 1077 increpare
904 995 1057 1071 carmina,

442 1095 615 1180 Caputque
631 1095 744 1158 Marsa
759 1093 899 1159 dissilire
914 1095 1030 1158 naenia.

378 1197 422 1260 30
443 1197 535 1271 Quid
549 1196 686 1281 amplius
699 1197 770 1259 visi
794 1195 827 1258 Ο
842 1217 930 1260 mare
945 1206 979 1259 et
994 1197 1098 1260 terra!
1122 1196 1234 1273 ardeo,

444 1297 613 1372 Quantum
626 1318 733 1381 neque
748 1306 819 1359 atro
835 1296 999 1360 delibutus
1014 1295 1176 1360 Hercules

443 1399 545 1462 Nessi
560 1420 686 1474 cruore,
703 1419 762 1461 nec
778 1397 897 1462 Sicana
911 1396 1037 1462 fervide

442 1498 569 1564 Furens
584 1501 618 1562 in
632 1499 738 1563 AEtna
752 1497 890 1562 flamma.
936 1499 1003 1576 Tu,
1020 1501 1125 1565 donec
1139 1500 1220 1564 cinis

443 1600 613 1685 injuriosis
628 1600 740 1663 aridus
755 1600 859 1663 ventis
875 1598 973 1677 ferar,

378 1703 421 1766 35
443 1701 540 1766 Cales
555 1702 686 1766 venenis
702 1700 831 1766 officina
847 1699 1021 1766 Colchicis.

444 1802 531 1876 Quae
545 1801 641 1866 finiat
664 1812 722 1865 aut
737 1801 826 1884 quod
841 1823 892 1865 me
907 1813 1015 1868 manet
1030 1802 1251 1887 stipendiumi

271 1938 363 2004 ligabat
378 1945 403 1987 et
415 1935 543 1992 vinciebat,
560 1934 594 1984 ita
610 1935 673 1984 idem
687 1943 749 1985 retro
761 1942 829 1983 scus
859 1934 983 1985 κῦνεσσιν.
1022 1936 1176 1994 Homicidass,
1193 1934 1356 2000 ἀνδροφόνον,
1373 1933 1419 1983 ior-

271 1999 640 2115 tt.ltt¹2t⁵tttt8⁰¹”t
650 1998 830 2112 iltuit:
859 1999 988 2123 ituit·
1005 2001 1419 2128 .i,⁰“t'‘“t0“itbttti;“tt

572 2099 578 2110 ·
972 2100 978 2110 ·
1053 2098 1060 2111 ·
1093 2098 1100 2120 s
1158 2099 1165 2120 s
1219 2099 1226 2118 s

273 2131 371 2179 rhombo
388 2127 481 2192 magico
496 2128 545 2177 vid.
562 2142 622 2191 quos
633 2125 716 2175 laudat
727 2126 828 2175 Mitsch.
860 2128 949 2184 relicto,
967 2135 996 2176 ut
1011 2143 1052 2176 cor
1069 2143 1098 2175 us
1113 2127 1225 2176 Hectoris
1234 2125 1368 2182 redimeret,
1378 2141 1419 2190 per

273 2194 337 2243 Hinc
349 2203 411 2242 retro
422 2209 512 2241 carmen
525 2190 733 2255 agersdixitVel.
746 2191 828 2240 Flscc.
860 2190 1009 2240 Mercurium
1075 2191 1197 2240 Achillem
1218 2190 1306 2239 ductus
1321 2188 1418 2239 dicitnr.

271 2258 289 2313 i,
301 2259 347 2306 781
362 2273 416 2322 sqq.
418 2261 472 2319 jum
473 2259 527 2332 jam
535 2255 647 2303 cumobilc
657 2264 717 2330 retro
731 2255 828 2330 Carmep
861 2253 1005 2335 Pcpvicacis:
1021 2270 1076 2321 sup.
1088 2255 1105 2311 i,
1118 2256 1143 2311 6,
1152 2257 1177 2310 6,
1191 2255 1278 2332 Pelidae
1287 2257 1366 2302 cesos
1377 2269 1417 2326 ’¹⁸5

270 2319 828 2445 :tutudistiititttttlt
859 2317 1357 2437 iiiui‘i‘iii‘il‘iiii'lliiillitiiffl
1371 2396 1417 2438 ει,

273 2463 328 2496 vera
338 2456 376 2496 est
392 2445 471 2502 lectio,
482 2461 555 2509 quam
566 2461 607 2509 pro
627 2444 715 2508 inepta,
732 2456 828 2501 cunno,
862 2444 950 2519 Ulpsse
960 2445 1111 2510 deprecante,
1124 2447 1235 2494 humane
1250 2445 1332 2493 iormse
1348 2445 1416 2494 resti·

272 2511 330 2558 mire
342 2509 471 2573 sagacitate
485 2509 617 2573 nuperrime
631 2508 719 2556 Flacco
729 2509 832 2556 restituit
862 2516 928 2567 tutis,
941 2509 989 2557 vid.
1004 2511 1102 2561 Homer.
1115 2510 1203 2574 Odyss.
1216 2527 1240 2557 r.
1262 2510 1339 2557 Setoss
1349 2525 1418 2557 m-

273 2573 386 2623 Amiciss.
408 2571 521 2637 Jacobs.)
542 2574 612 2635 primi
638 2582 701 2621 stom
715 2571 831 2637 saucibus
862 2573 903 2620 bro
925 2576 993 2623 duris
1013 2576 1120 2637 pellium,
1143 2583 1273 2623 setosorum
1294 2588 1417 2638 porcorum

273 2640 338 2687 Orci.
863 2635 971 2685 formam.
1007 2639 1134 2696 Laboriosi,
1153 2638 1235 2687 multis
1254 2636 1376 2686 laboribus
1394 2646 1420 2687 et

302 2704 393 2751 8—18.
418 2701 491 2749 Movit
513 2708 622 2761 uspotsm,
644 2707 700 2748 cett.
741 2701 830 2749 Fscete
860 2702 972 2749 aerumnis
988 2702 1125 2751 exercitati:
1148 2702 1182 2750 ci.
1210 2703 1292 2751 Carm·
1309 2700 1418 2751 anteced

270 2766 333 2815 ludit
350 2764 485 2820 Canidiam,
504 2762 561 2811 durn
578 2778 639 2820 eam,
659 2772 687 2811 ut
704 2763 828 2813 mulierem
860 2780 884 2811 v.
896 2766 939 2813 62.
972 2766 1086 2814 Similiter
1103 2766 1203 2830 Ulysses
1218 2766 1262 2813 ini.
1274 2764 1352 2830 Epist.
1363 2766 1381 2822 i,
1392 2766 1417 2819 7,

270 2829 464 2895 abjectissimam,
475 2842 529 2875 cum
545 2826 711 2875 illustrissimis
722 2827 827 2893 antiqui·
861 2829 901 2883 40,
912 2834 1120 2890 paticusvocatur.
1145 2830 1220 2878 Notus
1229 2829 1419 2892 hcum,pristina

271 2894 327 2942 tatis
346 2894 456 2943 heroibus
475 2890 603 2956 componit.
647 2892 766 2953 Telephus,
786 2908 828 2941 rer
860 2892 971 2940 humanae
982 2893 1063 2942 iorrnsa
1073 2892 1226 2959 pulchritudo
1236 2901 1261 2942 ct
1270 2892 1384 2956 dignitus.

270 2958 404 3023 Mysorum,
422 2973 477 3005 cum
494 2964 578 3004 contra
594 2955 710 3011 Achivos,
730 2954 761 3003 ad
774 2956 828 3020 ejus
893 2958 998 3005 19-26.
1016 2958 1078 3005 Dedi
1096 2960 1152 3005 satis
1168 2974 1281 3019 aspersus
1299 2974 1420 3017 ponamus

269 3037 323 3070 oras
335 3023 457 3089 appulsos,
469 3018 599 3069 exercitum
610 3018 727 3077 duxisset,
739 3028 763 3068 et
772 3019 828 3067 vul·
859 3022 917 3067 tibi:
927 3018 1040 3093 intelligit
1047 3020 1168 3069 cruciatus
1176 3036 1221 3094 per
1232 3019 1418 3070 Csnidisssene-

269 3095 366 3135 neratus
378 3087 408 3135 ab
420 3085 517 3134 Achille
529 3093 554 3133 et
561 3083 669 3149 ejusdem
679 3098 737 3131 cura
748 3099 763 3131 a
775 3083 827 3131 vul·
859 3082 915 3131 licia
925 3084 971 3131 sibi
982 3085 1092 3148 injectos,
1103 3099 1165 3148 quos
1176 3099 1228 3149 rpse
1237 3084 1318 3132 statim
1328 3084 1418 3133 descri-

269 3165 325 3201 bere
342 3160 441 3199 sanatus
462 3164 515 3197 esse
536 3147 636 3196 dicitur:
662 3146 711 3195 vid.
737 3148 760 3194 li
796 3148 828 3196 ἠ.
861 3147 905 3195 bit.
934 3149 1418 3197 Amasssaustsmutsossettussisortoas:

270 3214 328 3264 Fab.
339 3214 371 3263 ci.
390 3214 454 3262 Hinc
466 3211 539 3260 Ovid.
551 3209 624 3258 Trist.
636 3227 658 3268 v,
671 3212 696 3265 2,
710 3212 749 3266 15,
782 3213 827 3257 ets·
860 3210 948 3259 iecerat
969 3210 1041 3274 igitur
1062 3210 1120 3260 olim
1142 3210 1244 3261 cnidio
1266 3210 1354 3275 cuique

267 3279 327 3338 phus
335 3289 420 3325 aeterua
432 3284 561 3324 consumtus
571 3277 621 3321 tabe
630 3278 733 3335 perisset,
746 3273 771 3320 Si
782 3292 828 3322 noo
859 3272 968 3323 mercede
980 3275 1018 3322 sui
1028 3274 1135 3339 copiam:
1153 3290 1182 3322 su
1201 3308 1208 3322 .
1220 3274 1255 3330 iii,
1274 3276 1299 3330 6,
1318 3276 1360 3329 80,

268 3337 827 3463 tuttiitttttttttiissttt.
859 3338 1417 3463 immittitffittttt

269 3439 382 3520 leatus,
393 3464 485 3519 Thetis,
498 3462 572 3511 Nerei
586 3462 636 3509 sua
647 3462 699 3511 ιιι.
737 3464 827 3512 urm
859 3474 903 3520 su,
923 3472 980 3513 eeu.
997 3465 1080 3514 uase
1099 3466 1204 3528 ungros
1218 3464 1328 3513 euius
1343 3473 1418 3514 arum

268 3538 352 3576 matres
369 3530 496 3583 addictum,
513 3535 569 3574 cett.
586 3525 704 3581 Achilles,
720 3528 829 3590 quamvis
860 3527 986 3591 magicam,
1010 3528 1069 3577 dum
1089 3528 1143 3592 ejus
1161 3528 1186 3576 vi
1208 3544 1234 3575 se
1251 3543 1317 3577 nunc
1333 3526 1418 3579 misere

270 3592 381 3640 Hectoris
392 3606 477 3655 corpus
489 3590 587 3638 alitibus
602 3597 626 3638 et
641 3590 740 3638 canibus
756 3590 829 3639 desti·
862 3592 975 3639 macerari
987 3599 1011 3640 et
1022 3592 1188 3641 contabescere
1200 3590 1277 3655 fingit.
1302 3592 1417 3640 Verecun-

270 3663 375 3709 naverat,
389 3663 476 3710 tamen,
489 3653 589 3702 utillud
604 3654 766 3718 sepeliendum
778 3655 828 3703 suis
860 3657 904 3703 dus
913 3656 983 3711 color,
995 3656 1074 3710 rubor,
1085 3655 1150 3704 color
1160 3654 1325 3705 verecundie:
1344 3656 1419 3705 Osid.

269 3717 384 3773 redderet,
403 3718 493 3767 Priami
508 3718 616 3783 precibus
635 3717 754 3767 adductus
773 3717 828 3767 init.
860 3720 923 3767 Met.
933 3718 950 3775 i,
960 3721 1016 3775 484,
1027 3720 1262 3768 Pulchraoessooudo
1269 3718 1419 3784 suffunditur

273 3782 362 3830 Ussece
376 3792 459 3830 matres
474 3782 541 3839 Itis,-
558 3782 730 3846 corporaenim
742 3783 828 3847 sepeli·
861 3800 902 3829 oro
918 3785 1009 3830 rubore.
1049 3784 1152 3845 Reliquit
1173 3800 1229 3839 ossa,
1250 3784 1311 3843 pelle
1331 3786 1419 3831 amicto

269 3846 340 3902 enda,
353 3854 381 3894 ut
392 3845 450 3893 satis
462 3854 552 3901 notum,
565 3844 679 3893 iscariot
693 3846 751 3907 uugi
766 3847 828 3895 sole·
862 3847 950 3901 lurido,
967 3845 1065 3909 pulchre
1082 3862 1125 3911 pro
1139 3846 1240 3911 vulgari,
1258 3854 1365 3894 mumtus
1380 3855 1420 3896 est

269 3912 336 3960 bant.
378 3910 519 3973 virumn.
533 3909 564 3964 vi,
580 3910 628 3957 218
642 3909 672 3957 de
689 3909 826 3973 sepeliendo
858 3909 883 3957 in
895 3909 1007 3957 luridum.
1043 3910 1099 3957 Tuis
1110 3912 1209 3972 capillus
1220 3913 1287 3958 otius
1295 3919 1328 3957 est
1338 3913 1416 3958 odori·

269 3976 375 4029 Miseno,
394 3974 453 4021 Pars
470 3975 554 4021 calidos
570 3974 648 4021 latices
662 3982 684 4021 et
705 3990 763 4020 usna
779 3991 825 4021 uu·
858 3976 907 4029 bus,
928 3973 976 4021 tuis
992 3973 1195 4022 incantationibus
1211 3988 1337 4023 mnesoere
1356 3972 1417 4021 inci-

268 4041 351 4088 duutio
362 4040 466 4102 flammis
486 4038 627 4098 Expediuut,
647 4053 769 4099 corpusque
790 4039 825 4085 ln-
858 4036 915 4101 pio;
932 4052 974 4101 per
988 4040 1065 4086 odora
1080 4036 1187 4101 intellige
1203 4038 1288 4085 herbas
1301 4035 1417 4100 magicas,

267 4102 474 4176 osntsrigcutiset
485 4111 577 4163 ungunt
585 4118 593 4158 ς
610 4100 653 4147 uhi
664 4099 825 4165 copiosissime
856 4098 981 4165 φάρμακα.
1021 4102 1168 4165 comparant
1189 4100 1310 4150 Theocrit.
1329 4100 1356 4155 ii,
1375 4102 1417 4156 88,

269 4167 299 4215 de
307 4166 352 4214 hoc
361 4175 407 4214 ritu
416 4164 466 4229 egit
474 4165 561 4213 Cerda.
579 4165 698 4212 Hectorem
706 4166 826 4213 addictum
856 4162 899 4229 qui
914 4181 963 4229 pre
980 4180 1059 4212 amore
1076 4164 1220 4213 tabescentis
1236 4164 1365 4227 imaginem
1374 4164 1417 4212 ad·

261 4233 325 4297 sctis
354 4232 455 4278 stlitibus
482 4238 550 4290 utque
572 4231 682 4284 sonibus,
715 4228 826 4277 Achilles
857 4229 952 4276 umbrat
967 4227 1011 4284 sic,
1046 4228 1097 4278 Καί
1114 4246 1160 4290 μευ
1179 4226 1246 4308 xpdc
1266 4230 1313 4291 μὲν
1337 4226 1343 4244 “
1378 4230 1390 4241 ”

267 4294 340 4349 enirn,
352 4310 378 4343 se
387 4309 473 4359 corpus
484 4292 594 4339 Hectoris
610 4292 707 4340 alitibus
724 4299 748 4339 et
758 4292 825 4341 cani·
857 4292 952 4356 ἐγίνετο
969 4290 1080 4341 πολλάκι
1091 4290 1173 4356 θάψῳ·
1207 4290 1303 4356 Ερῤευν
1312 4245 1418 4339 8044αέ

268 4360 313 4407 bus
321 4359 480 4423 projecturum
489 4371 549 4411 csse,
557 4371 620 4467 saepe
629 4355 732 4402 minatus
740 4356 824 4404 suerat.
909 4357 939 4413 ἇς
967 4358 1046 4405 πᾶσαι
1074 4355 1167 4418 τρίχες·
1198 4356 1261 4405 αὐτὰ
1288 4354 1312 4403 δὲ
1339 4356 1418 4403 λοιπὰ

269 4425 368 4471 Homer.
387 4422 457 4470 lliad.
471 4419 537 4475 xxiii,
553 4421 582 4467 18
601 4418 724 4482 ,”11κτορα
741 4419 759 4466 δ’
772 4420 823 4469 οὔτι
865 4418 933 4469 Ocri'
944 4419 977 4467 ἔτ’
989 4420 1020 4478 ἦς
1029 4420 1071 4467 καὶ
1084 4419 1170 4483 δέρμα.
1205 4420 1244 4467 Mc
1259 4421 1367 4474 rectinet,
1378 4434 1418 4467 me

269 4487 342 4537 Δώσω
367 4484 506 4549 Πριαμίδην
523 4484 581 4547 scopi
603 4482 736 4546 δαπτέμεν,
758 4483 824 4532 ἀλλὰ
858 4483 1002 4547 requiescere
1020 4481 1084 4531 sinit.
1119 4486 1239 4539 statue,
1252 4483 1340 4532 amoris
1357 4490 1418 4531 astu
