3150 5200
566 313 729 379 LIBER
754 313 780 388 Ι,
800 314 834 377 6.

555 613 759 680 CARMEN
779 615 841 680 VI.

512 828 576 876 AD
606 827 885 876 AGRIPPAM.

308 1003 311 1021 1
339 963 521 1037 Scainanrs
537 967 640 1035 Vario
653 959 746 1033 fortis
759 979 793 1032 et
807 967 949 1032 hostium

339 1075 466 1150 Victor,
483 1070 619 1136 Maeonii
633 1070 782 1134 carminis
798 1069 877 1147 aliti,

340 1176 448 1249 Quam
463 1195 530 1239 rem
543 1194 680 1255 cumque
695 1171 788 1236 ferox
802 1173 939 1236 navibus
953 1183 1011 1236 aut
1024 1175 1117 1256 equis

384 1255 530 1340 Miles'te
546 1274 629 1338 duce
645 1274 794 1357 gesserit.

288 1380 309 1442 5
341 1377 426 1455 Nos,
442 1375 603 1462 Agrippa,
618 1397 724 1459 neque
738 1374 810 1440 haec
825 1375 946 1453 dicere,
961 1397 1021 1440 nec
1036 1398 1166 1462 gravem

342 1479 466 1544 Pelidae
482 1477 682 1543 stomachum
698 1478 815 1542 cedere
829 1480 941 1555 nescii,

342 1579 416 1644 Nec
431 1601 546 1644 cursus
561 1577 701 1664 duplicis
716 1599 775 1662 per
790 1601 878 1643 mare
893 1579 1016 1658 Ulixei,

385 1679 459 1745 Nec
475 1703 592 1745 saevam
607 1679 737 1764 Pelopis
753 1679 884 1744 domum

127 1817 244 1884 Neptuno
261 1813 365 1879 (potami
381 1815 451 1862 moris
468 1813 525 1872 Deo,
537 1815 569 1863 cl.
587 1831 642 1880 sup.
660 1813 689 1862 ad
721 1814 778 1861 milri
798 1829 894 1871 sumam,
914 1826 943 1864 ut
963 1816 1042 1864 laudas
1061 1827 1113 1864 tuas
1134 1832 1224 1873 onnam,
1243 1817 1284 1864 lroc

128 1882 198 1946 3,l‚)
207 1877 368 1944 suspendisse,
377 1876 402 1924 id
410 1884 510 1926 testatur
520 1894 589 1927 sacer
600 1879 624 1926 in
636 1878 690 1943 ejus
721 1881 781 1926 enim
800 1882 869 1942 spicis
889 1890 911 1927 et
927 1882 1065 1927 sublimioris
1086 1883 1182 1943 spiritus
1201 1885 1282 1942 poetis,

128 1946 218 2012 templo
234 1943 312 2010 paries
328 1957 369 2007 per
378 1941 483 1990 votivam
500 1944 616 1998 tabulam,
633 1943 690 2000 sive,
722 1943 798 2006 qualia
816 1953 848 1991 ert
870 1942 962 2001 Varius,
980 1945 1154 2007 relinquendam
1171 1953 1220 2002 est,
1242 1961 1284 2008 ego

129 2010 154 2059 id
165 2011 244 2065 docet,
256 2021 329 2071 qoam
340 2005 404 2062 rori,
414 2007 485 2054 affixa
495 2007 521 2056 in
536 2005 590 2071 ejus
602 2007 691 2072 templo
724 2007 776 2068 lyra
786 2024 835 2055 meo
846 2010 1023 2070 magrooioris,
1035 2011 1073 2056 aad
1089 2010 1178 2056 leuioris
1192 2018 1283 2056 tostum

129 2075 229 2135 tabnla;
245 2071 376 2137 exprimere
390 2077 470 2119 autem
485 2071 523 2119 his
533 2071 609 2120 voluit
620 2077 691 2145 poeta
723 2074 856 2133 argumenti
865 2087 900 2118 rer
911 2081 1012 2119 tractore
1022 2087 1119 2133 possam,
1129 2078 1213 2136 sponte
1224 2071 1283 2119 scri·

129 2137 179 2189 lere
196 2138 259 2186 hoc:
276 2149 322 2199 ego
340 2142 465 2209 perspecta
483 2143 526 2183 tua
545 2135 643 2201 perfidia
661 2149 691 2182 ex
723 2133 779 2183 bere
792 2136 888 2200 potuit!
921 2136 1034 2184 Ceterum
1046 2134 1162 2208 Agrippa,
1175 2135 1285 2199 quicum

130 2202 226 2268 laqueis
254 2198 325 2249 nibus
340 2214 364 2246 ιιι
379 2213 482 2247 amorem
495 2208 565 2247 tuum
581 2215 618 2247 me
634 2198 691 2247 irre-
724 2199 854 2247 multarum
868 2197 978 2255 aliarum,
991 2207 1043 2247 turn
1054 2199 1162 2247 Actracae
1177 2197 1285 2264 inprimis

132 2267 227 2322 tiveras,
236 2218 343 2320 deorum,
352 2279 413 2327 quos
422 2271 488 2326 grato
499 2263 578 2312 animo
584 2278 691 2320 veneror,
724 2260 828 2312 victoria
844 2278 894 2311 non
909 2263 988 2311 solnm
1004 2263 1130 2337 particeps,
1142 2262 1185 2310 sed
1200 2263 1284 2327 praci-

130 2329 248 2380 beneficio
259 2327 358 2377 feliciter
367 2327 493 2400 expeditus
504 2344 566 2376 sum.
588 2327 691 2384 Deritu,
725 2337 788 2390 puus
804 2326 858 2391 ejus
879 2335 963 2375 auctor
977 2327 1052 2376 luisse
1067 2326 1213 2392 perhibetur,
1230 2327 1284 2376 Au·

131 2390 693 2522 imitttttetttttttttltl
725 2390 1198 2504 {illiri‘li‘liiloflriffillrffim
1215 2405 1284 2439 ‘⁰²¹⁰

133 2521 230 2578 tabula,
246 2521 272 2569 in
288 2535 335 2584 qna
353 2520 440 2584 scripta
455 2520 493 2568 vel
510 2519 575 2584 picta
595 2518 641 2567 luit
657 2533 694 2568 res
761 2519 822 2574 1,2.
838 2519 948 2568 &aberis
961 2519 1043 2567 Vario:
1059 2534 1108 2567 non
1125 2534 1140 2567 a
1155 2533 1202 2579 me,
1214 2519 1285 2569 seda

132 2604 193 2651 quae
213 2584 336 2643 acciderat,
359 2585 385 2633 in
406 2582 495 2663 templo
518 2583 556 2633 dei
578 2583 694 2633 salutiferi
726 2582 802 2633 Vario
823 2583 927 2633 carmine
952 2584 1118 2633 celebraberis.
1156 2583 1226 2632 Vario
1249 2590 1286 2633 est

134 2651 280 2716 (σωτῆρος)
292 2656 407 2723 tanquam
420 2648 538 2713 ἀναθημα
550 2648 695 2715 suspendere
725 2662 796 2696 casus
805 2648 898 2697 tertius.
929 2648 1003 2706 Varii,
1014 2657 1042 2697 ut
1051 2648 1151 2713 inriguis
1163 2656 1214 2696 tum
1225 2658 1285 2700 tenr-

133 2716 260 2775 sotebant,
276 2714 308 2763 el.
322 2715 391 2777 Virg.
406 2714 464 2761 AEn.
481 2713 522 2769 xii,
535 2713 584 2761 166
600 2729 655 2777 sqq.
672 2720 697 2761 et
726 2712 790 2775 poris
805 2720 882 2778 poeta
896 2712 967 2779 epici,
983 2720 1032 2761 tarn
1047 2714 1136 2762 Noster
1151 2714 1202 2759 Sat.
1213 2713 1231 2771 i,
1245 2715 1285 2771 10,

135 2780 249 2830 Juvenal.
260 2778 303 2836 rii,
313 2778 355 2826 27.
728 2776 753 2831 4,
778 2776 856 2850 Epist.
878 2778 909 2825 ad
934 2776 985 2825 Pis.
1008 2780 1049 2834 5⁵,
1072 2792 1145 2841 qnam
1169 2776 1287 2841 Virgilius

728 2839 784 2888 Ecl.
800 2857 834 2898 rr,
852 2842 893 2898 ³5,
911 2841 1064 2890 honorificam
1085 2840 1230 2889 mentionem
1250 2842 1285 2889 la·

306 2905 458 2954 CARMEN
477 2905 526 2955 VI.
728 2903 805 2953 ciunt.
837 2905 948 2953 Eundem
971 2906 1076 2953 nobilem
1098 2904 1172 2953 luisse
1193 2914 1287 2971 poetam

169 2972 207 3020 M.
223 2971 356 3036 Vipsanius
374 2970 489 3043 Agrippa,
507 2968 556 3017 dur
573 2968 614 3017 ille
631 2982 696 3032 egre·
728 2968 846 3032 tragicum
862 2977 962 3018 testatur
978 2968 1153 3027 Quintilianus,
1170 2968 1211 3033 qui
1233 2970 1287 3034 ejus

136 3034 377 3099 gins‚etinsignium
387 3032 625 3097 victoriarumgloria
639 3048 697 3081 con·
729 3032 851 3096 Thyesten
873 3033 974 3082 cuilibet
994 3032 1134 3081 Graecorum
1159 3048 1212 3080 corn
1229 3034 1289 3081 arari

136 3099 245 3163 spicuus,
253 3098 319 3146 hand
327 3098 441 3146 immerito
450 3112 545 3147 carmen
557 3098 588 3145 ab
597 3096 698 3145 Horatio
761 3111 799 3145 sse
816 3097 911 3160 judicat
931 3114 955 3154 x,
977 3098 1000 3152 l,
1020 3098 1063 3145 98.
1096 3096 1197 3152 Maesti,
1213 3051 1245 3144 A.
1265 3113 1289 3145 e.

135 3163 163 3210 in
182 3163 236 3228 ejus
256 3162 340 3210 laudes
359 3161 459 3211 bellicas
477 3161 635 3227 compositum
655 3176 696 3209 ex·
757 3160 838 3218 omeri,
853 3177 868 3209 a
884 3161 962 3225 patria
976 3159 1075 3210 Homeri
1090 3161 1199 3223 Smyrna,
1211 3161 1289 3209 Mao-

136 3234 246 3291 spectrre
262 3234 365 3299 poterat.
398 3226 451 3275 Nec
468 3226 519 3274 haec
540 3241 596 3273 eum
613 3224 699 3274 lelellit
730 3223 776 3271 niae
798 3224 848 3274 sire
865 3224 948 3289 Lydia
970 3226 1038 3273 urbe.
1072 3224 1165 3271 Maeuii
1181 3228 1289 3272 carminis

136 3296 293 3365 exspectatio.
326 3291 390 3338 Nam
401 3290 515 3363 ¹quamuis
531 3289 646 3337 Horatius
661 3288 696 3336 A·
730 3289 830 3363 ιι1ι·ιι“,ΙΙι.
842 3305 868 3364 e.¹
876 3288 971 3338 canenti
981 3297 1005 3337 et
1015 3288 1039 3335 in
1052 3288 1128 3362 altum
1139 3288 1251 3345 avolanti,
1263 3297 1290 3337 ut

165 3354 696 3483 mlhtttt'tttsstltttttat:
729 3353 1289 3483 {tlttttttlm‘ltltitt‘l‘lt:

138 3489 210 3545 gunt,
222 3490 351 3547 expertem,
362 3489 386 3529 et
402 3481 500 3545 proinde
515 3481 569 3545 ejus
585 3480 698 3553 laudibus
730 3496 772 3543 pro
788 3497 874 3546 cycno
891 3491 920 3530 ut
935 3484 1000 3530 albin
1015 3484 1062 3529 olas
1077 3482 1121 3529 inl.
1140 3481 1164 3537 ii,
1180 3482 1223 3537 20,
1242 3483 1273 3530 10
1282 3500 1289 3541 ;

137 3545 335 3611 canendisplane
346 3545 459 3609 imperem
468 3560 534 3605 esse,
548 3552 628 3593 tamen
640 3560 700 3593 mira
730 3560 816 3608 cyanus
831 3555 909 3595 autem
925 3560 968 3611 pro
1027 3554 1061 3603 ta,
1073 3554 1101 3594 ut
1111 3546 1155 3593 inl.
1166 3546 1199 3601 iv,
1211 3546 1236 3602 2,
1248 3548 1290 3602 25,

139 3609 308 3672 quadamarte
324 3616 349 3656 et
360 3608 453 3674 spiritu,
466 3624 538 3672 quern
553 3608 698 3665 dissimulat,
731 3626 817 3657 ornus
829 3612 942 3658 Dircam.
998 3613 1028 3659 lar
1042 3612 1150 3657 cor-minis
1159 3609 1234 3673 lyrica
1247 3625 1290 3658 au·

140 3672 259 3721 altissimo
277 3672 417 3745 Agrippam,
433 3688 489 3721 curn
509 3673 561 3785 ipso
579 3674 658 3721 lilarte
678 3682 702 3721 et
750 3674 812 3731 acia,
825 3691 868 3739 pro
878 3683 956 3741 poeta,
969 3675 1012 3739 qui
1020 3674 1087 3723 canit
1094 3689 1199 3722 carmen.

139 3736 280 3785 clarissimis
293 3735 442 3800 antiquitatis
453 3737 518 3785 heroi
537 3752 565 3784 us
578 3752 701 3802 compars-
767 3738 791 3784 3.
810 3739 885 3792 Quam
896 3756 943 3786 rem
953 3756 1046 3802 comque
1058 3744 1114 3786 cett.
1126 3737 1221 3804 supple,
1233 3737 1291 3786 scri-

139 3808 204 3856 tum,
215 3800 314 3848 summis
325 3799 351 3847 in
363 3800 432 3847 hoci
464 3800 595 3849 ocannine
610 3800 703 3849 extollit
734 3801 810 3858 beuti,
826 3802 851 3850 lr.
867 3819 889 3853 e.
906 3802 1011 3851 canenti.
1045 3802 1148 3850 Navibus
1163 3812 1206 3850 aar
1221 3805 1293 3865 equis,

140 3862 264 3912 laudibus.
297 3865 356 3913 Com
448 3864 701 3914 asuntomninocum
735 3864 1049 3915 h.e.autmariautterra.

140 3926 189 3975 hoc
204 3929 309 3977 camnine
324 3928 350 3975 in
363 3963 369 3975 .
384 3926 427 3976 lib.
438 3928 464 3985 ii,
477 3930 516 3986 12,
528 3936 552 3976 et
563 3928 594 3985 iv,
610 3931 648 3985 15,
661 3928 703 3977 ubi
767 3934 792 3985 5,
804 3931 829 3979 6.
847 3931 903 3987 Nos,
916 3932 1029 3993 Agrippa,
1041 3945 1112 3992 seque
1126 3937 1181 3978 cett.
1192 3945 1291 3979 sensus:

139 4005 184 4055 per
205 3991 305 4040 eandem
332 4000 406 4041 artem
431 3999 456 4040 et
480 3992 702 4050 dissimulationem,
736 4008 780 4057 ego
791 4010 838 4042 non
847 3995 1030 4057 magisrestuas
1040 4002 1118 4056 gestas
1128 4008 1213 4041 canere
1221 4008 1294 4055 qnam

140 4054 210 4118 quod
227 4070 254 4104 se
269 4064 380 4121 prestare
397 4072 466 4122 posse
483 4065 555 4121 negat
572 4064 650 4121 poeta,
665 4058 704 4105 vel
738 4056 848 4114 Iliadem,
866 4066 909 4105 aut
930 4056 1071 4119 Odysseam,
1089 4065 1132 4104 aut
1153 4056 1295 4120 tragoediam

140 4118 248 4168 maxime
264 4127 368 4184 praestat.
402 4120 459 4167 Non
476 4136 537 4185 opus
546 4130 592 4177 est,
608 4128 636 4169 ut
650 4136 705 4169 cum
738 4119 846 4184 aliquam
856 4120 958 4169 scribere
971 4119 1066 4179 audeo,
1082 4134 1135 4168 sum
1149 4119 1213 4168 enirn
1226 4130 1297 4184 poeta

140 4182 290 4293 quibusdam
304 4182 355 4232 inte
378 4184 472 4257 'retibus
484 4185 705 4296 statqarpustllora-
738 4184 825 4295 tepula,
835 4184 913 4295 ‘gna
921 4181 1096 4296 carpipppupt
1105 4184 1296 4295 grapdiorishspi·

165 4261 360 4295 umseercusnn
377 4263 385 4293 1
400 4262 475 4296 causa
489 4263 504 4296 a
520 4265 536 4295 u
658 4264 705 4306 am,
739 4263 808 4295 rrusr
877 4264 940 4296 ovem
981 4264 1011 4294 er
1086 4265 1147 4295 orror
1162 4266 1210 4305 um,
1250 4264 1297 4297 .e.

141 4308 188 4373 qui
200 4309 232 4367 ei,
244 4310 309 4373 quod
320 4311 389 4358 nullo
400 4312 479 4360 adhuc
490 4264 706 4377 cprmimgpeppejus
740 4312 845 4360 Achillis
856 4311 938 4375 (Pelei
947 4311 1005 4374 lilii)
1017 4310 1084 4369 iram,
1097 4312 1192 4375 (μῆνιν
1202 4313 1300 4373 Πηληϊ-

141 4380 225 4437 gestas
238 4374 391 4433 celebrasset,
402 4376 582 4440 exprobraverit,
594 4376 639 4425 hoc
654 4392 706 4425 car·
740 4374 802 4425 atro
811 4376 958 4441 ’Δχιλῆος),
966 4390 1038 4440 quarn
1048 4374 1136 4424 cecinit
1143 4377 1262 4424 Homerus
1274 4376 1299 4425 in

142 4452 201 4485 men
212 4438 354 4503 scripsissa3
371 4438 456 4502 quidni
467 4439 540 4495 enim,
553 4440 618 4504 quod
632 4441 707 4505 scrip-
741 4439 828 4488 Iliade.
862 4442 946 4487 Cedere
959 4442 1038 4496 orosii,
1049 4440 1092 4504 qui
1106 4455 1121 4486 a
1135 4456 1161 4489 se
1175 4440 1300 4506 impetrare

142 4500 178 4548 sit
188 4500 214 4549 in
228 4502 275 4551 hoc
290 4502 406 4561 carmine,
426 4502 477 4550 Non
495 4520 544 4566 ego,
557 4506 670 4566 Agrippa,
683 4507 708 4551 r'rl
742 4520 789 4553 non
805 4512 904 4570 poterat,
917 4512 944 4551 ut
959 4504 1133 4567 Agamemnoni
1149 4506 1180 4553 ob
1196 4513 1315 4571 ereptam.
