3150 5200
590 329 753 402 LIBER
776 329 804 407 1,
827 332 859 395 9.

561 565 802 631 EPISTOLA
824 567 887 631 IX.

441 763 500 810 AD
528 761 756 811 CLAUDIUM
787 762 1009 813 NERONEM.

236 905 431 981 Ssrrrmrus,
448 904 577 980 Claudi,
593 903 742 966 nimirum
757 903 908 987 intelligit
923 927 1020 981 unus,
1114 951 1118 958 .

235 1007 360 1080 Quanti
374 1029 424 1070 me
440 1007 559 1070 facias:
583 1026 668 1080 nam,
684 1025 783 1087 quum
799 1016 904 1089 rogat,
919 1016 954 1069 et
968 1027 1065 1091 prece
1079 1008 1179 1091 cogit,

236 1105 367 1172 Scilicet
382 1117 419 1171 ut
435 1107 494 1171 tibi
510 1129 545 1171 se
560 1106 693 1170 laudare
708 1119 742 1170 et
758 1108 888 1171 tradere
903 1129 1012 1184 coner,

235 1208 384 1292 Dignum
398 1219 505 1272 mente
520 1208 681 1290 domoque
696 1207 835 1291 legentis
849 1208 988 1272 honesto
1001 1209 1158 1287 Neronis,

193 1311 214 1374 5
236 1309 376 1374 Munere
391 1331 491 1393 quum
506 1309 597 1393 furrgi
610 1308 773 1394 propioris
788 1319 901 1373 censet
915 1311 1019 1387 amici,

236 1411 327 1485 Quid
343 1411 477 1495 possim,
491 1411 581 1474 videt
596 1431 634 1474 ac
649 1411 739 1475 novit
753 1433 804 1474 me
820 1410 945 1476 valdius
960 1414 1044 1498 ipso.

235 1512 344 1577 Multo
358 1511 489 1595 quidem
505 1513 585 1588 dixi,
602 1535 661 1578 cur
674 1524 851 1577 excusatus
865 1515 1006 1579 obirem:

237 1614 304 1678 Sed
319 1614 421 1691 timui,
437 1635 510 1678 meo
523 1636 565 1679 ne
579 1614 714 1678 finxisse
729 1614 854 1678 minore
867 1627 1018 1699 putarem

237 1713 468 1781 Dissimulator
482 1717 554 1800 opis
569 1717 722 1800 propriae,
737 1715 817 1779 mihi
831 1720 1020 1784 commodus
1034 1722 1101 1785 urii.

175 1821 215 1883 10
237 1817 292 1882 Sic
308 1839 381 1902 ego,
396 1818 527 1902 majoris
542 1817 670 1903 fugiens
686 1819 865 1902 opprobria
878 1819 995 1904 culpoe,

236 1920 366 1984 Frontis
382 1921 425 1984 sd
440 1923 574 1985 urbanae
589 1920 744 1984 descendi
760 1922 903 2003 praemie.
951 1922 1082 1995 Quodsi

237 2020 435 2106 Depositum
448 2021 563 2086 loudas
579 2024 622 2086 ob
638 2021 732 2085 amici
742 2021 837 2104 jussa
850 2022 1020 2107 pudorem,

238 2123 352 2189 Scribe
368 2126 416 2188 tui
431 2125 540 2209 gregis
555 2124 654 2198 hunc,
671 2132 705 2186 et
719 2121 837 2187 fortem
851 2125 949 2188 crede
964 2126 1160 2208 bonumque.

311 2257 483 2306 EPISTOLA
501 2257 548 2306 IX.
741 2255 841 2306 arctiore
857 2266 937 2306 tecum
953 2257 1108 2322 conjunctum
1124 2273 1177 2307 esso
1188 2258 1300 2308 amicitie

184 2321 307 2376 Horatius,
327 2321 384 2369 dum
404 2321 509 2370 amicum
530 2337 610 2376 suum,
630 2319 708 2384 Septi·
741 2319 848 2369 vinculo.
879 2321 1299 2398 Voldius,rectius,molius,megis;

148 2385 234 2442 mium,
254 2392 282 2434 ut
298 2384 374 2434 virum
396 2385 479 2434 fortem
499 2387 635 2450 bonumque
652 2384 708 2434 Tib.
740 2383 839 2433 observa
858 2385 952 2434 Horatii
974 2385 1115 2436 modestiam
1135 2395 1160 2437 et
1177 2387 1300 2436 urbanita-

150 2449 240 2500 claud.
263 2449 367 2498 Neronis
390 2447 464 2498 favori
492 2457 517 2498 et
536 2447 708 2499 benevolentis
741 2455 805 2496 tem:
823 2449 869 2498 ini.
883 2449 909 2498 io
925 2449 1003 2516 Epist.
1019 2449 1051 2498 ed
1067 2451 1119 2499 Pis.
1131 2453 1189 2509 321,
1203 2452 1301 2500 Vaidisss

149 2513 308 2570 commendet,
331 2513 484 2577 singularum,
504 2530 553 2580 que
571 2513 622 2578 ipse
644 2512 708 2588 apud
739 2513 846 2562 debant.

148 2578 216 2629 hunc
230 2577 361 2645 prinoipem
376 2579 476 2636 fructur,
490 2580 591 2644 gratiam
608 2579 709 2643 gloriose
773 2579 798 2626 8.
815 2579 859 2627 Sed
875 2581 952 2636 timui,
965 2595 1002 2637 oe,
1013 2586 1070 2629 cett.
1080 2579 1123 2629 scd
1139 2578 1216 2637 timui,
1228 2595 1259 2631 ue
1275 2579 1300 2629 in

149 2642 253 2693 extollit.
287 2646 367 2707 Quem
383 2658 453 2693 censs
467 2653 547 2694 eutem
558 2642 659 2693 Horatio
671 2643 708 2691 iu-
741 2642 1022 2707 suspicionemvenirem‚
1030 2660 1068 2692 me
1078 2644 1188 2701 consulto
1196 2644 1302 2695 elevasse

149 2708 196 2757 crit
205 2706 283 2757 Titius
295 2707 433 2773 Septimius,
444 2716 515 2773 poete
524 2707 638 2771 tingicus,
648 2706 710 2771 (vid.
742 2722 820 2755 meam
830 2707 895 2773 opud
905 2717 929 2757 te
938 2708 1112 2758 suctoritstem.

150 2786 204 2836 sup.
217 2772 248 2821 ed
265 2772 342 2837 Epist.
355 2771 392 2827 iii,
409 2772 449 2835 9,)
464 2772 599 2822 luculenter
615 2788 645 2821 cx
662 2771 709 2820 oda
773 2772 790 2819 9
812 2772 977 2821 Dissimulator
994 2776 1042 2834 opis
1056 2775 1165 2835 proprie.
1199 2774 1245 2835 Ops
1261 2773 1301 2821 rel

152 2844 219 2885 sexta
229 2834 284 2885 libri
294 2835 394 2886 usundi
404 2844 509 2902 apparet.
741 2836 798 2907 opis,
817 2844 845 2883 ut
863 2840 974 2899 potentio,
992 2836 1079 2902 possim
1099 2836 1129 2886 dc
1148 2836 1233 2901 gretia,
1253 2853 1301 2902 que

185 2902 257 2948 1-6.
278 2901 325 2949 llic
342 2901 417 2956 locus,
436 2901 533 2950 mutetis
549 2899 709 2949 distinctioni·
742 2914 798 2963 quis
813 2898 916 2949 multum
933 2900 1015 2967 pollet,
1026 2900 1127 2949 multum
1146 2902 1239 2950 officere
1257 2916 1300 2966 po-

149 2965 204 3023 bus,
223 2964 283 3013 mihi
300 2965 334 3013 ite
357 2964 473 3014 coherere
491 2964 600 3015 videtur:
621 2966 711 3019 Quanti
742 2970 806 3017 tecit
823 2973 892 3013 vocet
910 2974 990 3013 sutem
1009 2965 1072 3013 banc
1089 2969 1216 3027 proprium,
1232 2964 1302 3028 quusi

149 3045 184 3079 mc
186 3030 277 3095 socios,
286 3030 381 3087 Claudi,
388 3044 449 3077 unm
457 3028 708 3093 rrimirom(prolecto)
740 3041 771 3075 cs
786 3028 860 3091 (milti
877 3032 1002 3077 commodos
1020 3028 1079 3090 ursi)
1097 3028 1168 3079 unice
1186 3028 1212 3076 in
1229 3044 1301 3077 suum

149 3093 264 3157 intelligit
281 3094 403 3155 Septimius
418 3092 526 3156 (cdditur
544 3093 603 3143 ratio
620 3110 663 3143 cur
683 3091 709 3140 id
741 3090 818 3157 ipsius
829 3092 979 3141 commodum
989 3101 1079 3141 utatur.

150 3157 710 3223 unusintelligatSept.);nam,quumrogot-
776 3158 816 3204 10.
839 3158 938 3221 Majoris
959 3158 1047 3219 culpe:
1074 3172 1130 3205 nem
1152 3156 1194 3220 qui
1216 3155 1300 3215 ulium,

150 3238 220 3283 quum
230 3224 392 3284 motet-quid
408 3238 420 3269 e
435 3224 539 3284 opossim
554 3221 711 3288 repudietur
743 3234 816 3284 quern
831 3236 873 3286 pro
883 3222 959 3285 gretie
974 3236 1020 3269 sus
1035 3219 1200 3270 commendere
1214 3228 1300 3285 potest,

150 3286 200 3361 ipso
215 3240 505 3361 valdius(clerius5vidst
519 3289 630 3360 consuit.
662 3286 708 3334 Ni·
741 3286 907 3363 commendarc
932 3285 1028 3361 refugit,
1055 3286 1101 3333 hac
1127 3284 1302 3360 inhumanitate

151 3348 710 3477 'illitfifffiil'..ilioiubiljeciidi
741 3351 1030 3477 limittit
1043 3350 1302 3463 stilicidii

150 3478 270 3539 quiddam,
283 3495 351 3551 quom
367 3479 465 3527 domines
480 3480 621 3541 opinantur:
647 3479 710 3527 idem
743 3428 936 3543 laugmcsptet.
999 3525 1003 3532 ,

151 3540 182 3589 ad
194 3541 271 3591 Attio.
282 3557 315 3598 rx,
330 3544 356 3599 9,
370 3542 450 3607 ltaque
466 3544 575 3591 nimirum
591 3544 632 3591 boc
648 3544 710 3591 illud
777 3543 816 3589 ll.
834 3542 928 3591 Frontis
938 3544 1043 3591 urbane:
1060 3541 1246 3593 ucetstrontem
1256 3542 1301 3590 du-

150 3613 192 3660 est,
204 3608 263 3669 quod
275 3606 351 3655 Cesar
360 3608 440 3655 scribit
451 3610 476 3655 irs
487 3624 514 3654 eo
528 3608 632 3667 epistola,
643 3612 710 3669 ctsjru
743 3620 793 3653 mm
810 3605 1011 3680 (impudentium)
1024 3616 1094 3655 vocet
1110 3608 1232 3663 ottonom,
1244 3607 1302 3671 quie

150 3672 274 3733 exemplum
285 3672 317 3718 od
324 3682 347 3719 ts
358 3674 418 3718 misi.
444 3671 514 3721 Preoe
524 3673 593 3733 cogit,
601 3671 711 3736 precibus
744 3685 792 3718 noo
804 3684 855 3717 raro
865 3686 891 3718 ιιι
901 3671 961 3718 urbo
970 3670 1124 3719 inveniuntur
1135 3670 1186 3735 qui,
1193 3678 1221 3719 ιιι
1232 3686 1301 3720 versu

151 3748 190 3782 me
207 3744 338 3799 expugnet.
370 3735 463 3783 Scilicet
474 3746 510 3791 ut,
522 3750 551 3784 eo
568 3735 672 3790 nomine,
684 3744 712 3782 ut
744 3741 859 3797 sequente
870 3733 1220 3796 dicitur,pudorsmdcponant.
1254 3736 1303 3782 Ds-

151 3812 226 3908 πει,
238 3815 260 3847 ss
271 3798 440 3912 (Seppiimium)
453 3800 496 3849 tibi
513 3801 610 3847 luudore
624 3810 647 3848 et
657 3810 708 3848 tro-
741 3801 832 3909 scengr:
843 3799 965 3871 eleganter
975 3797 1006 3909 cltll
1017 3798 1110 3863 eliquid
1120 3800 1253 3910 ddmdsdn
1264 3797 1301 3846 di·

184 3878 214 3973 4⁶:
225 3876 334 4037 &ueris
349 3878 422 3975 radebit
438 3930 542 3989 dorsoque
559 3928 655 3990 legentis
671 3929 710 3975 lto-
742 3877 849 3989 {lidum
855 3870 1208 3991 lusdidddb‘mudddrmtbbiuidlm
1224 3876 1303 3974 facrgpp

151 3998 216 4037 nesto
263 3994 353 4039 sconis:
380 3999 496 4065 nuquam
517 3990 646 4047 hominem,
669 3990 711 4055 qui
745 3990 867 4038 nolebant.

152 4053 265 4112 Neronis,
281 4055 321 4103 cui
340 4054 383 4112 nil,
399 4054 446 4104 nist
461 4055 526 4120 quod
543 4054 670 4119 pulchrum
687 4064 711 4103 et
777 4055 817 4102 13.
834 4054 913 4103 Scribe
930 4056 967 4102 tui
984 4056 1064 4117 gregis
1081 4054 1151 4107 huuc,
1169 4068 1245 4102 unum
1261 4069 1302 4101 co·

152 4116 277 4167 honestum
288 4126 333 4175 est,
343 4119 433 4193 placet,
444 4122 515 4167 nunti
526 4118 658 4184 (sentiendi
669 4120 710 4184 ju·
743 4116 818 4166 hortis
834 4126 883 4167 turo
899 4118 960 4183 jube
977 4133 1030 4166 esse
1047 4116 1196 4182 Septimium.
1230 4117 1301 4173 Grec,

151 4180 295 4247 dicendique
306 4184 405 4247 rationi)
417 4183 565 4249 respondeat,
577 4183 711 4248 dignusque
741 4181 794 4247 jem
805 4181 830 4230 iu
842 4184 929 4231 bouem
938 4182 1064 4248 pcrtemdc
1072 4180 1303 4230 bonestabominum

152 4245 191 4304 sit,
203 4262 275 4311 quem
287 4246 328 4295 illc
339 4247 371 4296 ed
385 4264 426 4296 eos
442 4248 586 4312 quibuscum
602 4248 628 4295 in
641 4248 711 4297 domo
744 4246 868 4303 societate,
889 4247 920 4296 dc
938 4246 1035 4295 cohorte
1054 4246 1093 4295 vel
1113 4245 1229 4295 comitatu
1238 4263 1246 4306 3
1268 4245 1302 4295 sic

151 4324 196 4359 sua
207 4311 369 4375 venaturmd
380 4312 548 4375 amicossuos)
560 4311 665 4377 recipiet.
743 4311 808 4384 opud
825 4312 966 4360 Ciceronem
984 4313 1052 4361 Orat.
1063 4311 1089 4367 ii,
1101 4312 1142 4367 62,
1155 4318 1180 4357 et
1196 4308 1228 4357 od
1244 4309 1303 4358 Dis.

184 4378 209 4429 5,
217 4376 241 4423 6.
255 4375 431 4440 Munerequum
433 4377 511 4442 fungi
519 4380 632 4439 propioris
638 4387 711 4425 eruut
743 4374 785 4431 vri,
804 4377 844 4433 ³3,
861 4378 946 4425 sodales
966 4384 991 4425 ct
1006 4378 1103 4439 :quola
1118 4374 1233 4424 dicuntur
1247 4390 1302 4436 gre·

151 4442 234 4487 amici:
252 4448 276 4489 et
294 4455 351 4488 curn
369 4456 436 4506 porro
453 4452 534 4498 eruut,
551 4456 589 4489 mc
607 4441 670 4506 apud
688 4449 711 4489 te
742 4441 815 4502 gates.

145 4501 224 4566 fungi
242 4507 354 4565 propioris
377 4506 445 4555 amici
466 4522 568 4561 murm,
589 4505 613 4555 h.
632 4521 654 4555 e.
675 4520 712 4555 mc
