3150 5200
598 336 826 404 CARMEN
850 347 882 406 2.

372 483 515 549 Paterna
530 507 607 550 rura
621 488 729 552 bubus
744 504 877 556 exercet
891 493 970 570 suis,

520 587 654 652 Solutus
670 593 756 653 omni
771 591 915 672 foenore3

329 688 351 750 5
373 685 492 771 Neque
507 690 670 754 excitatur
683 690 818 757 classico
832 694 923 758 miles
938 697 1034 773 truci,

522 790 640 874 Neque
656 792 768 856 horret
782 796 899 859 iratum
914 818 1019 874 mare;

369 890 555 974 Forumque
570 894 661 969 vitat,
677 905 710 958 et
725 897 868 978 superba
880 897 998 960 civium

521 993 746 1058 Potentiorum
760 996 881 1061 limina.

370 1093 463 1178 Ergo
478 1106 535 1158 aut
549 1096 661 1160 adulta
676 1097 787 1161 vitium
803 1103 983 1186 propagine

308 1195 347 1257 10
517 1195 612 1260 Altae
627 1199 755 1262 maritat
770 1201 922 1285 populos,

370 1297 570 1380 Inutilesque
586 1298 668 1363 falce
683 1321 789 1364 ramos
806 1315 977 1387 amputans

519 1399 693 1464 Feliciores
709 1401 823 1466 inserit
835 1430 843 1481 ς

369 1499 438 1564 Aut
454 1502 486 1562 in
502 1500 638 1565 reducta
653 1500 734 1566 valle
747 1505 960 1587 mugientium

520 1601 714 1687 Prospectat
729 1615 876 1669 errantes
890 1630 1025 1693 greges3

307 1705 346 1766 15
367 1702 438 1767 Aut
452 1725 566 1787 pressa
581 1706 672 1788 puris
687 1704 781 1770 mella
794 1709 905 1771 condit
919 1711 1095 1796 amphoris,

484 1805 568 1869 *Aut
583 1807 698 1871 tondet
712 1808 856 1872 infirmas
871 1833 966 1891 oves;
1058 1869 1064 1882 .

365 1907 440 1985 Vel,
457 1931 556 1991 quum
572 1909 726 1972 decorum
740 1911 873 1974 mitibus
889 1915 992 1996 pomis
1007 1925 1106 1999 caput

515 2009 721 2074 Auctumnus
737 2014 822 2074 arvis
837 2014 965 2092 extulit,

147 2197 212 2246 Nam
225 2204 353 2262 postquam
365 2196 527 2246 dulcissimam
545 2195 611 2244 illam
623 2196 707 2262 volup·
741 2197 839 2262 pissime
852 2196 952 2246 Horatio
964 2197 1020 2246 fecit
1031 2197 1101 2255 alias,
1113 2200 1238 2252 sedetiam
1250 2204 1303 2254 vivo

146 2269 229 2316 tatem,
241 2277 296 2325 quae
312 2261 337 2308 in
353 2261 424 2324 agris,
436 2263 474 2312 vel
491 2278 520 2310 ex
538 2261 620 2309 vitium
632 2270 656 2309 et
670 2277 707 2308 ai·
759 2264 811 2310 uari
829 2263 939 2328 exemplo
956 2262 1061 2327 quodam
1079 2266 1229 2316 manifestam
1249 2270 1303 2319 red·

145 2326 231 2373 borum
249 2325 326 2384 cultu,
344 2327 380 2374 vel
398 2342 427 2374 sii
445 2326 593 2391 pascentium
610 2341 707 2388 gregum
740 2279 814 2381 deret,
838 2337 916 2391 aptus,
941 2343 1012 2391 quem
1033 2329 1173 2377 'intuendum
1192 2333 1305 2382 omnibus

145 2390 273 2453 adspectu,
287 2391 324 2438 iel
341 2406 369 2438 ex
384 2392 457 2439 melle
474 2388 607 2445 condendo,
622 2389 660 2437 val
677 2405 705 2437 eii
740 2400 889 2454 proponeret,
901 2392 966 2439 visus
978 2390 1000 2438 ei
1016 2399 1054 2439 est
1068 2392 1135 2442 dives
1146 2395 1244 2459 quidam
1255 2397 1301 2446 foe·

145 2453 231 2502 ovibus
250 2454 385 2512 tondendis,
404 2456 441 2504 iel
462 2471 492 2503 ex
512 2453 588 2518 pomis
606 2453 707 2517 uvisque
740 2464 835 2502 nerator
852 2455 966 2521 Alphius.
1005 2455 1032 2501 ls
1050 2456 1122 2528 igitur
1141 2459 1166 2506 in
1187 2460 1232 2509 boc
1249 2477 1301 2510 cai·

145 2517 282 2584 carpendis,
305 2520 342 2568 vel
365 2535 393 2568 ei
417 2519 493 2574 suavi,
516 2532 564 2582 quo
587 2517 640 2580 quis
663 2517 708 2565 sub
740 2517 805 2567 mine
822 2528 901 2583 partes
912 2521 962 2582 agit
978 2518 1090 2574 hominis,
1108 2521 1159 2585 qui,
1177 2534 1302 2588 postquam

146 2583 238 2632 arboris
276 2585 361 2633 umbra
395 2583 424 2631 ad
460 2583 582 2632 salientem
620 2580 707 2630 fontem
741 2583 839 2631 meliora
865 2583 974 2632 laudavit
1000 2585 1165 2661 probavitque,
1187 2587 1303 2639 deteriora

146 2657 278 2712 prostratus
294 2649 387 2704 fruitur,
405 2649 461 2705 otio,
478 2648 515 2697 vel
532 2645 708 2701 assonatione,
742 2648 856 2711 sequitui.
895 2649 944 2697 Vix
963 2648 1027 2696 enim
1048 2650 1154 2715 Alpbius
1174 2654 1229 2702 vitia
1248 2670 1301 2703 rus·

146 2713 184 2760 rel
201 2729 230 2763 er
251 2714 355 2787 aucupio
373 2722 430 2761 cett.
448 2712 536 2778 percipi
596 2710 636 2765 sit,
654 2720 709 2759 ante
741 2711 796 2761 tica
816 2712 937 2761 felicitatis
954 2712 1038 2760 laudes
1055 2713 1231 2773 decantaverat,
1246 2734 1302 2766 cum

147 2778 231 2825 oculos
258 2787 352 2851 posuit3
386 2787 512 2843 postquam
544 2726 707 2831 ffiesticam,
741 2776 822 2824 statim
844 2777 875 2825 ad
902 2777 1028 2841 pristinum
1057 2777 1154 2828 foenoiis
1177 2784 1302 2831 exercendi

146 2858 195 2905 qua
213 2850 317 2889 rusticus
334 2858 389 2891 cum
407 2852 473 2890 casta
490 2856 534 2891 sua
551 2838 653 2903 conjuge
673 2840 707 2886 vi·
741 2841 846 2888 studium
864 2841 956 2889 rediret.
995 2842 1095 2889 Sublata
1112 2853 1192 2893 autem
1213 2846 1238 2893 in
1256 2846 1301 2900 hoc

146 2922 202 2955 veie
230 2906 298 2961 solet,
329 2906 467 2955 felicitatem
499 2904 638 2953 suavissime
666 2902 708 2951 de·
740 2906 845 2953 carmine
864 2905 947 2969 niphii
995 2920 1074 2962 rsoua,
1092 2916 1142 2956 tota
1159 2909 1231 2973 hujus
1248 2926 1300 2958 car-

145 2970 249 3036 scripsit,
261 2970 411 3035 hominisque
427 2970 525 3034 agrestis
539 2968 707 3033 frugalitatem,
740 2969 812 3017 minis
828 2969 930 3033 gravitas
945 2979 968 3017 to
980 2969 1044 3017 litui.
1082 2970 1241 3021 Foeneiatoris
1258 2976 1300 3022 At·

146 3034 218 3099 longe
241 3034 353 3083 ditiorum
377 3034 505 3100 opulentis
528 3031 707 3098 preferendam,
738 3034 789 3094 phii
802 3034 946 3082 mentionem
960 3048 1057 3106 quoque
1071 3033 1130 3082 facit
1141 3036 1269 3085 Columell.
1282 3040 1299 3096 i,

144 3100 260 3163 preclare
277 3098 400 3159 laudavit3
420 3114 450 3147 ue
466 3098 557 3146 multa!
581 3104 708 3161 postquam
741 3097 765 3152 7,
780 3100 805 3146 2.
840 3099 903 3147 Cuin
922 3096 1079 3154 nobilissime,
1096 3115 1168 3162 quam
1186 3100 1231 3148 hoc
1248 3116 1299 3150 cai·

145 3163 252 3229 Alphius
270 3164 409 3221 feliciorem,
421 3180 475 3227 quie
492 3163 518 3210 in
530 3161 593 3225 agris
609 3161 706 3217 vivitur,
739 3176 794 3210 men
811 3162 926 3215 continet,
947 3161 1003 3208 viia
1019 3160 1113 3211 msticae
1130 3164 1298 3230 descriptione,

144 3228 219 3276 vitam
248 3228 376 3277 luculentis
402 3228 520 3275 coloribus
542 3227 705 3273 adumbratam
739 3224 770 3272 cf.
789 3227 834 3274 inf.
849 3230 901 3275 Sat.
919 3224 944 3280 ii,
959 3226 1027 3282 itte
1068 3243 1096 3289 q.
1112 3228 1255 3292 Virg.Geo.
1273 3230 1299 3279 ii.

145 3292 229 3341 animo
240 3308 282 3340 suo
293 3291 482 3357 representavit,
493 3290 563 3339 ecce!
581 3289 622 3353 qui
635 3288 706 3337 modo
739 3289 796 3344 458,
809 3298 833 3339 et
845 3291 906 3339 alios
922 3289 955 3338 ibi
971 3304 986 3337 a
1000 3241 1080 3340 ecidit
1092 3300 1117 3339 et
1134 3292 1228 3357 lieynio
1246 3294 1298 3343 lau·

145 3356 244 3404 futurus
254 3366 302 3405 siat
316 3356 426 3411 rusticus,
440 3355 599 3419 adquaestum
612 3369 641 3401 ex
659 3353 704 3402 foe-
737 3352 816 3401 datos.

146 3436 205 3469 nore
217 3420 348 3469 faciendum
360 3420 431 3469 iedit!
457 3419 557 3483 Egregie
570 3418 640 3482 plane
650 3417 704 3466 vitia
772 3419 844 3468 1-8.
861 3420 976 3483 Negotiis,
987 3420 1012 3467 in
1021 3430 1115 3484 questu
1127 3421 1237 3471 faciendo
1246 3440 1297 3473 ver-

142 3484 241 3534 rustice
262 3484 399 3534 felicitatem
422 3484 447 3531 in
471 3485 515 3533 hoc
537 3482 643 3531 carmine
662 3482 704 3531 de·
738 3484 855 3540 sentibus,
870 3492 895 3532 et
912 3484 1011 3547 proinde
1028 3485 1098 3533 variis
1113 3486 1176 3534 curis
1191 3487 1298 3536 animuin

142 3549 256 3615 scriptam
274 3566 336 3605 esse,
350 3565 419 3598 nemo
438 3549 516 3597 adhuc
533 3546 644 3609 negarim
662 3547 704 3595 sed
737 3546 870 3596 districtum
888 3549 1032 3596 tenentibus.
1060 3550 1236 3607 Roromeicet,
1249 3552 1298 3602 ele-

162 3614 187 3662 ui
204 3630 257 3663 eain
275 3616 306 3662 ab
322 3614 418 3662 bomine
437 3624 485 3661 tam
502 3612 605 3665 sordido,
626 3611 705 3675 qualis
737 3611 834 3675 gentius
843 3628 894 3677 pio,
907 3622 973 3671 arat,
987 3612 1021 3661 sic
1033 3614 1105 3662 solum
1116 3631 1299 3677 esercnspreiso

168 3678 251 3744 lpbius
262 3678 316 3733 fuit,
325 3676 513 3727 commendatam
525 3676 625 3729 nollent,
639 3676 705 3724 fuera
736 3679 778 3723 sab
789 3694 875 3725 nomm
887 3675 952 3741 apud
965 3676 1034 3739 virg.
1047 3678 1109 3726 Geo.
1123 3678 1150 3735 ii,
1165 3680 1223 3729 356.
1257 3681 1297 3729 So·

141 3742 231 3807 plures.
265 3742 331 3791 Hinc
344 3750 446 3807 quatuor
460 3742 557 3790 ultimos
569 3740 641 3805 hujus
653 3754 703 3788 cai·
738 3741 803 3789 lictus
813 3745 979 3807 mnnijanoie,
990 3740 1050 3789 liber
1058 3743 1089 3790 ab
1100 3742 1165 3790 omni
1175 3743 1209 3792 rei
1218 3744 1296 3793 foene·

141 3806 216 3855 minis
230 3822 313 3855 versus
324 3806 409 3855 seriore
420 3806 515 3855 demum
531 3813 600 3854 etate
611 3806 640 3851 ab
652 3806 703 3852 Ho-
736 3804 785 3852 bris
796 3805 884 3853 studio.
919 3804 1298 3867 Neposeicitatnrclnssioomilsr

140 3871 202 3919 ratio
214 3871 321 3919 ad'ectos
335 3886 387 3920 esse
400 3870 523 3919 nonnullis
534 3877 637 3918 statuere
651 3868 704 3942 pla·
738 3871 808 3924 truci,
826 3878 883 3918 cett.
901 3868 943 3942 qui
962 3884 1039 3931 neque
1055 3869 1123 3917 miles
1138 3886 1152 3918 e
1167 3885 1250 3919 somno
1267 3872 1298 3919 ad

142 3936 204 3984 cuit.
304 3934 321 3982 ii
338 3950 428 3991 omnes,
441 3944 469 3983 ut
483 3934 543 3983 nihil
554 3934 642 3989 dicam,
652 3948 703 3996 Jani
736 3947 843 4007 pugnam
862 3941 986 3987 excitatur,
1004 3948 1082 3996 nequa
1101 3942 1217 3982 mercator
1237 3948 1296 3982 nau·

140 4015 211 4048 versu
228 4008 313 4065 quarto
328 3999 391 4048 haud
408 4000 508 4048 obscure
518 4000 572 4047 vite
584 4013 634 4047 suso
646 4012 703 4044 con·
737 3996 807 4060 liegii
826 3996 956 4061 periculum
972 3995 1117 4059 expavescit,
1133 4012 1210 4106 neque
1226 3999 1297 4071 rebus

140 4063 256 4114 ditionem
274 4063 411 4127 designasse
426 4064 552 4128 Alpbium,
567 4062 703 4116 consilium,
737 4059 870 4109 forensibus
880 4074 974 4123 operam
986 4059 1035 4116 dat,
1047 4075 1125 4132 neque
1134 4076 1172 4107 mo
1183 4069 1235 4108 esta
1245 4062 1296 4117 illa,

141 4144 186 4177 cur
213 4130 378 4178 foeneratoiem
401 4127 509 4193 inprimis
531 4128 587 4175 vitae
611 4126 704 4174 msticae
737 4126 827 4189 quibus
847 4122 1006 4188 potentiomm
1027 4134 1128 4187 gratiam
1150 4132 1174 4172 et
1192 4124 1297 4173 favorem

141 4209 208 4243 nunc
230 4192 377 4241 laudatorem
407 4192 488 4241 fecerit
517 4200 594 4257 poeta,
620 4204 703 4263 parum
737 4187 1054 4251 sibicolligat,obitofficia.
1074 4188 1298 4237 Escitnturclnssico

171 4258 291 4324 reperisse
302 4256 421 4305 videntur.
449 4256 549 4306 Scilicet
564 4264 591 4304 ut
608 4270 655 4302 iirn
673 4254 702 4302 il·
736 4254 810 4307 milri,
821 4251 922 4301 classica
938 4250 1008 4325 enim·
1017 4259 1090 4300 noctu
1101 4268 1206 4325 quoque,
1217 4254 1297 4326 subito

140 4274 200 4378 lim,
212 4338 262 4387 qua
279 4321 423 4371 insatiabilis
434 4320 570 4369 divitiarum
585 4318 703 4383 cupiditas
737 4319 767 4365 ab
790 4317 899 4364 hostibus
916 4316 980 4363 facto
1001 4325 1101 4381 impetu,
1122 4316 1152 4365 ed
1176 4317 1264 4366 milites
1276 4334 1296 4393 'e

140 4396 273 4452 pervertere
290 4401 354 4452 saepe
371 4386 495 4435 hominum
509 4394 608 4439 mentes,
622 4391 646 4431 et
661 4382 703 4431 ho·
737 4396 821 4431 somno
837 4379 976 4429 excitandos
995 4381 1157 4439 canebantur,
1174 4397 1223 4445 qua
1241 4398 1296 4448 qui·

141 4450 280 4501 nestissima
295 4466 325 4499 ex
344 4450 374 4498 iis
393 4450 482 4515 pellere
501 4449 577 4497 soleat
595 4446 704 4505 consilia,
736 4446 791 4495 dem
808 4462 833 4495 re
848 4444 936 4520 passim
953 4445 1044 4494 militie
1059 4462 1123 4518 cuin
1140 4454 1165 4493 et
1183 4446 1298 4496 molestie

141 4532 190 4565 non
203 4516 281 4565 serbis
296 4523 388 4564 tantum
401 4522 425 4565 et
439 4513 571 4571 sententiis,
584 4511 647 4577 quod
660 4526 703 4561 se·
738 4511 857 4575 designari
874 4510 967 4561 solent:
994 4510 1114 4567 Tiburti,
1129 4513 1188 4568 Μ,
1206 4512 1298 4564 Martia
