3150 5200
213 313 232 353 ἡ

522 351 547 358 ”“
581 349 744 418 LIBER
767 352 812 432 ΙΙ,
839 356 868 419 1.

230 497 368 563 Sudor'is
384 501 566 580 minimum3
592 505 651 569 sed
664 505 765 570 habet
779 507 950 572 Comoedia
963 509 1054 576 tanto
1140 511 1146 515 ’

145 598 207 661 170
230 599 309 663 Plus
326 604 445 679 oneris,
461 615 584 687 quanto
598 609 700 671 veniae
714 609 831 673 minus.
877 608 1037 694 Adspice,
1053 612 1190 676 Plautus
1279 625 1283 631 '

231 702 308 774 Quo
324 715 421 786 pacto
437 717 548 789 partes
565 717 690 772 tutetur
705 711 842 773 amantis
857 711 995 793 ephebi!
1087 763 1091 769 .

229 802 277 866 Ut
292 805 394 887 patris
410 809 537 896 attenti,
553 806 678 872 lenonis
694 819 731 872 ut
746 811 911 874 insidiosi!

228 904 380 977 Quantus
397 908 438 970 sit
453 908 648 973 Dossennus
664 911 820 974 edacibus
834 913 866 975 in
882 914 1051 996 parasitis!

226 1005 335 1078 Quam
350 1031 415 1072 non
429 1009 586 1074 adstricto
597 1023 768 1095 percurrat
783 1012 910 1097 pulpita
925 1019 1039 1080 socco!

143 1107 203 1169 175
226 1105 338 1172 Gestit
352 1111 437 1173 enim
450 1133 614 1175 nummum
629 1114 662 1175 in
677 1112 801 1177 loculos
816 1114 997 1193 demittere,
1014 1127 1089 1200 post
1104 1115 1166 1181 hoc

225 1207 380 1286 Securus,
397 1213 503 1288 cadat,
520 1235 562 1276 an
577 1223 667 1278 recto
684 1224 747 1277 stet
763 1213 874 1289 fabula
889 1216 965 1280 talo.

226 1310 334 1382 Quem
349 1312 423 1375 tulit
438 1313 479 1376 ad
497 1336 625 1378 scenam
641 1326 774 1380 ventoso
792 1315 908 1380 Gloria
922 1341 1031 1396 curru,

224 1411 401 1476 Exanimat
414 1413 522 1478 lentus
538 1427 713 1499 spectator,
731 1417 865 1480 sedulus
881 1419 989 1483 inflat:

224 1512 278 1576 Sic
294 1513 374 1590 leve,
392 1516 438 1578 sic
453 1538 587 1598 parvum
602 1529 663 1594 est,
680 1519 820 1582 animum
835 1520 925 1602 quod
939 1521 1045 1585 laudis
1061 1544 1193 1586 avarum

139 1613 201 1676 180
223 1613 360 1679 Subruit
375 1638 412 1681 ac
428 1617 550 1682 reficit!
597 1618 716 1683 Valeat
732 1642 783 1683 res
796 1620 933 1698 ludicra,
950 1624 978 1685 si
990 1645 1042 1686 me

223 1714 336 1779 Palma
350 1729 468 1801 negata
482 1742 635 1796 macrum,
652 1721 773 1784 donata
786 1723 916 1786 reducit
931 1725 1085 1808 opimum.

222 1815 319 1901 Saepe
334 1818 431 1882 etiam
445 1820 601 1885 audacem
616 1821 708 1906 fugat
722 1821 785 1886 hoc
802 1833 967 1908 terretque
983 1837 1126 1909 poetam,

134 1931 136 1936 '
223 1918 324 1990 Quod
338 1942 472 1984 numero
487 1920 608 2005 plures,
625 1924 744 1986 virtute
759 1924 933 1990 ethonore
948 1928 1100 2002 minores,

222 2019 351 2085 Indocti
366 2021 539 2107 stolidique
554 2037 588 2088 et
604 2025 794 2108 depugnare
809 2029 926 2109 parati,

134 2203 160 2252 in
171 2204 255 2253 tabula
264 2214 343 2256 cereta
353 2206 447 2256 inverso
458 2208 520 2273 stylo
530 2210 696 2284 complanatur
728 2210 880 2265 Dossennus,
888 2211 949 2258 nihil
959 2210 1031 2275 plene
1040 2227 1137 2266 curans,
1149 2220 1228 2260 utrum
1240 2213 1287 2262 illa

133 2279 159 2317 et
179 2269 280 2326 deletur,
310 2273 382 2319 litura
410 2281 518 2321 vocatur.
560 2274 626 2321 Hinc
651 2271 695 2320 inl.
727 2275 893 2330 ersibttentur,
905 2289 937 2323 an
948 2275 1059 2339 plausum
1069 2275 1155 2324 terant.
1183 2277 1286 2333 Fabula,

133 2333 212 2399 Epist.
226 2334 256 2382 ad
275 2335 326 2383 Pis.
342 2351 366 2382 v.
383 2337 441 2393 293,
459 2351 555 2385 carmen
573 2339 632 2399 quod
650 2351 696 2384 ιιιιι
727 2351 782 2400 quse
801 2337 942 2403 displicato
972 2338 1110 2393 ctatoribus,
1125 2341 1214 2396 cadere,
1248 2355 1287 2388 ue

133 2399 208 2446 malta
227 2400 275 2447 dies
293 2408 314 2448 st
332 2401 406 2448 multo
425 2402 500 2448 litura
516 2403 624 2457 emonis,
637 2401 661 2448 h.
672 2415 695 2449 e.
745 2401 815 2459 lecet,
833 2413 894 2450 stare
912 2404 958 2465 (c.
974 2418 1028 2467 sup.
1046 2403 1078 2450 sd
1094 2403 1146 2451 Sat.
1157 2403 1173 2458 i,
1187 2357 1286 2468 1117)

131 2462 198 2525 quod
214 2478 263 2510 non
279 2463 321 2510 diu
337 2464 486 2526 multumque
502 2465 651 2513 elaboratum
667 2473 691 2512 et
722 2417 825 2513 dicitur:
842 2476 903 2514 recto
914 2469 971 2522 tola,
982 2467 1050 2513 lirmo
1061 2466 1131 2530 quasi
1142 2466 1211 2531 pede.

131 2525 280 2589 perlitatum
291 2527 378 2575 avitiis
388 2527 519 2576 cohibitum
529 2537 554 2577 et
565 2538 691 2594 purgatum
757 2530 803 2576 177
807 2565 813 2578 .
830 2531 868 2577 Ad
875 2547 972 2585 amnem,
982 2529 1012 2577 ad
1025 2529 1119 2578 fabulas
1130 2529 1280 2578 scribendas:

131 2599 178 2645 est,
190 2590 376 2656 reprehenditur.
724 2593 811 2643 Glorie
821 2612 914 2650 cunm,
922 2596 964 2660 qui
975 2611 1029 2659 sup.
1042 2594 1116 2650 Sati,
1125 2595 1188 2651 aaa
1197 2594 1285 2644 dicitur

167 2656 302 2704 los-170.
323 2657 442 2712 Creditur,
461 2664 518 2705 cett.
551 2656 689 2705 Comoedin-
714 2658 824 2723 felgaria,
840 2659 1014 2722 significantius
1031 2658 1056 2706 h.
1073 2659 1090 2705 l.
1101 2659 1190 2706 dicitnr
1205 2670 1283 2707 cenw-

130 2733 199 2766 omm
217 2719 333 2768 conlectio
352 2720 476 2769 minimum
498 2721 586 2769 laboris
605 2722 690 2769 habere
722 2738 768 2779 nas,
780 2722 923 2787 ὑπηνέμιος,
940 2723 1075 2787 explicante
1087 2722 1173 2771 Vossio
1191 2722 1216 2771 in
1230 2739 1283 2787 my-

130 2790 235 2845 pntatnr,
259 2783 317 2847 quia
343 2784 447 2841 materia,
470 2785 495 2831 in
522 2784 600 2833 medio
621 2785 690 2849 quasi
723 2785 871 2849 thologisehe
883 2786 971 2843 Briels,
983 2788 1014 2835 T.
1025 2786 1052 2841 ii,
1061 2804 1086 2851 p.
1097 2788 1153 2835 171.

131 2847 217 2911 posita,
226 2863 240 2895 e
248 2848 298 2895 vita
306 2848 427 2896 communi
436 2848 537 2913 petitur;
549 2848 591 2897 sed
599 2858 690 2922 quanta
758 2850 812 2898 tte.
830 2851 926 2906 Lentus,
938 2850 1098 2910 ἀναίσθητος,
1107 2850 1178 2914 cujus
1189 2850 1283 2900 animus

130 2909 211 2958 minus
220 2911 296 2959 venia
307 2911 377 2959 datur
387 2912 558 2961 comoediarurn
573 2914 688 2978 scriptori,
723 2927 752 2961 ne
764 2914 889 2962 minimum
906 2914 1003 2978 quidem
1019 2923 1180 2962 commovetur
1195 2914 1283 2962 fabule

130 2973 323 3023 inrecornmuni
337 2976 533 3041 peccaminum
547 2976 689 3041 plusoperae
723 2977 825 3026 actione.
858 2978 991 3034 Επαιιὶιιαι,
1010 2977 1099 3025 tabula
1119 2978 1210 3025 auctori
1230 2977 1281 3025 ani-

130 3036 188 3086 huic
200 3038 233 3087 rei
244 3038 429 3103 impendendum
439 3049 483 3087 est.
721 3055 788 3089 mum
801 3041 870 3106 quasi
881 3040 958 3114 eripit,
970 3057 1011 3106 pro
1024 3040 1199 3103 vulgaricum,
1210 3056 1282 3103 quem

165 3102 302 3151 170-176,
315 3106 421 3165 Adspice,
433 3104 542 3159 Plautus,
552 3112 608 3153 cett.
632 3105 689 3153 Jem
722 3104 798 3167 gloria
824 3104 855 3153 ad
882 3106 1021 3153 scnbeudas
1043 3103 1173 3152 cosnoedias
1195 3104 1283 3160 aufert,

130 3166 246 3215 Horatius
258 3168 374 3215 Plautum
391 3175 414 3215 et
428 3166 558 3229 ignobilem
569 3168 689 3231 quendam
722 3168 863 3229 gravissimo
885 3168 966 3217 dolore
987 3168 1068 3216 afficit.
1111 3167 1217 3223 Sedulus,
1240 3168 1282 3231 qui

130 3238 224 3293 poetam
247 3231 373 3286 comicum,
397 3232 560 3288 Dossennum,
583 3232 613 3280 da
635 3248 688 3298 pro·
722 3232 802 3280 animo
817 3240 908 3281 attento
924 3241 1089 3295 commotoque
1107 3240 1206 3296 spectat.
1238 3232 1281 3279 ln-

129 3292 211 3341 ductis
227 3294 252 3342 in
270 3310 365 3343 scenam
377 3295 493 3359 personis,
505 3310 588 3359 parum
600 3306 691 3344 namra
713 3296 773 3357 flat,
786 3296 886 3361 inspirat
896 3296 1011 3351 animum,
1023 3310 1127 3359 eumque
1137 3295 1240 3343 extollit.

128 3358 298 3407 convenienter
319 3368 397 3425 partes
420 3374 475 3407 suas
506 3359 688 3417 sustinentibus,
756 3361 893 3409 lte-tet.
920 3362 959 3409 Sic
981 3362 1036 3416 keo,
1058 3367 1115 3407 cett.
1142 3373 1158 3406 a
1181 3374 1206 3406 re
1229 3366 1279 3406 tam

128 3429 206 3470 notat.
242 3424 530 3487 procto-Ut,quem
543 3425 614 3472 malo.
722 3421 779 3477 levi,
803 3434 852 3472 tam
872 3440 954 3488 parva,
975 3440 989 3471 ιι
1009 3431 1167 3499 spectatorum
1186 3422 1280 3472 scilicet

165 3487 220 3534 172.
236 3488 336 3543 Auenti,
348 3504 382 3535 ac.
395 3485 426 3535 ad
437 3487 562 3543 rem,h.e.
574 3488 648 3544 avari,
660 3496 689 3535 ut
720 3485 809 3535 fabulas
825 3496 867 3535 aut
884 3487 1079 3560 applaudentium
1096 3495 1137 3534 aut
1152 3488 1279 3535 eamessi·

127 3564 184 3615 sup.
197 3549 272 3616 Epist.
282 3551 300 3607 i,
313 3552 336 3607 7,
348 3553 390 3600 91.
720 3550 846 3599 bilantiam
854 3551 960 3608 arbitrio,
969 3550 1056 3615 pendet
1065 3559 1187 3615 poetarum
1213 3551 1279 3599 lorias

165 3615 219 3663 17³.
239 3616 345 3668 Quantus
360 3620 389 3663 sit
403 3616 540 3671 Dossennus,
552 3624 608 3664 cett.
620 3614 686 3663 vide·
719 3614 860 3688 cupidomm
893 3622 943 3662 tam
971 3614 1039 3663 dolor
1070 3629 1143 3678 quam
1171 3568 1281 3677 voluptas

127 3686 168 3726 tur
187 3679 330 3727 Dossennus
350 3678 412 3726 risus
433 3678 545 3743 captandi
567 3694 641 3727 causa
663 3678 688 3726 in
721 3678 810 3724 smmi:
822 3680 926 3726 animam
936 3679 1043 3734 sabran,
1054 3677 1178 3734 subvertit,
1188 3677 1280 3735 evertit,

125 3741 282 3853 prprimepda
298 3742 453 3860 pgrasitorum
469 3741 586 3854 edactiatate
599 3742 688 3791 nimius
720 3741 853 3852 pgrsprtit.l
872 3742 955 3852 ἔξαὶιαι
968 3758 1003 3814 res
1013 3742 1281 3853 liddeuldidriigsiribem

137 3820 217 3855 uisse·
253 3822 292 3855 nic
327 3818 467 3862 cantasse.
511 3820 524 3855 e
551 3841 557 3853 .
721 3819 772 3853 ast
801 3821 835 3853 rer
855 3822 871 3853 u
889 3820 1009 3853 terrestre
1034 3820 1049 3853 a
1250 3821 1278 3852 u·

162 3842 219 3919 174:
237 3871 311 3925 Quam
332 3888 376 3917 non
393 3822 512 3926 ndstticld,
532 3878 589 3920 cett.
607 3870 686 3918 histri·
718 3869 802 3917 dsrum
818 3868 932 3925 studium,
946 3868 967 3915 si
981 3877 1057 3932 poetae
1072 3869 1122 3915 vita
1141 3876 1190 3914 tarn
1209 3867 1279 3930 inops

126 3949 195 3990 ones,
207 3935 250 4001 qui
261 3952 322 3983 socco
331 3952 375 3981 nnn
388 3934 477 3983 arctius
489 3937 599 3982 eilstricto
611 3934 650 3998 (h.
664 3950 687 3983 e.
719 3940 743 3981 et
763 3948 844 3981 macra
861 3948 933 3997 quam
952 3932 1074 4004 opulenta,
1093 3931 1121 4004 in
1136 3931 1218 3995 populi
1236 3940 1279 4004 sut

126 3998 197 4057 laxo)
218 4016 260 4060 per
285 4001 378 4060 pulpita
405 3998 555 4055 incedebant,
584 4008 687 4047 externa
720 3996 884 4061 non'saventis
900 3995 1056 4044 autlavenns
1071 4003 1149 4059 posita
1162 4002 1198 4041 est
1215 3994 1278 4041 arbi·

125 4062 279 4127 negligentia
307 4063 402 4128 culpam
429 4062 475 4110 sibi
501 4062 687 4121 contrahebant3
719 4059 771 4109 trio.
807 4062 916 4115 Reducis,
929 4058 1107 4107 accommodate
1118 4056 1149 4105 ad
1158 4058 1232 4105 verbe
1247 4058 1280 4105 ab

125 4125 174 4175 hac
183 4127 286 4192 imagine
298 4126 369 4189 igitur
377 4126 428 4191 jam
444 4126 564 4175 Dossenni
577 4127 601 4173 in
612 4126 685 4191 scrip·
720 4124 896 4189 Olympionicis
911 4123 1041 4171 translata:
1062 4122 1145 4169 Palma
1161 4132 1279 4184 negate—

125 4191 159 4238 tis
170 4190 295 4240 comoediis
304 4190 396 4239 incuria
408 4199 479 4255 atqua
489 4191 635 4255 negligentia
643 4192 686 4239 de·
718 4191 820 4237 mnata.-
843 4204 897 4253 snp.
922 4186 972 4235 Od.
991 4187 1025 4243 ir,
1045 4187 1070 4239 2,
1090 4186 1130 4240 17,
1151 4185 1204 4232 Sine
1225 4200 1280 4248 quos

125 4254 687 4383 1771101ῗῖξωεῗιιῑὲἱῗῗὲῒιῖιῗἭῗ
721 4251 1073 4377 ffli‘iillii'dss‘iii‘
1081 4251 1275 4361 atti...

125 4335 225 4431 saniei
355 4354 361 4374 l
544 4338 557 4382 q
595 4336 624 4381 μ
719 4395 782 4446 sepe
803 4380 937 4429 audacioris
955 4378 1015 4427 adeo
1035 4390 1060 4426 et
1077 4375 1223 4425 sublimioris
1239 4376 1276 4424 in-

162 4447 467 4503 transcurrerem,
487 4454 543 4493 cett.
578 4444 649 4493 Lucri
666 4453 690 4494 et
722 4444 785 4507 genii
798 4453 892 4556 ἱοοιιιιιι
909 4458 962 4491 are
977 4442 1070 4490 ludicra
1084 4440 1179 4515 repellit
1195 4448 1221 4488 et
1234 4440 1277 4489 de·

126 4510 245 4561 mercedis
262 4520 355 4561 tentum
372 4525 446 4559 causa
462 4508 592 4560 comoedias
609 4508 690 4558 scribit
708 4516 793 4618 lterret
821 4523 859 4565 oc,
872 4507 937 4571 qnod
945 4509 1007 4570 plebs
1020 4512 1128 4571 (egregie
1139 4504 1210 4570 plane
1220 4504 1281 4553 dne·

680 4589 696 4621 ι.
