3150 5200
307 331 371 396 534
681 323 1068 393 EP'ISTOLARUM

392 483 541 558 Viribus,
557 481 698 565 ingenio,
715 481 835 564 specie,
850 480 980 554 virtute,
995 477 1079 553 loco,
1094 498 1143 553 re,

393 584 544 648 Extremi
560 583 746 667 primorum,
762 582 916 646 extremis
931 600 1036 661 usque
1050 578 1187 661 priores.

306 687 372 750 205
393 687 473 750 Non
488 707 523 748 es
539 705 675 746 avarum
699 683 764 746 abi.
811 681 927 754 Quid?
950 690 1060 744 cetera
1069 679 1138 762 jam
1156 677 1250 742 simul
1264 679 1333 743 iste

393 788 477 852 Cum
492 787 571 849 vitio
585 783 721 869 fugeret
745 794 836 848 caret
850 783 909 846 tibi
923 791 1040 865 pectus
1055 781 1143 844 inani

393 887 606 952 Ambitione?
629 895 719 950 caret
733 885 846 948 mortis
861 882 1033 946 formidine
1047 891 1081 945 et
1094 882 1165 944 ira?

395 990 536 1065 Somnia,
553 1000 694 1053 terrores
709 987 865 1069 magicos,
880 983 1169 1066 miraculasagas,

392 1091 583 1154 Nocturnos
598 1089 736 1152 lemures
752 1095 969 1171 portentaque
984 1083 1146 1148 Thessala
1160 1083 1271 1148 ridear

307 1194 372 1256 210
392 1191 531 1256 Natales
547 1201 638 1276 grate
654 1190 825 1254 numeras?
848 1186 990 1270 ignoscis
1004 1185 1134 1249 amiciri

394 1294 516 1358 Lenior
530 1303 564 1356 et
578 1291 690 1356 melior
704 1289 746 1354 fis
760 1288 936 1354 accedente
951 1290 1102 1351 senecta?

394 1395 486 1469 Quid
502 1406 534 1458 te
549 1403 677 1459 exemta
687 1393 781 1476 juvat
796 1390 898 1473 spinis
912 1388 954 1452 de
969 1388 1118 1472 pluribus
1131 1390 1221 1451 nna?
1248 1389 1254 1396 “

393 1495 514 1559 Vivere
531 1497 558 1558 si
573 1505 661 1559 recte
676 1493 794 1568 nescis,
807 1489 931 1554 decede
945 1490 1070 1573 peritis.

395 1596 520 1660 Lusisti
535 1597 625 1672 satis,
641 1594 738 1660 edisti
754 1593 844 1667 satis,
860 1601 958 1674 atque
973 1590 1102 1654 bibisti:

308 1698 374 1761 215
395 1696 542 1781 Tempus
558 1697 647 1760 abire
662 1696 722 1759 tibi
737 1702 805 1771 est3
828 1713 869 1755 ne
883 1701 997 1775 potum
1011 1692 1133 1774 largius
1148 1712 1243 1774 aequo

395 1797 518 1862 Rideat
533 1809 566 1864 et
581 1797 689 1882 pulset
706 1795 828 1860 lasciva
842 1793 1010 1858 decentius
1025 1801 1115 1856 aetas.

309 1983 718 2049 pertatepremi.sed,utpulch1e
732 1999 756 2030 v.
767 1982 817 2030 204
829 1978 866 2028 di·
898 1978 1009 2043 quaedam
1032 1992 1128 2041 genera
1146 1977 1247 2032 Somnia
1264 1985 1323 2027 cett.
1339 1982 1471 2038 αίηιιιι,
1550 1972 1551 1979 ’

308 2045 349 2103 cit,
363 2050 490 2108 primorum
505 2057 625 2104 muman,
642 2058 665 2096 et
682 2049 747 2110 prior
764 2047 868 2094 maenis
898 2051 1016 2108 putente,
1025 2050 1127 2091 ostenta.

308 2113 445 2158 emuniuit.
932 2108 990 2156 209.
1001 2106 1130 2154 Nocturnus
1144 2107 1254 2154 mm:
1273 2105 1348 2155 Ovid.
1360 2107 1433 2156 l'ast.
1443 2125 1469 2166 r,
1551 2154 1552 2163 ,

341 2175 400 2222 200.
417 2175 591 2231 Ριναν,(ο1α(.
901 2172 959 2226 400,
982 2173 1072 2218 animas
1092 2172 1169 2218 diam
1187 2171 1305 2219 sileam
1349 2171 1472 2236 Inteliige

340 2239 399 2286 201.
418 2239 521 2287 Tumidir
533 2241 603 2288 velis:
619 2236 679 2287 felix
696 2244 732 2285 est
750 2233 870 2299 navigatio
901 2242 993 2308 spectra
1010 2242 1036 2282 et
1052 2233 1101 2282 alia
1118 2248 1174 2297 qaas
1194 2233 1249 2297 quis
1267 2249 1294 2282 se
1310 2235 1339 2283 ia
1359 2237 1472 2286 renem

310 2315 365 2349 eum
389 2303 465 2350 ventis
485 2302 597 2351 secundis
618 2300 794 2366 adspirantibus
816 2299 871 2347 vela
901 2298 981 2348 ridere
1001 2313 1016 2346 ο
1034 2297 1128 2356 inatur;
1154 2311 1255 2360 quorum
1282 2299 1471 2348 svamm

308 2370 417 2416 tument:
435 2381 491 2413 cum
508 2366 554 2416 hac
573 2373 627 2431 apte
646 2374 794 2430 comparatur
812 2363 870 2412 felix
900 2377 975 2410 causa
985 2363 1005 2410 'a
1048 2362 1141 2410 omanis
1155 2360 1471 2422 mahummariam,

309 2426 364 2476 vitre
381 2443 466 2477 cursus
483 2444 564 2478 eorum
586 2430 684 2494 quibus,
704 2429 769 2476 amai
791 2443 870 2477 rerum
901 2441 943 2490 per
958 2434 1005 2474 tres
1014 2425 1067 2474 dies
1077 2425 1212 2476 celebrata:
1234 2425 1284 2474 vid.
1296 2425 1371 2475 0vtu
1383 2427 1406 2475 1.
1417 2428 1437 2476 1.
1454 2445 1471 2476 a

309 2505 338 2538 co
355 2491 378 2539 ia
389 2492 576 2550 abundantibus,
588 2494 669 2541 omnia
687 2507 752 2541 nunc
768 2509 798 2542 ex
816 2499 870 2540 roto
901 2507 924 2537 r.
931 2490 988 2541 421.
1005 2491 1159 2552 Portenthae
1170 2489 1327 2538 Tiautcrin
1338 2490 1472 2540 Thessali·

308 2567 322 2602 e
354 2563 410 2605 unt:
429 2555 470 2605 sed
487 2556 685 2621 quenadmodum
704 2556 870 2621 navigantibus
900 2553 945 2602 tuit
956 2554 1027 2618 quasi
1035 2554 1131 2603 officina
1141 2568 1285 2603 venenorum
1292 2562 1317 2603 et
1325 2554 1469 2615 barbarum,

308 2619 373 2667 venti
394 2620 502 2675 secundi,
520 2620 554 2669 ita
574 2620 689 2671 divitibus
710 2620 816 2670 timenda
834 2628 872 2670 est
902 2618 990 2683 quibua
1000 2620 1130 2669 utebantur
1139 2618 1412 2669 veneficiadndendns
1424 2621 1470 2670 bc·

309 2680 410 2731 fortunae
421 2681 532 2731 secunda
548 2684 667 2742 mutati03
685 2684 740 2733 binc
752 2700 808 2750 sup.
820 2684 871 2734 Od.
902 2682 978 2730 mines
988 2682 1171 2747 superstitiosos.

308 2744 335 2800 ii,
350 2747 388 2803 10,
400 2748 441 2803 22,
457 2750 571 2809 sapienter
588 2749 648 2795 idam
666 2748 790 2796 contrata
804 2760 871 2797 vento
934 2747 992 2795 210.
1010 2748 1093 2801 Grata,
1109 2744 1169 2795 dum
1185 2754 1251 2809 grate
1270 2747 1351 2795 anime
1369 2746 1397 2795 in
1416 2764 1469 2797 me·

307 2811 406 2857 nimium
415 2813 512 2859 usuardo
524 2810 629 2873 Turgida
640 2812 700 2859 aeis.
902 2810 1001 2859 moriam
1017 2824 1114 2859 revocas
1128 2826 1184 2874 quas
1198 2809 1314 2859 divinim
1324 2811 1370 2858 tibi
1386 2814 1470 2861 eonti-

341 2875 398 2923 202.
423 2874 476 2921 Nan
498 2883 573 2923 tamea
589 2878 697 2930 adversis,
720 2888 768 2922 non
790 2883 871 2925 tamen
902 2882 988 2937 gerunt
997 2889 1104 2923 munera.

308 2938 379 2987 rebus
390 2938 494 2987 adversis
506 2939 544 2986 vei
555 2939 655 2987 fonunae
672 2937 798 3001 iniquitate
816 2955 870 3004 prs-
934 2938 992 2987 212.
1008 2938 1121 2999 Spinisde
1129 2939 1246 2999 pluribus.
1261 2938 1338 2998 Spina
1348 2940 1470 2989 transsate

309 3002 403 3050 mimnr.
429 3004 530 3051 AEtutem
547 3004 637 3059 ἀπεαπ,
656 3018 707 3068 pro,
724 3018 810 3065 egem
835 3004 870 3052 sic
903 3000 1095 3065 desidiaque
1112 3000 1219 3049 animum
1237 3000 1344 3051 laceram
1359 3011 1385 3051 et
1401 3020 1467 3069 pan·

307 3066 377 3129 Virg.
392 3068 449 3115 AEn.
460 3067 487 3124 ii,
503 3066 560 3125 641,
578 3066 617 3114 Μ(
632 3071 651 3115 ai
667 3068 770 3115 minata
785 3069 869 3116 uelab-
903 3073 972 3129 gunt.

307 3139 357 3179 sent
365 3132 449 3179 discere
458 3136 537 3179 vitum.
933 3130 991 3179 21³.
1008 3129 1098 3177 Decede
1109 3131 1200 3190 peritis,
1211 3129 1242 3178 de
1252 3130 1293 3177 via
1300 3129 1391 3179 excede
1401 3132 1467 3195 peri·

340 3195 399 3241 20³.
422 3196 507 3256 Specie,
527 3202 623 3243 externo
642 3209 720 3242 rerum
742 3193 768 3242 in
787 3194 870 3242 oculos
901 3192 1010 3247 fioribus,
1030 3192 1055 3239 h.
1065 3208 1089 3243 e.
1107 3192 1186 3240 lecum
1203 3193 1311 3256 relinque
1326 3192 1359 3241 iis
1379 3196 1427 3259 qni
1443 3204 1468 3245 te

308 3255 445 3305 cadentium
458 3258 549 3305 habitu.
582 3258 649 3313 Loro,
667 3256 793 3319 dignitate.
825 3259 869 3317 Re,
902 3255 1266 3320 reetimetsapientiusvivunt.

309 3336 343 3368 sc.
356 3319 474 3369 familiari.
934 3322 992 3368 214.
1008 3321 1108 3377 Ludere,
1126 3323 1199 3374 edere,
1216 3323 1299 3375 bibere,
1313 3321 1466 3387 conjunctim

341 3384 399 3431 204.
432 3384 534 3431 Extremi
559 3386 696 3446 pnmornm,
725 3384 869 3434 translatam
899 3385 931 3432 de
948 3384 979 3433 iis
999 3384 1043 3448 qui
1057 3383 1160 3449 corporis
1175 3384 1310 3449 voluptates
1324 3394 1466 3435 sectantur:

308 3460 323 3493 a
345 3444 409 3493 ludis
433 3446 568 3511 gymnicis:
591 3448 623 3497 cf.
645 3462 700 3512 sup.
724 3450 774 3497 Sat.
802 3448 819 3503 i,
844 3451 868 3505 1,
901 3450 988 3506 luders,
1005 3448 1076 3509 genio
1092 3463 1136 3497 sue
1152 3446 1277 3510 indulgere
1294 3449 1321 3496 in
1354 3450 1467 3498 tribunis

310 3510 365 3557 116.
901 3528 980 3561 rerum
1002 3510 1145 3560 ludicrarum
1167 3512 1304 3575 generibus,
1327 3466 1359 3561 dd
1381 3514 1465 3578 poesia

340 3574 477 3623 205-207.
496 3574 549 3623 Non
565 3591 587 3623 es
601 3590 699 3624 uvam:
715 3578 761 3623 ubi.
792 3576 818 3625 Si
836 3576 871 3625 ita
901 3576 982 3624 referri
994 3576 1153 3639 nequitnam
1169 3584 1297 3624 seruasset
1313 3576 1465 3625 debomiai-

308 3637 360 3701 agis
370 3646 394 3686 et
406 3639 488 3695 sentis,
500 3638 566 3688 haud
581 3654 680 3687 avarum
692 3639 871 3713 tsjndico‚sed
901 3640 947 3687 bus
961 3638 1073 3703 quincta
1088 3642 1285 3688 viventiaciant.
1319 3640 1467 3704 Antiquisn

309 3708 340 3757 te,
353 3710 380 3749 ut
388 3703 524 3751 absolutum
535 3702 608 3767 hujus
620 3702 681 3757 vitii,
692 3705 756 3751 abne
767 3711 792 3752 et
803 3720 871 3769 pons
901 3704 1011 3768 exempla
1029 3703 1059 3751 de
1079 3704 1123 3751 hac
1145 3717 1257 3767 expressa
1274 3704 1397 3754 sentemia
1415 3705 1466 3753 vid.

308 3780 345 3814 res
361 3774 415 3814 tuas
431 3766 466 3815 ita
482 3782 551 3831 agere
560 3768 643 3832 jubeo.
677 3766 724 3815 Isto
736 3768 795 3815 Cum
805 3772 869 3825 vitiu,
902 3768 967 3833 apud
980 3768 1134 3815 Lambinum.

309 3844 344 3878 sc.
362 3830 483 3879 avaritia:
494 3834 602 3895 sugent
618 3840 788 3895 spectaretuo
815 3832 870 3881 uisa
940 3833 998 3887 215,
1019 3832 1077 3878 216.
1111 3830 1205 3890 Tempus
1233 3834 1298 3878 abire
1330 3832 1464 3895 (dmm,

308 3897 416 3943 cesmret
451 3896 521 3943 Caret
542 3898 583 3943 tibi
604 3905 681 3956 pectas
702 3898 769 3943 inani
811 3898 868 3944 mbi-
901 3910 924 3942 r.
935 3896 998 3957 210)
1017 3898 1068 3950 tibi,
1086 3902 1113 3943 ut
1130 3894 1237 3943 conviva
1256 3894 1333 3942 saturi
1350 3897 1398 3957 (cf.
1409 3910 1466 3968 sup.

307 3960 383 4005 tione?
401 3960 489 4014 Nemo,
501 3966 567 4024 puto,
576 3958 616 4007 cui
626 3959 687 4007 inest
697 3958 792 4007 animus
802 3975 867 4008 eree·
900 3960 951 4007 Sat.
962 3959 979 4014 i,
989 3960 1012 4014 1,
1022 3959 1091 4020 119),
1099 3974 1138 4013 ns,
1146 3958 1166 4005 si
1177 3959 1248 4006 nimis
1258 3958 1356 4021 largiter
1367 3968 1392 4007 te
1402 3960 1465 4006 inar-

307 4020 360 4078 tior‚
373 4022 451 4070 locum
471 4031 611 4087 sequentem
622 4022 699 4085 legere
710 4030 796 4087 potest,
808 4024 868 4086 quin
900 4022 1064 4087 taverispotu,
1076 4021 1156 4096 pueris
1169 4030 1192 4070 te
1204 4022 1465 4071 ebrinmettemuien-

308 4084 436 4133 Horatium
461 4094 487 4134 nt
514 4086 716 4152 sapientissimum
743 4086 867 4144 virtutum,
900 4094 951 4134 tam
966 4088 1114 4151 petulantius
1131 4086 1289 4134 tractantibus
1301 4086 1336 4134 sis
1349 4086 1466 4136 ludibrio.

306 4149 867 4263 nitentitttzttttW·
900 4152 986 4263 itt
995 4149 1289 4276 'itt’tittttt‘
1303 4151 1466 4263 ‘tiabit

338 4278 396 4332 200,
414 4278 472 4326 209.
497 4276 597 4333 Somnia,
617 4285 674 4325 cett.
694 4292 736 4343 pro
754 4277 867 4353 supersti-
899 4281 988 4326 uariae
1012 4288 1074 4334 atas,
1096 4277 1172 4341 pueri,
1194 4293 1263 4341 qnos,
1287 4280 1365 4343 magis
1387 4294 1465 4341 quam
1553 4331 1554 4340 ἶ

306 4340 405 4390 tionein
416 4339 552 4389 universum
570 4340 678 4388 nominat
694 4342 867 4406 superstitionis
900 4357 977 4400 senes,
989 4342 1057 4391 decet
1067 4340 1174 4391 iascivia.
