3150 5200
463 341 465 344 ’
560 369 725 435 mann
745 369 772 447 1,
799 370 847 435 rr.
1216 371 1281 436 svs

151 521 195 584 25
217 520 303 594 Quae
318 521 422 604 possit
437 522 516 585 tibi:
540 545 600 586 nec
615 523 768 586 meretrix
783 524 928 599 tibicina,
943 524 1036 608 cujus

217 622 274 687 Ad
291 623 461 706 strepitum
477 623 572 687 salias
589 635 684 688 terrae
699 624 824 708 gravis:
848 635 1004 689 ettamen
1018 647 1116 710 urges

216 723 419 808 Jampridem
434 746 499 788 non
514 735 602 790 tacta
615 725 779 810 ligonibus
794 747 882 803 arva,
897 728 1077 810 bovemque

216 826 429 909 Disjunetum
443 848 549 903 curas,
565 838 599 890 et
615 827 735 891 strictis
750 827 921 892 frondibus
937 828 1068 913 exples:

218 925 324 990 Addit
339 949 421 1010 opus
437 928 532 1011 pigro
545 928 644 1004 rivus,
661 929 688 992 si
703 928 827 992 decidit
840 930 954 1006 imber,

153 1028 197 1091 30
218 1027 327 1092 Multa
340 1028 424 1093 mole
440 1029 607 1094 docendus
623 1030 733 1113 aprico
748 1052 883 1114 parcere
897 1041 1003 1114 prato.

218 1129 330 1206 Nunc,
346 1152 418 1214 age,
434 1130 514 1213 quid
530 1140 676 1194 nostrum
691 1143 883 1196 concentum
898 1133 1033 1211 dividat,
1047 1134 1136 1198 audi.

220 1232 328 1306 Quem
344 1243 458 1298 tenues
474 1233 613 1298 decuere
628 1241 715 1317 togoe
729 1233 890 1316 nitidique
904 1233 1024 1318 capilli,

219 1335 328 1408 Quem
344 1336 406 1399 scis
421 1335 593 1399 immunem
609 1335 738 1399 Cinarae
753 1334 915 1419 placuisse
929 1337 1053 1419 rapaci,

219 1435 327 1509 Quem
342 1437 490 1502 bibulum
503 1437 619 1520 liquidi
632 1437 739 1502 media
754 1436 796 1501 de
809 1436 883 1502 luce
896 1436 1037 1514 Falerni,

155 1537 197 1600 35
220 1537 325 1602 Coena
338 1540 446 1603 brevis
457 1540 563 1623 juvat,
579 1550 613 1602 et
627 1561 730 1622 prope
745 1539 849 1602 rivum
863 1560 996 1604 somnus
1009 1540 1044 1602 in
1056 1539 1180 1605 berba:

219 1638 293 1702 Nec
306 1639 422 1704 lusisse
437 1641 552 1724 pudet,
568 1641 627 1704 sed
642 1663 707 1704 non
722 1641 866 1706 incidere
879 1639 1004 1704 ludum.

220 1738 298 1804 Non
313 1742 386 1804 istic
401 1741 534 1825 obliquo
549 1741 644 1806 oculo
658 1763 730 1806 mea
744 1743 912 1806 commoda
927 1743 1098 1826 quisquam

222 1841 350 1921 Limat;
374 1865 439 1906 non
454 1843 530 1907 odio
546 1844 686 1908 obscuro
701 1865 876 1927 morsuque
888 1855 1044 1909 venenat:

221 1941 346 2007 Rident
361 1944 456 2008 vicini
471 1945 584 2030 glebas
600 1956 634 2008 et
650 1967 728 2008 saxa
743 1956 934 2010 moventem.

156 2044 199 2106 rt>
221 2045 306 2109 Cuni
321 2045 422 2108 servis
437 2047 563 2110 urbana
578 2047 682 2110 diaria
696 2046 814 2110 rodere
827 2047 950 2110 mavis?

220 2146 350 2210 Horum
365 2147 450 2210 tuin
464 2169 633 2212 numerum
648 2159 724 2212 voto
740 2149 829 2212 ruist
874 2149 1006 2214 Invidet
1020 2172 1115 2213 usum

197 2291 199 2294 -
221 2247 402 2332 Lignorum
415 2258 449 2312 et
463 2251 591 2334 pecoris
607 2249 668 2313 tibi
683 2248 754 2312 calo
769 2260 905 2334 argutus
918 2261 952 2315 et
966 2250 1065 2316 horti.

221 2348 326 2433 Optat
340 2349 497 2437 ephippia
511 2353 571 2416 bos
586 2352 698 2435 piger3
722 2363 816 2435 optat
830 2375 923 2417 arare
938 2352 1100 2416 caballus:

221 2451 330 2523 Quam
346 2452 407 2516 scit
422 2464 571 2536 uterque,
586 2452 692 2517 libens
709 2450 874 2537 (censebo)
889 2466 1041 2519 exerceat
1055 2466 1168 2519 artem.

138 2623 221 2670 Veram
232 2624 271 2669 uti
310 2625 333 2671 td
342 2625 423 2671 melius
434 2628 549 2689 contingit
560 2625 694 2681 stamiria-
727 2622 786 2687 quid
801 2623 864 2672 illud
879 2624 969 2689 sitque
986 2625 1101 2675 interme
1116 2624 1284 2675 ettediscon·

134 2684 199 2750 apud
218 2640 311 2735 Catuli.
330 2688 395 2745 xxix,
415 2689 439 2744 3,
454 2692 594 2750 patrimonio
613 2698 694 2742 unna,
727 2687 816 2745 veniat,
828 2696 857 2737 ut
865 2689 962 2738 locutus
971 2697 1009 2738 est
1017 2706 1043 2738 v.
1056 2692 1096 2739 13.

135 2749 224 2815 opima,
236 2750 347 2799 lautiora.
760 2753 866 2801 32—36.
884 2754 971 2803 'lenires
982 2755 1010 2818 (e
1020 2754 1087 2804 tenui
1097 2763 1122 2803 et
1130 2754 1215 2803 subtili
1225 2769 1285 2820 pan·

166 2816 199 2861 21
209 2830 263 2877 sqq.
281 2815 313 2863 Er
324 2818 391 2879 quod,
403 2823 460 2863 cett.
472 2830 541 2880 porro
552 2815 606 2865 ideo
616 2815 642 2863 in
654 2829 694 2861 ur·
728 2816 1007 2885 nocouleetre)togeop
1040 2821 1288 2882 nunturtogiscmris

135 2878 191 2926 bem
204 2878 280 2927 redire
291 2880 369 2945 cupis,
380 2879 445 2943 quod
458 2881 576 2953 (longatus
587 2882 644 2942 iste)
656 2878 695 2926 hic
729 2896 782 2945 sup.
795 2883 845 2929 Sat.
858 2881 875 2937 i,
886 2883 911 2937 3,
925 2884 963 2930 15.
1017 2884 1086 2945 apitii
1102 2886 1182 2939 nitidi,
1194 2898 1229 2931 sc.
1240 2898 1286 2931 uu·

135 2956 200 3005 ager,
213 2944 245 2990 ab
256 2944 315 2991 urbe
331 2954 441 2999 remotus,
453 2959 520 3055 piper
530 2953 554 2991 et
567 2944 622 2993 dms
633 2945 695 3007 (oct-
728 2945 841 3007 guentis:
859 2962 913 3012 sup.
929 2946 978 2994 0d.
993 2947 1020 3004 ii,
1034 2948 1058 3004 7,
1070 2948 1095 3004 7,
1111 2949 1191 3009 capilli
1210 2948 1287 2995 Mato-

134 3007 180 3067 us)
203 3006 283 3073 petitu
305 3024 378 3071 quam
400 3022 459 3056 uvas
488 3016 555 3067 επεὶ,
581 3007 695 3073 deniqne,
726 3010 810 3058 bostro
837 3009 905 3072 Syrio
930 3013 1036 3059 attenta.
1075 3012 1180 3058 Fuerant
1207 3019 1287 3059 eutem

135 3070 202 3133 qood
218 3086 263 3119 uec
282 3072 309 3119 in
325 3072 447 3121 vicinitate
467 3080 503 3120 ast
521 3074 695 3137 uterumque
729 3072 823 3121 Horatii
841 3075 920 3122 crines
937 3077 1012 3137 nigri,
1030 3082 1059 3122 rt
1076 3074 1127 3139 ipse
1143 3090 1186 3123 eos
1203 3074 1287 3123 laudat

135 3133 181 3182 tibi
201 3134 283 3183 vinum
312 3138 415 3200 prebere
439 3136 523 3202 possit,
545 3152 589 3185 nec
610 3143 696 3202 presto
726 3152 782 3201 ‘sup
795 3137 873 3202 Epist.
885 3138 903 3194 i,
915 3140 939 3194 7,
951 3140 993 3187 25.
1018 3140 1151 3194 immunera,
1164 3138 1233 3186 nullo
1243 3140 1286 3187 ob-

135 3198 205 3247 adest
214 3200 332 3256 meretrix,
343 3208 399 3250 cett.
728 3200 777 3249 lato
787 3217 903 3262 munere3
919 3202 976 3252 binc
986 3218 1040 3268 sup.
1050 3202 1100 3251 Od.
1111 3202 1143 3260 iv,
1157 3205 1180 3259 l,
1192 3204 1217 3257 3,
1228 3221 1286 3266 (μω-

168 3264 276 3312 26-28.
300 3264 375 3313 Tm
395 3268 491 3330 gesom
519 3264 602 3315 rustici
623 3264 697 3320 enim,
729 3267 757 3313 lis
772 3282 834 3313 erum
847 3269 1153 3332 mandragnocinoroe.
1188 3268 1286 3329 Rapaci,

137 3324 258 3392 precipue
269 3327 324 3376 vino
335 3344 424 3392 meres,
433 3345 489 3378 cum
498 3329 594 3386 saltant,
603 3330 698 3393 gravius
729 3344 855 3378 munerum
871 3332 935 3396 apud
947 3331 1007 3380 alios
1022 3330 1236 3443 appetentissime3
1253 3332 1287 3381 sic

136 3389 331 3453 pulsantterram
342 3393 450 3458 pedibus.
484 3392 517 3441 Et
527 3403 603 3441 tamen
617 3412 648 3441 m·
688 3430 694 3451 ,
726 3410 801 3456 rapax
810 3397 903 3443 domino
912 3396 977 3460 apud
987 3396 1052 3445 Tibe
1062 3397 1080 3445 l.
1090 3395 1116 3452 ii,
1128 3398 1153 3452 4,
1164 3398 1206 3443 25.

135 3461 194 3501 cett.
206 3468 291 3503 sensus
307 3464 331 3504 et
347 3472 440 3506 nexus:
457 3464 573 3507 ettamen
589 3472 637 3507 nou
666 3456 695 3504 is·
759 3460 800 3507 34.
817 3460 944 3509 Bibulum:
959 3461 1005 3509 inf.
1017 3462 1095 3525 Epist.
1106 3460 1124 3516 i,
1134 3462 1174 3516 13,
1184 3462 1226 3517 91,
1239 3462 1284 3508 Ρο·

136 3516 192 3566 fluis
201 3518 287 3583 ignavo
298 3520 355 3579 otio,
363 3522 427 3595 quod
437 3521 539 3570 excitare
550 3523 625 3587 possit
630 3521 697 3570 urbis
729 3532 785 3570 tores
798 3525 872 3571 tituli
882 3526 958 3572 medio
967 3528 996 3573 de
1005 3535 1070 3573 nocte
1081 3526 1186 3573 Falerni.

135 3580 289 3642 desiderium,
305 3586 353 3633 imo
381 3601 419 3633 arn
438 3585 528 3650 pridem
543 3587 582 3635 vel
599 3586 697 3634 insudas
761 3586 802 3635 35.
815 3588 1082 3649 Cenatrwb,modica,
1105 3604 1145 3637 ue
1153 3588 1219 3636 bravi
1229 3598 1288 3637 tem-

136 3647 349 3713 agroligonibusl
378 3650 458 3706 iendo,
468 3650 507 3699 vel
518 3651 600 3699 bovem
612 3650 637 3698 in
649 3658 696 3698 sta·
760 3664 785 3699 re
801 3650 920 3709 sumitur,
937 3651 1046 3701 similiter
1061 3605 1107 3701 ini.
1123 3653 1149 3700 iu
1167 3652 1244 3717 Epist.
1257 3654 1288 3702 ad

135 3710 194 3759 bulo
203 3727 283 3770 curas,
294 3722 318 3762 et
328 3714 421 3762 strictas
436 3712 530 3763 frondes
545 3715 568 3763 ei
585 3730 630 3780 sup
677 3714 696 3761 i·
751 3715 1016 3771 is.l98,mensobreois.
1034 3718 1192 3779 Preperimtm
1200 3734 1290 3765 omnus

134 3782 182 3821 tas.
216 3776 367 3841 Disjunetum
373 3796 382 3837 ,·
400 3778 426 3826 in
437 3778 532 3829 stabulo
549 3778 613 3827 enirn
644 3794 697 3827 osa
727 3781 752 3825 r'n
762 3779 831 3826 herbo
840 3779 905 3841 (toro
916 3779 1288 3842 gramineo)‚estruollior;lrinc

134 3837 196 3902 jugo
207 3840 343 3905 disjunctus
354 3850 399 3891 est.
731 3842 800 3905 Virg.
813 3843 867 3891 Ecl.
875 3843 917 3901 vii,
926 3846 967 3899 45,
980 3844 1079 3893 Muscosi
1083 3846 1290 3910 fontes,etromno

169 3904 210 3960 29,
230 3906 271 3954 30.
295 3908 368 3954 Addit
388 3923 444 3967 cpias
460 3909 528 3969 pigro
547 3911 620 3965 rino,
640 3915 696 3957 cett.
729 3908 820 3954 mollior
839 3909 924 3965 terim
949 3908 1042 3973 accipio
1064 3918 1146 3957 autam
1166 3924 1241 3956 somno
1262 3908 1288 3956 in

135 3966 183 4015 buc
195 3970 287 4019 accedit
303 3970 430 4034 laborque
444 3978 467 4019 te
481 3970 582 4019 otiosum
595 3981 698 4036 occupat
729 3970 753 4017 h.
767 3970 784 4017 l.
798 3970 894 4034 Virgilii
905 3986 954 4019 uon
968 3971 994 4019 in
1010 3972 1124 4026 ablativo,
1135 3971 1214 4020 sedin
1225 3970 1287 4020 dati-

136 4029 210 4088 rirus,
223 4034 273 4096 qui,
286 4033 306 4082 si
326 4034 402 4082 imber
412 4034 509 4090 decidit,
521 4038 595 4083 mustra
609 4038 696 4084 umba
726 4050 766 4091 vo,
796 4050 830 4090 ro,
843 4051 952 4083 somnum
964 4035 1077 4100 capienti,
1089 4035 1223 4084 dormienti.

135 4096 210 4158 pratis
221 4098 308 4163 apricis
320 4098 468 4147 cohibendus
478 4106 527 4146 est:
546 4114 588 4164 per
599 4102 696 4148 maltum
759 4050 801 4147 38.
819 4100 918 4155 huius,
940 4099 1061 4148 amoribus
1078 4110 1103 4149 et
1120 4100 1190 4163 genio
1206 4099 1288 4148 indul·

135 4161 215 4208 mobm
232 4162 340 4223 intellige
358 4177 475 4226 aggerem,
488 4162 577 4219 obices,
592 4164 694 4229 stipites,
727 4162 796 4211 sisse.
828 4164 873 4212 Sed
889 4181 936 4212 non
951 4167 1055 4212 incidere
1072 4166 1162 4219 ludum,
1178 4164 1221 4213 sed
1240 4178 1289 4212 nou

135 4230 193 4271 cett.
227 4226 347 4275 Docendus
374 4243 476 4289 parcere,
499 4227 618 4289 eleganter
643 4244 695 4293 pro,
727 4226 881 4277 intermittere
900 4227 985 4276 ludam
1000 4228 1082 4286 illum,
1098 4244 1146 4276 non
1164 4229 1236 4277 finem
1251 4229 1289 4277 fa*

135 4290 296 4339 coercendus:
313 4290 358 4338 int.
370 4290 395 4338 in
407 4290 485 4355 Epist.
497 4289 528 4339 ad
539 4292 588 4340 Pia
598 4294 638 4347 68,
648 4310 696 4340 am·
729 4306 781 4340 cere
796 4292 899 4355 juvenili
915 4292 1047 4358 protervia,
1064 4293 1089 4342 id
1105 4292 1189 4358 pudori
1206 4301 1231 4342 et
1246 4292 1288 4342 de·

137 4354 286 4403 nis-dactus
308 4357 354 4403 iter
375 4356 465 4403 melius.
498 4356 583 4417 Aprica
603 4373 697 4417 parcere
729 4355 809 4404 decori
819 4364 864 4405 est.

133 4424 212 4476 prato,
231 4434 261 4467 ne
279 4419 304 4466 in
324 4426 418 4483 pratum
438 4419 545 4484 apricum
565 4434 590 4469 se
609 4420 695 4469 immit·
761 4421 802 4468 37.
822 4420 992 4479 tricassino
1001 4435 1065 4476 mea,
1076 4420 1102 4468 in
1113 4436 1191 4486 agro„

137 4486 180 4529 lat·
761 4487 802 4535 33.
821 4486 917 4549 Obtusa
933 4488 998 4534 oculo
1015 4481 1132 4550 (invidia)
1148 4485 1234 4542 Limus,
1246 4487 1288 4537 de'·

171 4547 213 4594 31.
231 4548 295 4600 Quid
318 4557 419 4596 nostrum
442 4556 574 4597 consertum
596 4551 695 4607 dividat,
729 4549 790 4608 terit,
814 4548 902 4600 invidis
924 4550 1036 4615 linitque
1061 4549 1139 4599 oculis
1164 4550 1292 4602 insidiatur
