3150 5200
270 367 336 430 aro
674 360 997 464 snurnnnonr

358 515 491 594 Evenit,
509 517 675 600 inquirant
690 517 767 579 vitia
781 526 819 579 ut
833 527 891 579 tua
906 535 1021 579 rursus
1036 519 1070 576 et
1083 510 1139 575 illi.

357 616 549 682 Iracundior
564 631 616 682 est
628 617 738 702 paulo,
755 618 860 680 minus
875 626 972 699 aptus
988 614 1092 679 acutis

292 717 336 781 30
359 716 506 783 Naribus
521 718 639 783 horum
651 718 835 794 hominum,
858 717 959 781 rideri
973 715 1079 798 possit
1091 736 1143 789 eo,
1159 711 1249 795 quod

355 816 525 883 Rusticius
541 829 637 884 tonso
653 832 730 902 toga
745 817 871 894 defluit,
888 827 922 881 et
936 815 1019 880 male
1033 816 1128 879 laxus

355 918 395 983 ln
409 920 493 1004 pede
508 919 637 984 calceus
653 919 774 996 haeret3
798 929 833 982 at
846 929 898 982 est
912 919 1029 993 bonus,
1045 927 1083 980 ut
1096 914 1208 980 melior
1223 915 1272 976 vir

357 1020 437 1085 Non
452 1021 534 1085 elius
549 1023 733 1105 quisquam,
749 1032 783 1083 at
799 1021 860 1084 tibi
873 1021 1006 1095 amicus,
1022 1028 1057 1081 at
1071 1016 1239 1101 ingenium
1252 1015 1368 1099 ingens

357 1121 486 1187 Inculto
500 1123 581 1186 latet
594 1123 658 1187 hoo
674 1123 736 1186 sub
751 1143 906 1204 corpore:
929 1121 1070 1202 denique
1085 1130 1118 1181 te
1133 1118 1240 1200 ipsum

289 1223 334 1284 35
356 1221 516 1300 Concute,
532 1245 610 1286 num
625 1245 690 1306 que
705 1224 765 1286 tibi
779 1223 931 1287 vitiorum
945 1221 1100 1286 inseverit
1115 1219 1192 1283 olim

359 1322 500 1400 Natura,
517 1334 573 1387 aut
587 1325 685 1388 etiam
699 1323 903 1388 consuetudo
917 1322 1019 1400 mala,
1042 1342 1181 1404 namque

261 1475 265 1480 .
354 1423 528 1508 Neglectis
544 1426 670 1489 urenda
683 1423 754 1488 filix
768 1424 947 1488 innascitur
962 1424 1062 1506 agris.

352 1525 436 1589 llluc
452 1537 695 1608 praevertemur,
712 1535 890 1590 amatorem
904 1525 994 1608 qnod
1008 1526 1121 1588 amicae

353 1626 482 1710 Turpia
496 1628 665 1711 decipiunt
680 1649 802 1691 caeoum
817 1627 905 1703 vitia,
921 1637 979 1690 aut
993 1627 1091 1690 etiam
1104 1626 1177 1708 ipsa
1191 1623 1262 1687 haec

290 1725 333 1790 40
355 1726 543 1806 Delectant,
559 1729 658 1792 veluti
675 1729 850 1793 Balbinum
864 1728 1004 1812 polypus
1021 1726 1162 1810 Hagnae.

360 1828 489 1893 Vellem
504 1831 538 1893 in
553 1831 692 1894 amicitia
708 1831 754 1894 sic
767 1851 960 1905 erraremus,
976 1839 1010 1892 et
1025 1827 1078 1890 isti

358 1929 476 1995 Errori
491 1955 608 1996 nornen
624 1933 724 1995 virtus
740 1931 905 2014 posuisset
919 1929 1102 1994 honestum.

356 2028 404 2094 At
418 2043 512 2115 pater
526 2045 564 2096 ut
578 2033 679 2117 gnati,
697 2033 747 2096 sic
763 2055 823 2095 nos
839 2032 1008 2106 debemus,
1025 2028 1118 2092 amici

270 2178 391 2301 mer
408 2167 563 2302 urm.
578 2167 830 2304 er
863 2163 1104 2302 umnam·
1122 2160 1424 2335 stuprasse

271 2292 438 2410 :ttulit
459 2293 520 2405 tt}
539 2293 833 2414 Eliilfiulldiglll?
863 2287 1425 2420 circumsessusne

271 2426 365 2466 suetum
384 2418 525 2483 quoddam(
544 2437 557 2469 e
573 2437 620 2485 quo
635 2429 714 2469 narrat
725 2422 832 2469 Pausan.
863 2422 982 2476 hacrentia,
995 2418 1091 2466 tirmiter
1101 2415 1247 2465 insidentia:
1265 2415 1340 2464 refero
1351 2415 1425 2480 igitur

272 2480 297 2528 in
315 2481 424 2530 Corinth.
442 2482 467 2537 ii,
479 2484 525 2545 28)
541 2493 677 2548 serpentum
694 2485 728 2532 ibi
745 2500 830 2548 genna,
863 2483 888 2530 h.
901 2483 919 2530 l.
929 2486 989 2530 mole
998 2483 1029 2530 ad
1040 2486 1118 2536 linet,
1131 2481 1156 2530 h.
1164 2496 1187 2528 e.
1198 2479 1263 2527 male
1272 2479 1353 2528 sedet:
1371 2493 1424 2535 nos,

273 2557 366 2592 sscmm
379 2545 424 2594 deo
435 2545 499 2594 illius
508 2547 610 2613 regionis
622 2548 725 2605 tutelari,
740 2551 831 2599 AEseu·
863 2549 901 2596 die
919 2547 1072 2611 Beschohnng
1095 2549 1152 2609 liegt
1172 2545 1226 2591 oder·
1241 2545 1341 2591 ntum
1361 2545 1426 2592 siem

271 2606 345 2673 lapio,
357 2610 399 2673 qui
412 2611 457 2657 sub
469 2611 543 2661 forma
554 2614 668 2677 serpentis
680 2613 768 2661 ibidem
780 2614 832 2662 cul·
865 2630 905 2660 nn.
940 2612 1041 2667 lumbo,
1059 2610 1122 2675 quod
1142 2608 1173 2657 ad
1192 2615 1315 2657 externum
1331 2608 1425 2656 cnltnm

274 2679 313 2719 tus
332 2680 356 2719 et
374 2673 410 2721 sic
427 2674 532 2722 Romam
554 2674 693 2741 deportatus
711 2685 756 2724 est.
791 2678 832 2725 ln·
865 2676 959 2732 attinet,
972 2676 1079 2740 negligit.
1097 2674 1211 2735 Tsipmm
1218 2680 1424 2728 mumtoescute,

274 2738 379 2797 quirunt,
394 2745 450 2785 cett.
465 2745 490 2786 et
506 2738 551 2799 illi,
563 2738 733 2803 quorumvitia
751 2749 777 2789 tu
795 2741 832 2788 in·
865 2740 971 2803 explora.

273 2798 356 2862 quiris,
368 2799 473 2849 vicissim
485 2810 527 2850 tua
538 2802 668 2867 inquirant.
896 2805 937 2855 37.
955 2803 1059 2865 Namque
1075 2802 1191 2865 Neglectis
1208 2802 1298 2847 urendo
1311 2800 1369 2861 filis
1384 2802 1424 2846 in-

304 2864 399 2920 29,30.
416 2864 556 2915 iracundior·
572 2877 603 2915 est
620 2870 699 2929 poulo,
716 2874 773 2915 cett.
806 2868 832 2916 Si
864 2871 969 2916 nascitur
982 2869 1055 2929 agris.
1082 2867 1129 2914 Per
1141 2864 1304 2929 imaginem,·a
1319 2862 1383 2911 tilica
1398 2863 1425 2911 in

274 2926 365 2976 amicus
375 2929 558 2993 pauloadiram
566 2938 602 2979 est
611 2930 744 2997 proclivior,
752 2930 833 2981 minus
864 2931 927 2995 agris
946 2930 1059 2995 neglectis
1082 2937 1196 2978 nascente
1216 2926 1323 2993 petitam,
1345 2942 1375 2974 ex
1392 2927 1426 2974 ri-

273 3000 344 3056 aptns
355 2993 466 3042 amicitie
477 2993 519 3043 ille
529 2994 624 3043 videtur
634 2995 672 3044 his
686 2994 831 3053 bominibus,
864 3010 928 3044 mere
952 2993 1026 3042 voluit
1047 2994 1107 3043 boc:
1136 3008 1201 3049 narn,
1223 2991 1351 3055 qnemadm
1383 3006 1425 3039 um

273 3055 314 3167 gpi
336 3056 394 3105 vitia
420 3058 496 3107 annus
524 3060 622 3108 naribus
649 3058 832 3109 subodorantnr.
857 3059 916 3119 filia
943 3060 1010 3123 (nos,
1034 3057 1195 3120 Farenlrroat)
1222 3054 1284 3128 agris
1310 3054 1427 3117 neglectis

300 3136 364 3169 orsam
381 3120 486 3171 raserunt
504 3122 641 3199 interpretes
659 3122 688 3171 ad
709 3122 834 3186 ingenium
865 3121 1001 3178 innascens,
1024 3121 1124 3176 urenda,
1147 3119 1181 3168 ita
1206 3119 1273 3173 vitta,
1300 3134 1357 3183 quan
1385 3127 1428 3167 ant

274 3183 407 3243 hominum,
419 3186 644 3251 quinuncvrvun13
662 3203 707 3253 ego
718 3187 791 3236 refero
803 3186 834 3234 ad
866 3196 950 3234 natura
965 3195 1008 3234 aut
1018 3187 1081 3233 mala
1093 3183 1241 3235 consuetudo
1255 3181 1350 3239 inserit,
1361 3182 1426 3231 evel-

274 3250 366 3312 eosqui
376 3250 402 3297 in
411 3267 436 3298 v.
447 3253 479 3299 28
490 3250 548 3299 dicti
561 3260 617 3299 sunt
624 3254 671 3301 illi.
866 3250 938 3300 lenda
948 3259 974 3298 et
984 3248 1138 3315 exstirpanda
1146 3255 1201 3295 sunt
1212 3263 1243 3296 ex
1254 3245 1344 3293 animo.

305 3312 412 3361 :to-as.
441 3314 523 3362 Ridsri
548 3318 624 3375 possit,
648 3324 704 3363 cett.
730 3330 832 3363 sensns:
899 3316 940 3362 36.
968 3313 1032 3362 Illuc
1057 3320 1230 3375 praemuntur,
1253 3325 1345 3359 nexnsz
1373 3309 1423 3364 sad.

208 3400 219 3427 ι
273 3372 343 3423 rideri
364 3376 462 3423 sonasse
481 3376 666 3440 possit·arrricus
685 3378 748 3435 ideo,
770 3380 835 3442 qnod
866 3377 945 3425 missis
966 3376 1020 3425 aliis
1054 3378 1099 3426 hoc
1121 3378 1185 3424 inest
1203 3376 1276 3425 verbo
1294 3374 1425 3439 composito

273 3434 416 3487 inconcinne
432 3449 469 3487 est
485 3447 585 3497 tonsus3
619 3440 665 3488 uod
683 3440 708 3489 in
726 3450 780 3505 toga
796 3442 833 3491 in·
864 3442 995 3504 preserti),
1055 3456 1138 3489 eamus
1157 3440 1248 3502 (illue)
1271 3436 1302 3484 nd
1319 3436 1344 3485 id
1361 3438 1425 3486 loeo·

273 3499 339 3548 cedit
348 3516 396 3549 non
407 3502 547 3566 composita,
557 3457 717 3577 saddaorsnm
731 3506 834 3565 fluente;
866 3521 932 3583 rum..
951 3506 1002 3583 ubi,
1012 3504 1093 3583 ridere
1111 3504 1255 3581 licethnod
1277 3503 1425 3566 (qnatenus)

272 3563 737 3703 tul.l}.¹tt.⁰.:¹⁰.t‘.¹5t3.t,tlt
750 3569 833 3682 llil.
867 3581 948 3681 mii?
955 3570 1235 3695 1113114313*
1234 3576 1376 3678 lif?
1393 3629 1425 3679 r.

273 3705 431 3741 rnvenrnnon
476 3696 612 3759 test3quod
623 3696 832 3757 tibiestamicns;
865 3697 961 3759 ingenio
983 3705 1123 3752 amatorium,
1144 3702 1187 3742 aut
1209 3693 1267 3741 vitia
1294 3693 1425 3742 amicarum

273 3754 330 3819 quia
341 3756 387 3804 sub
397 3772 442 3822 neg
452 3767 506 3807 ecto
514 3760 568 3824 ejus
576 3776 671 3825 corpore
681 3760 739 3809 latet
748 3761 833 3824 ingens
865 3762 937 3826 plane
948 3776 995 3810 non
1010 3758 1257 3813 animadvertentium,
1272 3765 1315 3805 aut
1328 3773 1359 3806 es
1373 3758 1426 3807 ani·

272 3817 405 3883 ingenium,
427 3822 507 3871 omnia
533 3824 577 3873 illa
604 3824 754 3889 indulgenter
776 3840 792 3872 a
811 3833 834 3874 te
866 3824 995 3873 madversis
1017 3826 1162 3889 voluptatem
1185 3821 1245 3871 adeo
1266 3822 1426 3886 captantium,

273 3882 372 3933 ferenda
390 3894 456 3933 sunt.
490 3888 609 3937 Rusticiru
629 3899 706 3936 tonso.-
727 3888 752 3936 in
773 3889 831 3937 urbe
862 3888 970 3937 laudavit
983 3889 1105 3937 Gesnerus
1118 3885 1224 3935 Platde
1242 3886 1425 3998 Regnb1.v,p.
1513 3912 1517 3915 ·

272 3948 336 4014 apud
356 3948 486 4023 Romanos¹
496 3952 575 4001 crines
592 3952 677 4017 capitis
695 3950 724 4026 ad
741 3960 830 4001 certam
864 3954 929 4029 2743
949 3954 1045 4001 Lucret.
1059 3952 1092 4009 iv,
1106 3952 1170 3999 titt
1188 3965 1243 4015 sqq.
1250 3967 1260 4009 3
1302 3949 1351 3998 vid.
1369 3953 1424 3999 Art.

272 4013 835 4150 ,4414114134444Ἒ4οω44ι44ξιτιιιεξξιὲῗιιῗιῒειζοῖἷ
867 4034 892 4074 u,
899 4018 1069 4151 iddlldllypusy
1080 4078 1110 4126 de
1117 4078 1163 4126 boc
1172 4085 1231 4151 tetro
1243 4077 1335 4126 narium
1344 4079 1427 4128 morbo

271 4141 426 4191 incuriosius.
455 4142 603 4192 Particularn
617 4146 677 4193 matr
693 4144 831 4211 interpretes
863 4160 906 4193 seu
924 4145 1008 4192 tubere
1026 4151 1077 4205 agit
1093 4142 1179 4191 Celsus
1195 4158 1227 4198 vr,
1246 4142 1271 4198 Β,
1288 4143 1313 4189 2.
1344 4143 1427 4192 Prima

273 4204 376 4255 relemnt
388 4206 419 4255 ad
431 4208 505 4263 mm,
516 4216 540 4256 et
551 4207 585 4257 sic
596 4211 654 4257 mats
664 4208 714 4273 jana
728 4218 765 4257 est
779 4224 829 4274 pro,
864 4209 967 4273 syllaba,
990 4206 1060 4272 quasi
1077 4206 1219 4255 scriberetur
1235 4207 1352 4269 pottypss,
1370 4222 1426 4271 pro·

273 4268 358 4329 nimis,
376 4269 418 4319 sed
452 4270 553 4319 uomodo
568 4274 657 4320 calcem
672 4274 829 4329 ninistrans,
862 4272 966 4330 ducitur,
984 4280 1013 4320 nt
1032 4271 1110 4336 prima
1124 4270 1218 4334 syllaba
1238 4267 1263 4315 in
1279 4273 1373 4336 religio,
1388 4287 1426 4317 re·

272 4333 314 4397 qui
331 4334 395 4383 male
453 4344 485 4390 et,
503 4336 527 4383 h.
545 4351 567 4384 e.
581 4336 623 4399 qui
639 4335 729 4385 circurn
746 4336 829 4401 pedem
863 4338 929 4391 tulit,
946 4336 1015 4401 quasi
1036 4335 1186 4390 scriberetur,
1206 4334 1309 4395 relligio,
1324 4336 1428 4383 rettulit.

273 4395 320 4446 huc
331 4396 391 4447 illuc
408 4408 523 4454 movetur,
536 4399 578 4447 sim
598 4399 674 4448 liciter
685 4402 767 4448 herere
780 4400 828 4449 dici
864 4402 962 4463 Hagnae,
974 4401 1068 4449 Graeca
1081 4398 1208 4453 libertinae,
1222 4412 1252 4445 ex
1263 4398 1351 4446 Graeco
1360 4400 1426 4463 '‘ity-

272 4464 366 4535 potestl
391 4462 464 4511 immo
477 4464 560 4511 harere
589 4463 829 4528 icitur,quodalicni
862 4481 916 4525 unc·
934 4465 982 4513 vid.
995 4462 1129 4511 Bentleius.

270 4540 304 4573 rer
333 4524 446 4583 adheret,
474 4528 582 4586 iuberet,
605 4528 700 4577 innitor
722 4528 825 4578 insidet:
892 4528 1127 4585 41,4·1.1[ι11ιηι1ιι
1142 4528 1254 4580 amicitia,
1266 4534 1324 4575 cett.
1336 4526 1423 4576 vellem
