3150 5200
281 329 347 393 olo
526 323 805 390 EPISTOLA
833 322 908 387 AD
937 323 1178 390 PISONES.

362 461 557 545 Continget3
583 460 780 543 dabiturque
794 458 925 523 liuentia
939 471 1046 524 sumta
1058 461 1230 544 pudenter.

363 564 411 628 Et
425 585 508 628 nova
523 563 664 646 fictaque
678 583 783 646 nuper
797 561 968 625 habebunt
981 563 1082 624 verba
1094 562 1204 640 fidem,
1218 564 1248 625 si

363 666 485 730 Graeco
499 664 589 728 fonte
604 663 733 740 cadant,
748 685 848 747 parce
861 663 1002 726 detorta.
1047 662 1139 736 Quid
1152 667 1282 728 autem?

363 767 496 831 Caecilio
510 766 692 848 Plautoque
707 765 801 828 dabit
814 763 995 841 Romanus,
1009 765 1175 828 ademtum

298 871 342 934 55
362 861 503 953 Virgilio
518 868 707 950 Varioque?
729 887 793 950 ego
806 888 877 942 cur,
890 867 1060 949 acquirere
1073 888 1180 950 pauca

363 971 399 1034 Si
413 991 559 1054 possum,
575 968 732 1044 invideor,
746 989 848 1050 quum
860 966 973 1050 lingua
986 968 1122 1031 Catonis
1134 978 1168 1031 et
1181 967 1272 1031 Enni

364 1071 551 1135 Sermonem
566 1071 707 1154 patrium
721 1068 885 1144 ditaverit,
900 1080 935 1132 et
949 1091 1033 1132 nova
1045 1091 1154 1132 rerum

363 1172 507 1236 Nomina
521 1171 714 1255 protulerit?
759 1170 882 1246 Licuit,
897 1192 1090 1254 semperque
1102 1170 1225 1248 licebit,

365 1275 536 1358 Signatum
549 1283 712 1357 proesente
724 1283 804 1336 nota
815 1271 998 1356 procudere
1011 1294 1139 1336 nomen.

298 1377 342 1441 60
364 1375 412 1439 Ut
428 1375 516 1440 silvoe
530 1373 616 1439 foliis
631 1396 752 1459 pronos
767 1382 933 1437 mutantur
946 1373 981 1435 in
993 1394 1107 1450 annos,

365 1478 475 1541 Prima
490 1476 629 1541 cadunt:
652 1477 698 1539 ita
712 1476 886 1539 verborum
898 1483 991 1537 vetus
1005 1475 1116 1538 interit
1129 1485 1220 1550 aetas,

364 1579 411 1642 Et
421 1580 577 1662 juvenum
592 1579 658 1641 ritu
672 1576 792 1640 florent
805 1575 903 1639 modo
917 1585 995 1638 nata
1007 1576 1193 1660 vigentque.

363 1679 534 1744 Debemur
547 1680 643 1742 morti
657 1700 717 1742 nos
732 1687 926 1760 nostraqne;
949 1677 1017 1741 sive
1030 1687 1182 1761 receptus

363 1780 470 1846 Terra
483 1779 662 1864 Neptunus
677 1779 798 1845 classes
812 1776 1032 1861 Aquilonibus
1045 1789 1146 1854 arcet,

299 1885 342 1947 65
364 1882 469 1966 Regis
484 1904 579 1966 opus,
596 1880 778 1964 sterilisque
795 1879 852 1942 diu
867 1878 972 1963 polus,
986 1891 1129 1963 aptaque
1142 1879 1251 1955 remis,

364 1983 499 2049 Vicinos
515 1985 613 2048 urbes
628 1982 696 2060 alit,
711 1993 745 2047 et
759 2002 858 2066 grave
872 1981 972 2044 sentit
985 1991 1145 2056 aratrum

311 2190 417 2238 46-61,
445 2188 470 2236 Si
485 2187 552 2253 forte
575 2202 659 2237 nouem
677 2197 718 2243 at,
738 2194 796 2236 cett.
816 2187 837 2235 si
869 2186 952 2235 Verbs
970 2186 1059 2250 quibus
1077 2184 1153 2234 utitur
1171 2183 1296 2240 Horatius,
1313 2182 1434 2232 trsaslsn

278 2252 338 2301 lorte
351 2261 494 2302 ueremur
509 2251 664 2301 resinventas
674 2250 838 2301 recanslsctis
869 2258 927 2298 sunt
946 2265 963 2298 a
982 2265 1089 2306 nummo,
1126 2251 1152 2298 ui
1174 2248 1287 2306 sudium
1306 2247 1433 2310 elegeam

278 2316 403 2365 vocabulis
413 2317 535 2378 insignire,
547 2315 629 2364 licebit
642 2331 700 2364 saue
709 2315 781 2364 verba
792 2315 837 2362 lin·
868 2313 942 2377 igitur
955 2323 980 2362 et
995 2328 1055 2362 scoo
1135 2323 1174 2362 ate
1183 2312 1216 2360 sd
1226 2311 1289 2360 bane
1304 2311 1431 2376 metapho-

309 2395 332 2428 re
354 2379 460 2428 inaudita
482 2378 566 2444 priscis
587 2379 719 2439 Romanis;
741 2387 766 2428 et
785 2379 838 2427 boc
869 2393 919 2425 nn
941 2393 992 2451 pro,
1011 2377 1147 2442 producere,
1164 2376 1233 2431 dixit,
1248 2377 1383 2437 prunidus,
1404 2383 1432 2422 et

296 2443 383 2498 centia,
403 2442 508 2492 modesto
523 2451 548 2491 et
565 2443 696 2492 verecunde
712 2450 836 2508 usurpata,
868 2457 911 2506 pro
932 2442 1049 2507 simplice,
1070 2456 1167 2498 novun,
1184 2443 1302 2514 sigma
1318 2449 1434 2501 pacate

278 2505 430 2555 concedetur.
464 2507 837 2570 Monstrure‚dasignare,al›ditu
867 2515 938 2562 ποίη
955 2505 1155 2578 quemadmodum
1171 2520 1236 2553 enim
1255 2517 1376 2558 nummus,
1389 2502 1431 2551 rsl

277 2587 366 2626 renim,
380 2585 417 2618 res
436 2569 514 2619 adbuc
533 2570 627 2619 abditas
646 2572 672 2619 in
690 2570 767 2621 lucem
782 2586 836 2645 pro·
868 2568 983 2644 principu
994 2569 1106 2633 imagine,
1118 2569 1156 2619 vel
1169 2567 1246 2618 atatis
1260 2565 1360 2621 indicio,
1370 2575 1431 2616 cett.

277 2641 373 2691 tractas,
385 2633 443 2682 lue.
455 2649 492 2681 res
509 2634 635 2693 inventas3
652 2650 707 2683 nam
723 2651 836 2773 qqsp‘grp'·
867 2644 985 2697 signatus.
1006 2646 1086 2683 notam
1109 2634 1187 2681 eutis
1209 2648 1258 2707 pru
1276 2647 1303 2679 se
1320 2632 1375 2686 lert,
1392 2632 1430 2679 its

278 2698 513 2771 veniunturluerunt
524 2706 594 2770 antes
605 2697 694 2746 abdita.
829 2736 837 2756 ,
870 2713 932 2772 novo
943 2699 982 2747 vel
996 2698 1092 2746 invento
1102 2699 1135 2747 rei
1150 2698 1253 2761 alicujus
1264 2694 1354 2768 nomini
1364 2711 1428 2759 prn-

278 2760 837 2882 tl,litwlt'tttfttlrttttttt
868 2770 1035 2890 iiim
1052 2758 1430 2891 omimium

278 2888 425 2945 succinctia;
443 2888 480 2937 vel
491 2887 556 2951 quod
568 2888 639 2954 prisci
696 2889 836 2944 manituni·
885 2887 1428 2953 rorulgarbproduosrsdcctionemplurimm.

278 2968 315 3001 ce
326 2952 471 3016 lococorpus
479 2954 510 3000 ab
520 2952 631 3001 umbilico
640 2952 754 3017 usquead
763 2954 837 3066 podes
891 2953 947 3002 odd.
959 2953 1098 3003 auctoritate
1112 2954 1283 3006 confirmatam,
1291 2954 1427 3013 proeuden,

278 3015 368 3074 cinctu,
392 3016 517 3090 campestri
535 3016 694 3079 subligaculo,
715 3026 768 3083 tege
785 3026 835 3075 ant.
868 3016 995 3066 intertum
1005 3018 1102 3083 recepit.

278 3080 316 3129 vsl
328 3080 393 3145 quod
404 3089 510 3129 tunicum
526 3080 607 3129 cinctu
625 3081 834 3147 constringebant:
901 3083 942 3129 60.
963 3082 995 3129 Ut
1010 3082 1073 3130 silue
1082 3082 1170 3146 filiis:
1189 3082 1288 3129 Homer.
1299 3077 1373 3127 Iliad.
1389 3078 1424 3133 si,

278 3144 426 3193 beneumcm
439 3144 515 3210 prisca
527 3160 572 3193 vox
583 3147 700 3193 tincturus
711 3146 838 3211 respondet
871 3146 926 3199 146,
945 3143 992 3206 θἰἠ
1011 3162 1057 3209 περ
1069 3145 1173 3209 φύλλων
1188 3146 1270 3209 γενεὴ,
1285 3141 1366 3202 surrilis
1383 3145 1426 3191 sui

278 3209 381 3257 sermoni
400 3207 431 3257 da
450 3207 532 3273 priscis
556 3208 669 3257 moribus.
703 3211 835 3275 Contingat,
868 3208 979 3273 ἀνδρῶν.
1013 3210 1108 3270 Pronus,
1129 3224 1204 3272 pruno
1224 3216 1249 3256 et
1266 3206 1340 3256 celeri
1353 3220 1425 3255 cursa

279 3272 376 3321 licebit:
394 3288 447 3336 sup.
461 3271 538 3336 Epist.
550 3273 567 3327 i,
583 3273 621 3328 17,
632 3274 673 3329 36,
694 3274 747 3322 Nou
764 3278 838 3323 cuivis
868 3273 985 3329 labentes,
1003 3280 1031 3319 ut
1045 3276 1113 3335 proni
1129 3288 1213 3320 mcum
1228 3272 1277 3320 od.
1294 3272 1327 3327 iv,
1338 3272 1363 3326 6,
1374 3271 1426 3327 ³95

278 3338 364 3384 bomini
374 3338 488 3398 contingit
499 3334 584 3398 (licet)
596 3339 661 3384 adira
672 3338 818 3387 Corinthum.
870 3337 912 3385 ulii
922 3353 1008 3398 prosu
1015 3336 1047 3385 ad
1057 3336 1114 3385 suni
1121 3345 1223 3401 tempus,
1231 3334 1263 3383 sd
1271 3343 1426 3387 autumnum.

311 3401 352 3446 52.
370 3398 491 3446 Habebunt
500 3400 583 3461 jidsm,
596 3400 718 3450 habebunt
733 3402 835 3451 auctori·
867 3416 916 3464 quo
927 3414 1006 3449 annus
1015 3400 1047 3448 ad
1057 3400 1127 3448 finam
1138 3407 1246 3466 properet
1257 3401 1299 3462 (ut
1307 3414 1364 3463 sup.
1376 3398 1426 3447 0d.

277 3470 359 3519 uum,
371 3462 587 3521 lerentassemum,
599 3466 770 3529 probabuntur.
867 3464 900 3522 iv,
910 3466 952 3521 27,
965 3466 994 3513 13
1013 3482 1099 3526 pronus
1115 3465 1203 3525 Orion)
1220 3463 1333 3517 referunt,
1346 3463 1382 3510 its
1399 3471 1427 3509 ut

310 3527 342 3574 53
370 3540 425 3599 sqq.
459 3526 534 3590 Signo
560 3526 750 3593 interrogationis
781 3538 837 3595 post
866 3528 1058 3592 prouusjamsit,
1070 3527 1229 3577 adbiememv
1301 3541 1323 3573 a.
1350 3526 1427 3591 liqui·

277 3600 354 3637 nutem
372 3598 447 3653 posito
464 3590 528 3639 hunc
547 3592 626 3640 locum
638 3592 672 3641 ita
681 3593 835 3658 interpretor:
867 3592 922 3641 dem
944 3609 1025 3653 prosu
1047 3596 1074 3639 iu
1095 3609 1175 3648 uuum,
1196 3590 1337 3655 simpiciter
1356 3590 1428 3657 capio

279 3654 346 3712 Quid
361 3655 435 3703 verol
469 3655 625 3705 Romanusne
643 3656 763 3705 licentiam
776 3672 837 3706 nova
868 3671 919 3722 pro,
930 3656 1068 3720 quotannis.

278 3718 350 3766 verba
365 3717 476 3775 faciendi,
487 3735 542 3783 qus
558 3727 638 3768 nostra
652 3729 722 3769 etate
735 3721 837 3783 Virgilio
900 3722 1006 3769 63-72.
1022 3720 1160 3781 Nortmqus,
1171 3727 1196 3768 et
1206 3734 1260 3783 qun
1272 3733 1287 3766 a
1298 3718 1369 3765 nobis
1383 3732 1426 3765 er·

280 3782 338 3830 Vari
371 3797 401 3831 ue
418 3782 512 3831 ademta
530 3792 575 3839 est,
587 3784 685 3833 Caecilio
701 3785 837 3848 Plautoque
868 3781 1427 3839 structssuntdebenturmorti,h0e.sdinteri·

277 3861 337 3894 conc
368 3848 407 3895 etl
424 3846 489 3911 quod
500 3845 568 3895 licuit
578 3848 667 3896 Plauto
675 3856 699 3896 at
717 3864 747 3897 ue
756 3848 835 3897 Caci-
867 3856 1050 3903 tumvocantur,
1063 3855 1090 3895 ut
1105 3862 1121 3895 o
1152 3862 1185 3903 rs,
1199 3861 1254 3910 que
1268 3845 1426 3894 mumm-

277 3908 319 3966 lio‚
338 3910 440 3974 Virgilio
459 3919 484 3959 et
501 3910 575 3959 Vario
597 3926 644 3959 uon
664 3912 710 3960 lica
728 3912 767 3960 itt
796 3914 837 3961 De
868 3920 1035 3968 memorantur,
1048 3912 1086 3976 apl
1134 3910 1254 3970 'dissims3
1272 3911 1296 3964 l,
1312 3910 1428 3957 Exstinc-

279 3975 370 4022 Coecilio
388 3973 436 4022 vid.
456 3990 510 4039 sup.
527 3974 557 4023 ad
575 3976 652 4039 Epist.
666 3975 692 4033 ii,
707 3978 729 4034 l,
747 3978 788 4033 59,
806 3976 836 4024 de
868 3985 908 4023 tus
928 3984 1018 4039 portus,
1035 3984 1061 4025 et
1081 3974 1188 4039 quidam,
1209 3972 1265 4023 lacn
1282 3972 1386 4020 Lucrino
1401 3981 1429 4021 et

282 4038 350 4085 Vario
361 4053 390 4085 su
408 4072 415 4085 .
426 4037 456 4086 od
468 4038 516 4087 Od.
528 4038 545 4095 ί,
558 4040 583 4092 6,
598 4041 621 4086 l.
867 4041 964 4089 Averno
974 4039 1082 4103 marique
1089 4041 1150 4087 inter
1161 4054 1186 4087 se
1194 4038 1293 4102 junctis,
1301 4035 1427 4085 seichmi-

310 4104 352 4156 66,
372 4054 413 4149 bd.
430 4102 555 4165 Aequirere
572 4119 646 4163 pauco
663 4104 688 4151 Si
702 4119 801 4164 meum.
814 4102 834 4150 si
866 4118 920 4152 mus
937 4103 979 4152 ille
996 4105 1086 4152 Portus
1101 4102 1200 4151 Julius:
1222 4103 1322 4149 sueton.
1338 4102 1427 4148 Octsu.

278 4178 354 4228 peuce
366 4180 449 4229 parare
463 4174 487 4213 et
502 4164 608 4214 invenire
628 4183 724 4232 possum
740 4166 770 4215 ad
787 4165 834 4214 lin·
867 4183 891 4216 c.
912 4167 960 4227 163
984 4168 1010 4222 2,
1034 4166 1163 4215 Exsiccata
1180 4166 1235 4214 locs
1256 4163 1383 4229 paludosa.
1400 4172 1428 4212 et

277 4243 348 4289 guam
371 4228 510 4278 ditandam:
536 4232 647 4288 iuuldeor,
670 4230 741 4280 doute
764 4229 837 4279 livido
868 4230 976 4343 quidem,
988 4239 1015 4278 ut
1024 4232 1134 4279 observat
1145 4231 1204 4279 Vet.
1215 4228 1305 4284 Schol„
1322 4226 1428 4276 Paludes

278 4300 353 4353 P⁶l⁰r=
891 4293 1001 4355 ontinae3
1030 4296 1055 4350 3,
1076 4295 1189 4342 Mutatus
1209 4294 1241 4341 ab
1260 4294 1382 4354 Augusto,
1400 4300 1428 4338 st

309 4356 350 4403 59.
370 4356 394 4402 Sl
411 4365 493 4429 viatura
508 4366 620 4427 'pressule
639 4368 692 4405 uota
711 4362 837 4431 procudere
869 4359 900 4406 ab
916 4357 1114 4406 inundationibus
1131 4357 1252 4406 derivatus
1266 4355 1361 4404 Tiberis
1369 4369 1427 4402 cur-

379 4372 554 4491 n
572 4435 825 4549 ripn
943 4420 1429 4547 ΝΜ...
