3150 5200
305 310 368 377 556
553 312 829 379 EPISTOLA
859 314 933 379 AD
963 314 1204 383 PISONES.

391 466 472 531 Post
487 468 574 533 hunc
589 490 738 553 personae
751 468 911 553 palloeque
927 479 1076 553 repertor
1089 468 1237 534 honestae

390 568 581 653 AEschylus,
597 581 631 635 et
645 570 780 635 modicis
795 572 945 634 instravit
958 571 1086 655 pulpita
1100 572 1210 656 tignis,

303 670 367 735 280
389 670 437 736 Et
451 672 563 737 docuit
577 694 793 757 magnumque
807 673 908 756 loqui,
923 674 1046 757 nitique
1061 673 1232 738 cothurno.

390 773 555 839 Successit
569 786 662 839 vetus
677 774 728 839 his
744 775 915 852 comoedis,
930 797 995 839 non
1011 776 1081 839 sine
1095 774 1197 838 multa

392 874 508 941 Laude
521 902 528 953 ;
553 877 612 940 sed
624 877 656 940 in
672 877 784 940 vitium
798 876 932 940 libertas
946 877 1082 952 excidit,
1098 887 1132 939 et
1146 878 1210 939 vim

392 976 535 1061 Dignam
549 975 621 1061 lege
636 979 723 1062 regi:
746 977 801 1041 lex
815 988 867 1041 est
880 988 1026 1061 accepts,
1042 977 1227 1063 chorusque

391 1076 550 1163 Turpiter
565 1080 703 1143 obticuit
718 1077 848 1143 sublato
858 1080 933 1162 jure
948 1079 1099 1143 nocendi.

305 1179 370 1243 285
391 1179 450 1244 Nil
463 1182 656 1245 intentatum
671 1182 774 1245 nostri
787 1181 913 1265 liquere
928 1190 1055 1264 poetoe:

392 1281 467 1347 Nec
481 1283 646 1347 minimum
660 1304 807 1348 meruere
823 1282 924 1347 decus
939 1281 1077 1365 vestigia
1091 1281 1212 1346 Graecu

391 1382 477 1449 Ausi
491 1387 655 1463 deserere,
669 1396 703 1450 et
718 1384 884 1450 celebrare
899 1383 1077 1449 domestica
1091 1381 1188 1459 fecta,

392 1485 455 1550 Vel
471 1488 527 1571 qui
542 1496 730 1571 praetextus,
746 1485 798 1551 vel
812 1486 869 1570 qui
884 1486 1026 1550 docuere
1041 1494 1180 1568 togatas.

396 1587 470 1653 Neo
483 1590 601 1653 virtute
617 1587 702 1653 foret
716 1588 853 1653 clarisve
867 1588 1033 1673 potentius
1048 1585 1156 1662 armis,

306 1690 371 1753 290
393 1689 501 1762 Quam
515 1690 637 1775 lingua,
655 1689 797 1768 Latium,
814 1690 842 1753 si
856 1712 922 1754 non
935 1687 1117 1753 offenderet
1129 1708 1244 1750 unum-

393 1790 565 1875 Quemque
580 1802 750 1876 poetarum
763 1791 848 1855 limoe
861 1790 954 1855 labor
968 1800 1003 1854 et
1014 1810 1114 1853 mora.
1159 1787 1243 1865 Vos,
1257 1810 1279 1852 o

394 1892 573 1978 Pompilius
589 1894 732 1977 sanguis,
749 1914 877 1958 carmen
892 1890 1134 1976 reprehendite,
1150 1891 1239 1974 quod
1254 1912 1323 1954 uon

394 1993 503 2058 Multa
518 1995 588 2060 dies
601 2004 635 2058 et
650 1995 749 2058 multa
763 1995 861 2058 litura
876 1994 1031 2070 coercuit,
1045 2004 1144 2077 utque

395 2095 594 2161 Praesectum
611 2096 719 2161 decies
735 2119 800 2160 non
816 2095 986 2180 castigavit
1001 2094 1043 2158 ad
1059 2116 1211 2179 unguem.

308 2263 349 2295 ora
364 2246 507 2296 iaeceoblits
520 2248 708 2297 ostendentibus.
741 2250 866 2309 Depsrso·
932 2248 989 2295 283.
1015 2246 1120 2310 Dignum
1137 2248 1186 2310 lega
1205 2247 1264 2309 regi,
1282 2261 1339 2309 que
1362 2244 1468 2295 debebat

308 2315 344 2359 nis
358 2310 476 2359 neminem
495 2311 581 2374 legisse
596 2313 723 2377 poenitebit
740 2311 868 2374 Boettigeri
900 2311 953 2373 lege
972 2310 1083 2376 reprimi:
1112 2326 1167 2375 sup.
1184 2328 1207 2359 v.
1227 2310 1283 2366 183,
1313 2310 1370 2357 Nou
1393 2321 1468 2358 tunes

309 2375 472 2423 Prolusionsm
489 2374 520 2425 ds
540 2377 652 2425 Personis
670 2376 778 2425 Scenicis
796 2376 869 2439 vulgo
900 2378 965 2423 intus
977 2375 1057 2439 Digna
1066 2378 1120 2439 gari
1131 2378 1200 2439 (que
1216 2373 1304 2422 debent
1322 2374 1393 2423 intus
1403 2376 1467 2439 geri)

309 2438 401 2493 Laruis,
442 2438 534 2489 Vimar.
560 2442 630 2489 1794.
677 2441 746 2489 Paua
768 2443 869 2497 bonum,
899 2442 1130 2501 prosnesiorumve.

308 2501 402 2557 decora,
418 2501 475 2550 dum
494 2503 536 2551 ills
545 2512 648 2568 syrmata
660 2520 702 2570 per
718 2504 809 2570 pulpita
820 2512 868 2552 tra·
933 2505 991 2552 234.
1009 2504 1127 2565 Turpiter,
1142 2508 1199 2550 cett.
1216 2510 1343 2566 postquam
1358 2512 1468 2566 potestas

308 2566 367 2614 bens
394 2566 482 2630 regiam
510 2568 546 2617 vel
579 2568 697 2618 heroicam
729 2569 868 2634 dignitatem
900 2567 1049 2617 vellicentia
1065 2576 1092 2616 tu
1121 2565 1280 2633 ipotulantia
1290 2566 1397 2617 nocendi
1408 2568 1468 2617 alio·

306 2629 545 2694 quasisspnudsbut.
902 2648 954 2680 rum
971 2633 1041 2681 famu
1060 2632 1107 2680 sub
1130 2641 1156 2680 ta
1171 2631 1233 2680 esti
1279 2631 1467 2688 ,chornsobti-

340 2694 397 2742 279.
416 2695 795 2761 AEsclsytusrspertorspoeturum
806 2695 870 2745 euim
901 2697 961 2745 cuit.
993 2696 1020 2744 Si
1036 2699 1136 2758 turpiter
1152 2695 1240 2745 reseren
1258 2711 1300 2744 um
1318 2695 1467 2744 sitndsbti·

308 2765 359 2806 erat
374 2766 464 2806 actores
482 2761 587 2824 personis
603 2768 627 2808 et
638 2758 784 2810 vestimentis
800 2775 870 2809 exos·
900 2765 959 2816 ruit,
979 2759 1101 2826 turpitudo
1117 2759 1227 2825 ponenda
1243 2768 1280 2808 est
1297 2759 1324 2806 in
1343 2775 1385 2818 eo,
1401 2761 1468 2825 quod

309 2837 381 2870 nare:
400 2821 449 2870 vid.
471 2823 723 2889 Boettig.i.1.p.1⁴.
753 2825 793 2873 De
810 2827 869 2873 AEs·
901 2824 996 2880 chorus.
1019 2839 1074 2873 eum
1093 2824 1177 2888 jussus
1199 2833 1262 2873 esset
1288 2825 1414 2874 abstinere
1439 2827 1469 2874 iis

308 2885 379 2950 chylo
395 2885 486 2935 erudite
503 2887 634 2952 disputavit
655 2889 698 2936 lll.
721 2888 821 2936 Jacobs.
843 2889 870 2937 in
903 2904 957 2952 qum
969 2889 1070 2938 aliorum
1081 2889 1151 2937 bone
1160 2889 1231 2937 lame
1243 2897 1366 2945 nocerent,
1376 2898 1467 2946 tacere,

307 2951 419 3014 praecluro
437 2951 528 3008 libello,
547 2953 663 3017 Beytriigs
683 2969 711 3000 su
732 2952 824 3001 Sulzer.
841 2953 867 3009 ii,
900 2968 973 3015 quam
985 2953 1032 3017 legi
1043 2967 1124 3017 parere
1134 2961 1158 3001 et
1173 2951 1307 3001 honestiora
1320 2953 1405 3017 sequi,
1417 2969 1468 3002 sua·

326 3016 407 3064 .397.
442 3015 539 3064 Medicis
557 3019 664 3065 instravit
680 3018 773 3079 pulpito
788 3020 869 3082 tignis.
901 3016 956 3065 luit.
979 3017 1025 3065 ,lus
1032 3017 1084 3080 jem
1094 3026 1131 3066 est
1140 3025 1253 3081 potestas,
1263 3015 1377 3072 incultas,
1390 3018 1468 3067 licen·

308 3031 537 3142 l
553 3081 806 3192 ³
901 3080 1467 3195 ,sse

308 3207 333 3254 h.
349 3223 371 3255 e.
390 3160 601 3271 superstitionis
618 3160 787 3272 magliiidinl’s
803 3163 869 3274 dgns'
902 3209 985 3258 cedere
1011 3226 1026 3259 a
1048 3209 1183 3258 fabularum
1210 3162 1358 3272 uguitionis
1383 3181 1469 3275 quialia

308 3271 392 3382 supp&
403 3272 480 3382 spiturp
491 3288 542 3383 qui
549 3282 639 3386 actrstrtes
651 3273 809 3395 iacedlereptk
903 3274 983 3385 Graeeli
1003 3273 1170 3386 mptabantR
1179 3275 1309 3347 Domestica
1322 3274 1469 3388 foetebp‘es

391 3371 396 3382 .
478 3352 596 3394 ¹sesima
685 3353 709 3384 ur
745 3354 764 3385 ss
809 3355 871 3386 orere
919 3353 1040 3387 mama
1069 3353 1078 3384 ι
1108 3353 1129 3385 rs
1171 3353 1264 3386 omanis
1457 3366 1467 3378 ·

298 3398 410 3461 subulam
422 3397 559 3460 (διδάσκειν
574 3399 677 3467 δρᾶμα),
689 3411 713 3449 et
731 3417 804 3465 quem
824 3402 872 3452 lnte
903 3354 983 3459 latos,
993 3402 1018 3449 in
1029 3353 1116 3466 quilids
1124 3401 1227 3467 supremi
1238 3346 1398 3458 ordldidtriiri,
1406 3421 1468 3469 pre·

308 3461 359 3509 haeo
372 3462 460 3510 locutio
471 3473 560 3528 pateat,
572 3481 641 3514 nemo
653 3464 738 3514 melius
746 3473 770 3513 at
778 3465 872 3514 duodus
904 3474 971 3515 textu
979 3465 1065 3521 ornati,
1077 3465 1267 3515 celebrabantur.
1302 3465 1414 3528 Togatae,
1426 3468 1468 3516 ubi

307 3526 416 3599 exposuit
429 3527 564 3592 Boettigero
575 3539 654 3578 nostro
663 3531 688 3577 in
696 3529 795 3578 laudata
810 3533 869 3579 Pro·
904 3545 941 3578 res
963 3547 1018 3605 qua
1038 3531 1152 3593 agebatur
1162 3529 1286 3595 spectabat
1300 3528 1332 3577 nd
1359 3530 1469 3581 homines

308 3589 576 3642 lussoneScholiastica.
621 3593 718 3643 Scilicet
728 3603 806 3659 poete
816 3595 871 3643 dra·
904 3594 1037 3659 simplicem
1052 3603 1132 3658 togam
1148 3603 1242 3642 tantum
1252 3601 1387 3657 gestantes.
1420 3597 1468 3644 De·

308 3653 391 3702 matini
413 3671 461 3704 non
482 3657 560 3706 solum
580 3659 625 3724 ipsi
644 3659 669 3706 in
692 3657 788 3713 labidis,
811 3673 872 3722 quas
904 3675 979 3714 estne.
989 3658 1112 3714 ἐδίδαξαν·
1125 3659 1175 3706 vid.
1187 3658 1218 3706 ad
1231 3675 1254 3707 s.
1264 3659 1323 3706 200.

307 3729 497 3784 composuerant,
525 3731 604 3787 partes
631 3721 802 3787 suscipiebant,
829 3723 872 3770 sed
937 3724 994 3771 290.
1010 3725 1036 3771 Si
1052 3739 1097 3770 aon
1114 3722 1247 3788 offenderet,
1266 3731 1326 3771 cett.
1343 3721 1393 3770 nisi
1411 3723 1468 3771 dili·

307 3783 379 3832 etiam
403 3793 493 3834 ceteros
515 3797 606 3836 actores
632 3785 748 3850 exemplo,
772 3801 821 3850 quo
843 3785 872 3835 iis
904 3785 993 3849 gentius
1010 3788 1086 3842 lubor,
1104 3795 1130 3834 et
1148 3795 1195 3835 tem
1213 3802 1242 3835 us
1257 3785 1322 3850 quod
1337 3785 1469 3835 elimandis

307 3847 431 3921 preibant,
444 3849 474 3898 ad
486 3859 559 3899 artem
571 3850 728 3922 demandatus
739 3859 817 3914 partes
829 3850 870 3900 de·
904 3851 1048 3900 carminibus
1069 3804 1253 3924 impendendum
1270 3859 1316 3904 ast,
1335 3849 1469 3916 uniruique

307 3927 370 3968 cors,
388 3911 469 3978 digne,
488 3924 512 3963 et
528 3915 645 3965 concinne
663 3913 796 3962 sustinendi
814 3929 871 3963 eon-
903 3923 1025 3978 poetarum
1045 3930 1083 3964 res
1101 3914 1187 3973 intua,
1206 3915 1308 3980 iugata,
1325 3924 1351 3963 et
1368 3915 1470 3964 molesta

307 3977 450 4034 formabant,
468 3979 655 4044 diligentemque
672 3979 697 4027 in
708 3979 773 4026 omni
784 3994 809 4026 re
820 3995 871 4028 sce-
904 3987 975 4027 esset.

308 4041 363 4088 nien
385 4050 449 4090 reeta
469 4043 606 4092 adornanda
627 4057 721 4108 operam
742 4043 872 4107 ponebant.
936 4045 994 4092 Μ.
1014 4043 1140 4105 Pompilius
1158 4046 1272 4106 sanguis:
1294 4043 1352 4090 Vet.
1375 4043 1469 4098 schol„

308 4105 466 4178 Muguumpue
492 4109 562 4170 loqui,
588 4108 639 4182 [pam
667 4106 697 4155 de
725 4107 872 4186 sublimitate
905 4107 967 4161 Quia
987 4109 1154 4184 Calpujitius
1169 4118 1203 4156 est
1220 4107 1301 4155 Numa
1317 4107 1439 4167 Pompilii,
1453 4127 1469 4155 s

307 4172 871 4300 instituistitristentur
903 4172 1470 4300 Wsilt’itttiitt‘ffi'ffim

307 4296 476 4355 ad0d.ii,1,
492 4301 530 4347 12.
902 4299 929 4355 ii,
944 4298 1046 4354 1‚167:
1072 4298 1267 4357 carminibus
1280 4299 1372 4362 quein
1389 4316 1469 4366 repse-

308 4427 323 4472 4
339 4362 397 4472 2¹81.
417 4363 486 4412 Vetus
503 4366 623 4412 comedin:
635 4363 668 4411 ci.
680 4379 734 4429 sup.
746 4364 777 4412 sd
788 4366 839 4412 Sat.
852 4364 869 4423 i,
902 4363 1043 4475 ipenplionem
1053 4363 1180 4412 incurrunt
1190 4362 1307 4420 cohibuit,
1316 4363 1374 4412 h.e.
1384 4379 1469 4414 esnen-

325 4460 331 4479 ‚
364 4461 370 4474 .
920 4442 983 4475 uno
1012 4442 1041 4474 ur
1073 4427 1115 4476 vit.

339 4489 871 4556 usuinoutumuctdir.abtindsgoneravit.
934 4441 1013 4540 ΜΡ
1022 4441 1159 4541 Piisoetum
1185 4494 1216 4540 nd
1238 4508 1357 4554 uagum:
1379 4493 1470 4556 unguis
