3150 5200
483 845 963 950 PRAEFATIO.

613 1171 838 1187 afim-u..—

150 1372 369 1478 quxv1siu
385 1389 526 1455 Horatio
539 1365 734 1476 explicando
748 1401 782 1456 et
801 1414 822 1456 a
840 1391 1045 1460 librariorum
1064 1397 1208 1481 peccatis
1221 1414 1301 1482 pur·

150 1509 259 1594 gando
281 1517 407 1572 tantum
425 1527 621 1594 unaquaque
640 1519 736 1574 tetate
756 1511 899 1595 positum
917 1523 970 1576 est
989 1514 1144 1592 studim,
1158 1515 1266 1580 ut=vix
1279 1539 1300 1580 a

149 1627 240 1691 novis
253 1627 486 1710 interpretibus
496 1626 564 1692 dici
576 1637 610 1692 et
620 1625 760 1692 conferri
772 1627 895 1713 aliquid
905 1651 1004 1714 posse
1015 1642 1124 1716 putes,
1133 1633 1224 1716 quod
1236 1652 1302 1698 non

150 1743 273 1809 dictum
287 1753 322 1808 et
335 1741 487 1808 collatsnn
502 1745 546 1809 sit
559 1747 663 1830 prius,
678 1767 739 1811 nee
757 1745 963 1812 librariorum
975 1749 1092 1813 vitium
1110 1749 1248 1834 aliquod·
1266 1751 1301 1814 in

148 1859 282 1926 Horatii
306 1871 411 1940 textu,
442 1883 538 1946 quem
564 1873 692 1940 vocant,
718 1863 866 1948 indagari
893 1875 927 1930 et
947 1866 1022 1931 'tolli
1047 1887 1146 1952 posse
1172 1869 1300 1947 credas,

150 1980 238 2064 quod
252 1992 318 2046 non
332 1980 521 2065 indagatum
534 1991 568 2046 et
582 1979 746 2053 sublatum
756 1982 825 2066 jam
839 1983 883 2046 sit
898 1985 943 2049 ab
956 1985 1044 2065 'aliisg
1066 1995 1176 2052 umen
1189 1996 1301 2052 nostra

149 2119 280 2183 quoque
304 2108 400 2163 aetate
428 2099 566 2162 extitere
589 2097 663 2163 Viri
687 2099 788 2177 docti,
808 2101 866 2183 qui
890 2113 1005 2166 novam
1027 2102 1133 2168 lucem
1159 2103 1301 2170 Horatio

151 2215 370 2293 affunderent,
383 2237 455 2293 uec,
467 2197 524 2300 qui
538 2227 622 2281 nora
635 2227 670 2281 et
684 2216 817 2281 meliora
832 2217 980 2296 afferant,
996 2220 1135 2304 posthac
1147 2221 1298 2287 deenmt.

151 2331 283 2399 Scilicet
305 2335 387 2399 alius
411 2334 506 2412 hanc,
531 2334 616 2400 alius
636 2333 731 2398 aliam
757 2335 791 2398 in
818 2335 949 2400 edendo
977 2335 1117 2402 Horatio
1142 2339 1300 2404 rationem

153 2429 283 2517 secutus
308 2463 376 2518 est:
400 2453 493 2531 elius,
509 2463 546 2517 ut
569 2441 761 2530 Lambinus,
777 2452 984 2531 Torrentius,
1000 2454 1205 2532 Sanadouua
1220 2465 1298 2520 cett.

152 2591 277 2637 omnem
303 2593 397 2657 paene
425 2573 465 2637 in‘
481 2581 589 2657 poetas
619 2559 786 2637 sententiis
810 2571 944 2637 uberius
969 2571 1184 2657 exponendis,
1211 2571 1300 2639 illus-

153 2688 288 2766 trandis,
304 2710 378 2753 cum
398 2690 556 2754 similinus
571 2699 716 2754 veterum
736 2689 931 2773 scriptorum
951 2690 1033 2754 locis
1055 2692 1300 2775 componendis,

153 2806 204 2870 vel
218 2826 260 2871 ex
274 2806 411 2871 historia
426 2804 600 2871 dilucidius
621 2805 836 2891 explanandis
849 2806 1019 2872 collocavit
1031 2826 1181 2891 operam;
1204 2807 1299 2885 alius,

150 2930 188 2986 ut
201 2922 382 3002 Bentleius,
398 2924 667 3010 Cuniughamius,
683 2922 936 3001 Wakefieldius,
952 2934 1028 2989 cett.
1046 2926 1140 2990 unice
1153 2926 1189 2988 iu
1203 2936 1302 3009 poeta

150 3041 195 3105 ad
209 3022 312 3105 artem
325 3042 469 3108 criticam
486 3042 650 3127 exigendo
665 3053 813 3107 versatus
832 3052 902 3119 est;
924 3041 1018 3119 alius,
1034 3052 1071 3107 ut
1089 3042 1158 3106 lere
1173 3041 1302 3107 Gesne-
1335 3081 1343 3093 ·

149 3180 220 3237 rus,
235 3168 408 3245 utrumque
423 3162 470 3225 ita
483 3162 665 3246 conjunxit,
681 3168 720 3226 ut
733 3182 795 3226 uec
808 3161 914 3224 textui
936 3162 979 3224 ad
998 3181 1141 3224 normam
1156 3160 1300 3225 criticam

150 3278 378 3356 examinando,
391 3300 452 3345 nec
468 3278 914 3363 sententiis'impeditioribus
927 3277 1143 3361 expediendis
1157 3276 1299 3342 deesset

149 3395 261 3469 Quam
283 3395 415 3480 quidem
440 3397 598 3463 rationem
620 3396 845 3481 posteriorem,
861 3395 950 3459 haud
969 3394 1070 3459 dubie
1081 3392 1301 3471 utilissimam,

150 3514 269 3578 dextre
283 3516 414 3598 quoque
427 3514 573 3579 ineditis
589 3512 740 3579 Oderunt
748 3512 846 3577 'libris
859 3513 932 3576 iniit
945 3510 1034 3589 dani,
1049 3512 1234 3597 nuperrime
1246 3532 1304 3576 au·

149 3644 218 3697 tem
231 3616 265 3696 ln
280 3648 480 3699 commanem
494 3632 626 3699 uorsus
639 3633 797 3698 raetorum
811 3632 948 3717 gratiam
961 3630 1026 3696 va
1040 3630 1303 3706 emeramnus,

150 3746 444 3815 Mitscberlicbius.
486 3750 644 3815 Sed‘cum
657 3748 734 3814 Jani
747 3748 850 3815 editio
865 3748 960 3813 Odas
975 3758 1100 3813 tannim
1120 3748 1155 3812 in
1174 3748 1304 3813 duobus

150 3869 249 3932 tomis
271 3869 515 3954 complectatur,
531 3857 571 3934 ea
593 3878 711 3945 autem,
727 3868 760 3931 in
780 3888 847 3952 qua
869 3866 1074 3952 profliganda
1092 3866 1304 3933 cummaxime

150 3994 331 4069 occupatur
344 3996 436 4051 vetus
451 4008 542 4051 meus
556 3986 678 4051 sodalis
692 3997 727 4051 et
742 3988 863 4051 emicm
878 3983 1168 4060 Mitscberlichius,
1181 3983 1222 4047 ad
1238 3993 1305 4046 tam

150 4104 360 4187 splendidum
381 4126 464 4189 opus
484 4114 664 4182 excrescat,
685 4104 857 4188 ut·paucis
881 4102 924 4167 ad
945 4102 1025 4167 illud
1039 4102 1101 4165 sibi
1116 4110 1305 4184 comparan-

95 4252 102 4261 ·
149 4222 231 4287 dum
253 4244 307 4287 res
331 4232 507 4306 suppetere
520 4224 689 4301 rideatur;
712 4222 921 4286 desideratur
933 4219 1052 4298 adhuc,
1072 4241 1147 4305 quae
1164 4216 1306 4302 plurium

149 4340 310 4405 lectorum
333 4341 514 4405 rationibus
532 4340 774 4407 accommodata
790 4341 843 4417 sit,
859 4338 971 4403 editio.
1017 4336 1101 4401 Cum
1114 4336 1215 4421 igitur
1229 4345 1305 4399 ante

151 4468 220 4522 tres
247 4480 349 4522 annos
376 4458 437 4523 Vir
460 4458 731 4536 Honestissimus,
757 4456 937 4541 bibliopola
960 4454 1154 4738 {Kaisareia
1178 4453 1307 4537 Caspar

721 4577 743 4638 b
781 4614 783 4620 ,
