<?xml version="1.0" encoding="UTF-8"?>
<!DOCTYPE html PUBLIC "-//W3C//DTD XHTML 1.0 Transitional//EN"
    "http://www.w3.org/TR/xhtml1/DTD/xhtml1-transitional.dtd">
<html xmlns="http://www.w3.org/1999/xhtml" xml:lang="en" lang="en">
 <head>
  <title>
</title>
<meta http-equiv="Content-Type" content="text/html;charset=utf-8" />
  <meta name='ocr-system' content='tesseract 3.04.00' />
  <meta name='ocr-capabilities' content='ocr_page ocr_carea ocr_par ocr_line ocrx_word'/>
</head>
<body>
  <div class='ocr_page' id='page_1' title='image "./operaomniaillus00horagoog_0525.png"; bbox 0 0 3150 5200; ppageno 0'>
   <div class='ocr_carea' id='block_1_1' title="bbox 571 343 864 421">
    <p class='ocr_par' dir='ltr' id='par_1_1' title="bbox 571 343 864 421">
     <span class='ocr_line' id='line_1_1' title="bbox 571 343 864 421; baseline 0.007 -14"><span class='ocrx_word' id='word_1_1' title='bbox 571 343 736 410; x_wconf 88' lang='lat' dir='ltr'><strong>LIBER</strong></span> <span class='ocrx_word' id='word_1_2' title='bbox 760 343 786 421; x_wconf 90' lang='grc' dir='ltr'>Ι,</span> <span class='ocrx_word' id='word_1_3' title='bbox 815 346 864 409; x_wconf 81' lang='lat'>17.</span> 
     </span>
    </p>
   </div>
   <div class='ocr_carea' id='block_1_2' title="bbox 151 492 1240 1282">
    <p class='ocr_par' dir='ltr' id='par_1_2' title="bbox 151 492 1240 1282">
     <span class='ocr_line' id='line_1_2' title="bbox 220 492 1013 581; baseline 0.006 -25"><span class='ocrx_word' id='word_1_4' title='bbox 220 492 371 558; x_wconf 83' lang='lat' dir='ltr'>Annonae</span> <span class='ocrx_word' id='word_1_5' title='bbox 387 495 508 579; x_wconf 79' lang='lat' dir='ltr'>prosit3</span> <span class='ocrx_word' id='word_1_6' title='bbox 533 507 642 580; x_wconf 87' lang='lat' dir='ltr'>portet</span> <span class='ocrx_word' id='word_1_7' title='bbox 657 496 819 562; x_wconf 82' lang='lat' dir='ltr'>frumenta</span> <span class='ocrx_word' id='word_1_8' title='bbox 833 517 1013 581; x_wconf 88' lang='lat' dir='ltr'>penusque.</span> 
     </span>
     <span class='ocr_line' id='line_1_3' title="bbox 220 594 1079 680; baseline 0.005 -22"><span class='ocrx_word' id='word_1_9' title='bbox 220 594 283 658; x_wconf 87' lang='lat' dir='ltr'>Vir</span> <span class='ocrx_word' id='word_1_10' title='bbox 297 597 403 660; x_wconf 87' lang='lat' dir='ltr'>bonus</span> <span class='ocrx_word' id='word_1_11' title='bbox 419 605 452 660; x_wconf 87' lang='lat' dir='ltr'>et</span> <span class='ocrx_word' id='word_1_12' title='bbox 467 597 597 680; x_wconf 88' lang='lat' dir='ltr'>sapiens</span> <span class='ocrx_word' id='word_1_13' title='bbox 612 598 748 664; x_wconf 78' lang='lat' dir='ltr'><strong>audebit</strong></span> <span class='ocrx_word' id='word_1_14' title='bbox 762 599 891 664; x_wconf 87' lang='lat' dir='ltr'>dicere:</span> <span class='ocrx_word' id='word_1_15' title='bbox 916 597 1079 675; x_wconf 89' lang='lat' dir='ltr'>Pentheu,</span> 
     </span>
     <span class='ocr_line' id='line_1_4' title="bbox 220 695 1035 784; baseline 0.006 -25"><span class='ocrx_word' id='word_1_16' title='bbox 220 695 345 760; x_wconf 91' lang='lat' dir='ltr'>Rector</span> <span class='ocrx_word' id='word_1_17' title='bbox 360 696 562 776; x_wconf 81' lang='lat' dir='ltr'><strong>Thebarum,</strong></span> <span class='ocrx_word' id='word_1_18' title='bbox 579 700 659 784; x_wconf 92' lang='lat' dir='ltr'>quid</span> <span class='ocrx_word' id='word_1_19' title='bbox 674 722 725 764; x_wconf 93' lang='lat' dir='ltr'>me</span> <span class='ocrx_word' id='word_1_20' title='bbox 739 699 885 784; x_wconf 87' lang='lat' dir='ltr'>perferre</span> <span class='ocrx_word' id='word_1_21' title='bbox 900 702 1035 784; x_wconf 91' lang='lat' dir='ltr'>patique</span> 
     </span>
     <span class='ocr_line' id='line_1_5' title="bbox 151 796 1240 886; baseline 0.006 -27"><span class='ocrx_word' id='word_1_22' title='bbox 151 796 197 860; x_wconf 76' lang='lat'>75</span> <span class='ocrx_word' id='word_1_23' title='bbox 219 797 394 882; x_wconf 86' lang='lat' dir='ltr'>Indignum</span> <span class='ocrx_word' id='word_1_24' title='bbox 409 804 531 883; x_wconf 76' lang='lat' dir='ltr'>coges?</span> <span class='ocrx_word' id='word_1_25' title='bbox 576 799 728 864; x_wconf 82' lang='lat' dir='ltr'><strong>Adimam</strong></span> <span class='ocrx_word' id='word_1_26' title='bbox 743 803 841 866; x_wconf 79' lang='lat' dir='ltr'>bona.</span> <span class='ocrx_word' id='word_1_27' title='bbox 887 800 1017 886; x_wconf 85' lang='lat' dir='ltr'>Nempe</span> <span class='ocrx_word' id='word_1_28' title='bbox 1033 823 1145 886; x_wconf 86' lang='lat' dir='ltr'>pecus,</span> <span class='ocrx_word' id='word_1_29' title='bbox 1160 823 1240 880; x_wconf 89' lang='lat' dir='ltr'>rem,</span> 
     </span>
     <span class='ocr_line' id='line_1_6' title="bbox 219 897 1058 985; baseline 0.001 -21"><span class='ocrx_word' id='word_1_30' title='bbox 219 897 350 977; x_wconf 60' lang='lat' dir='ltr'>Lectos</span> <span class='ocrx_word' id='word_1_31' title='bbox 366 912 553 985; x_wconf 87' lang='lat' dir='ltr'>argentum:</span> <span class='ocrx_word' id='word_1_32' title='bbox 579 901 671 966; x_wconf 85' lang='lat' dir='ltr'>tollas</span> <span class='ocrx_word' id='word_1_33' title='bbox 685 901 771 966; x_wconf 90' lang='lat' dir='ltr'>licet.</span> <span class='ocrx_word' id='word_1_34' title='bbox 818 902 857 966; x_wconf 93' lang='lat' dir='ltr'>ln</span> <span class='ocrx_word' id='word_1_35' title='bbox 872 903 1008 966; x_wconf 81' lang='lat' dir='ltr'>manicis</span> <span class='ocrx_word' id='word_1_36' title='bbox 1024 913 1058 966; x_wconf 93' lang='lat' dir='ltr'>et</span> 
     </span>
     <span class='ocr_line' id='line_1_7' title="bbox 220 1000 969 1085; baseline 0.005 -21"><span class='ocrx_word' id='word_1_37' title='bbox 220 1000 442 1085; x_wconf 82' lang='lat' dir='ltr'>Compedibus</span> <span class='ocrx_word' id='word_1_38' title='bbox 459 1025 544 1067; x_wconf 85' lang='lat' dir='ltr'>soevo</span> <span class='ocrx_word' id='word_1_39' title='bbox 561 1013 593 1067; x_wconf 91' lang='lat' dir='ltr'>te</span> <span class='ocrx_word' id='word_1_40' title='bbox 610 1004 672 1068; x_wconf 83' lang='lat' dir='ltr'>sub</span> <span class='ocrx_word' id='word_1_41' title='bbox 687 1005 824 1068; x_wconf 85' lang='lat' dir='ltr'>custode</span> <span class='ocrx_word' id='word_1_42' title='bbox 840 1007 969 1070; x_wconf 86' lang='lat' dir='ltr'><strong>tenebo.</strong></span> 
     </span>
     <span class='ocr_line' id='line_1_8' title="bbox 218 1101 1136 1190; baseline 0.002 -24"><span class='ocrx_word' id='word_1_43' title='bbox 218 1101 296 1186; x_wconf 88' lang='lat' dir='ltr'>lpse</span> <span class='ocrx_word' id='word_1_44' title='bbox 311 1103 415 1180; x_wconf 85' lang='lat' dir='ltr'>Deua,</span> <span class='ocrx_word' id='word_1_45' title='bbox 433 1102 625 1186; x_wconf 84' lang='lat' dir='ltr'><strong>simulatque</strong></span> <span class='ocrx_word' id='word_1_46' title='bbox 640 1103 754 1181; x_wconf 85' lang='lat' dir='ltr'>volam,</span> <span class='ocrx_word' id='word_1_47' title='bbox 771 1128 822 1169; x_wconf 92' lang='lat' dir='ltr'>me</span> <span class='ocrx_word' id='word_1_48' title='bbox 839 1105 951 1170; x_wconf 87' lang='lat' dir='ltr'>solvet.</span> <span class='ocrx_word' id='word_1_49' title='bbox 999 1107 1136 1190; x_wconf 79' lang='lat' dir='ltr'>opinor,</span> 
     </span>
     <span class='ocr_line' id='line_1_9' title="bbox 219 1203 1129 1282; baseline 0.004 -16"><span class='ocrx_word' id='word_1_50' title='bbox 219 1203 294 1268; x_wconf 93' lang='lat' dir='ltr'>Hoc</span> <span class='ocrx_word' id='word_1_51' title='bbox 311 1205 424 1267; x_wconf 87' lang='lat' dir='ltr'>sentit:</span> <span class='ocrx_word' id='word_1_52' title='bbox 451 1203 592 1282; x_wconf 68' lang='lat' dir='ltr'>Moritur</span> <span class='ocrx_word' id='word_1_53' title='bbox 616 1228 702 1270; x_wconf 86' lang='lat' dir='ltr'>mors</span> <span class='ocrx_word' id='word_1_54' title='bbox 718 1205 831 1270; x_wconf 86' lang='lat' dir='ltr'>ultima</span> <span class='ocrx_word' id='word_1_55' title='bbox 846 1206 931 1272; x_wconf 88' lang='lat' dir='ltr'>linea</span> <span class='ocrx_word' id='word_1_56' title='bbox 945 1230 1054 1271; x_wconf 90' lang='lat' dir='ltr'>rerum</span> <span class='ocrx_word' id='word_1_57' title='bbox 1068 1218 1129 1270; x_wconf 82' lang='lat' dir='ltr'>eat.</span> 
     </span>
    </p>
   </div>
   <div class='ocr_carea' id='block_1_3' title="bbox 519 1509 900 1576">
    <p class='ocr_par' dir='ltr' id='par_1_3' title="bbox 519 1509 900 1576">
     <span class='ocr_line' id='line_1_10' title="bbox 519 1509 900 1576; baseline 0 -2"><span class='ocrx_word' id='word_1_58' title='bbox 519 1509 761 1576; x_wconf 89' lang='lat' dir='ltr'><strong>EPISTOLA</strong></span> <span class='ocrx_word' id='word_1_59' title='bbox 784 1510 900 1576; x_wconf 87' lang='lat' dir='ltr'>XVII.</span> 
     </span>
    </p>
   </div>
   <div class='ocr_carea' id='block_1_4' title="bbox 554 1737 869 1786">
    <p class='ocr_par' dir='ltr' id='par_1_4' title="bbox 554 1737 869 1786">
     <span class='ocr_line' id='line_1_11' title="bbox 554 1737 869 1786; baseline 0.003 -1"><span class='ocrx_word' id='word_1_60' title='bbox 554 1739 617 1785; x_wconf 78' lang='lat' dir='ltr'>AD</span> <span class='ocrx_word' id='word_1_61' title='bbox 649 1737 869 1786; x_wconf 79' lang='lat' dir='ltr'>SCAEVAM.</span> 
     </span>
    </p>
   </div>
   <div class='ocr_carea' id='block_1_5' title="bbox 163 1914 1143 2505">
    <p class='ocr_par' dir='ltr' id='par_1_5' title="bbox 217 1914 1121 1998">
     <span class='ocr_line' id='line_1_12' title="bbox 217 1914 1121 1998; baseline -0.001 -22"><span class='ocrx_word' id='word_1_62' title='bbox 217 1914 388 1991; x_wconf 72' lang='lat' dir='ltr'>Quamvis,</span> <span class='ocrx_word' id='word_1_63' title='bbox 405 1914 528 1990; x_wconf 86' lang='lat' dir='ltr'>Scaeva,</span> <span class='ocrx_word' id='word_1_64' title='bbox 546 1916 624 1981; x_wconf 88' lang='lat' dir='ltr'>satis</span> <span class='ocrx_word' id='word_1_65' title='bbox 640 1937 698 1998; x_wconf 86' lang='lat' dir='ltr'>per</span> <span class='ocrx_word' id='word_1_66' title='bbox 714 1926 746 1978; x_wconf 92' lang='lat' dir='ltr'>te</span> <span class='ocrx_word' id='word_1_67' title='bbox 763 1916 822 1980; x_wconf 90' lang='lat' dir='ltr'>tibi</span> <span class='ocrx_word' id='word_1_68' title='bbox 839 1915 993 1990; x_wconf 87' lang='lat' dir='ltr'>consulis,</span> <span class='ocrx_word' id='word_1_69' title='bbox 1009 1925 1042 1978; x_wconf 90' lang='lat' dir='ltr'>et</span> <span class='ocrx_word' id='word_1_70' title='bbox 1057 1914 1121 1978; x_wconf 89' lang='lat' dir='ltr'>scis</span> 
     </span>
    </p>

    <p class='ocr_par' dir='ltr' id='par_1_6' title="bbox 217 2015 960 2100">
     <span class='ocr_line' id='line_1_13' title="bbox 217 2015 960 2100; baseline 0 -22"><span class='ocrx_word' id='word_1_71' title='bbox 217 2015 294 2089; x_wconf 85' lang='lat' dir='ltr'>Quo</span> <span class='ocrx_word' id='word_1_72' title='bbox 311 2017 440 2080; x_wconf 90' lang='lat' dir='ltr'>tandem</span> <span class='ocrx_word' id='word_1_73' title='bbox 456 2025 553 2099; x_wconf 88' lang='lat' dir='ltr'>pacto</span> <span class='ocrx_word' id='word_1_74' title='bbox 569 2017 684 2080; x_wconf 86' lang='lat' dir='ltr'>deceat</span> <span class='ocrx_word' id='word_1_75' title='bbox 699 2017 876 2100; x_wconf 88' lang='lat' dir='ltr'>majoribus</span> <span class='ocrx_word' id='word_1_76' title='bbox 893 2016 960 2092; x_wconf 90' lang='lat' dir='ltr'>uti;</span> 
     </span>
    </p>

    <p class='ocr_par' dir='ltr' id='par_1_7' title="bbox 216 2114 1131 2199">
     <span class='ocr_line' id='line_1_14' title="bbox 216 2114 1131 2199; baseline -0.002 -20"><span class='ocrx_word' id='word_1_77' title='bbox 216 2115 328 2194; x_wconf 86' lang='lat' dir='ltr'>Disce,</span> <span class='ocrx_word' id='word_1_78' title='bbox 344 2117 512 2182; x_wconf 88' lang='lat' dir='ltr'>docendus</span> <span class='ocrx_word' id='word_1_79' title='bbox 528 2116 636 2180; x_wconf 89' lang='lat' dir='ltr'>adbuc</span> <span class='ocrx_word' id='word_1_80' title='bbox 650 2139 724 2199; x_wconf 84' lang='lat' dir='ltr'>quae</span> <span class='ocrx_word' id='word_1_81' title='bbox 740 2127 851 2180; x_wconf 86' lang='lat' dir='ltr'>censet</span> <span class='ocrx_word' id='word_1_82' title='bbox 866 2114 1034 2191; x_wconf 86' lang='lat' dir='ltr'>amiculus,</span> <span class='ocrx_word' id='word_1_83' title='bbox 1052 2125 1088 2178; x_wconf 92' lang='lat' dir='ltr'>ut</span> <span class='ocrx_word' id='word_1_84' title='bbox 1104 2117 1131 2177; x_wconf 92' lang='lat' dir='ltr'>si</span> 
     </span>
    </p>

    <p class='ocr_par' dir='ltr' id='par_1_8' title="bbox 163 2217 1143 2403">
     <span class='ocr_line' id='line_1_15' title="bbox 217 2217 1143 2302; baseline -0.002 -20"><span class='ocrx_word' id='word_1_85' title='bbox 217 2218 332 2282; x_wconf 80' lang='lat' dir='ltr'>Caecus</span> <span class='ocrx_word' id='word_1_86' title='bbox 348 2221 410 2282; x_wconf 89' lang='lat' dir='ltr'>iter</span> <span class='ocrx_word' id='word_1_87' title='bbox 424 2229 603 2286; x_wconf 85' lang='lat' dir='ltr'>monstrare</span> <span class='ocrx_word' id='word_1_88' title='bbox 618 2218 710 2282; x_wconf 90' lang='lat' dir='ltr'>velit:</span> <span class='ocrx_word' id='word_1_89' title='bbox 736 2230 842 2283; x_wconf 88' lang='lat' dir='ltr'>tamen</span> <span class='ocrx_word' id='word_1_90' title='bbox 858 2218 1003 2302; x_wconf 82' lang='lat' dir='ltr'>adspice,</span> <span class='ocrx_word' id='word_1_91' title='bbox 1020 2218 1047 2278; x_wconf 91' lang='lat' dir='ltr'>si</span> <span class='ocrx_word' id='word_1_92' title='bbox 1062 2217 1143 2298; x_wconf 94' lang='lat' dir='ltr'>quid</span> 
     </span>
     <span class='ocr_line' id='line_1_16' title="bbox 163 2317 1089 2403; baseline -0.002 -22"><span class='ocrx_word' id='word_1_93' title='bbox 163 2321 184 2381; x_wconf 87' lang='lat'><em>5</em></span> <span class='ocrx_word' id='word_1_94' title='bbox 219 2319 265 2383; x_wconf 87' lang='lat' dir='ltr'>Et</span> <span class='ocrx_word' id='word_1_95' title='bbox 279 2342 349 2393; x_wconf 90' lang='lat' dir='ltr'>nos,</span> <span class='ocrx_word' id='word_1_96' title='bbox 365 2320 453 2403; x_wconf 93' lang='lat' dir='ltr'>quod</span> <span class='ocrx_word' id='word_1_97' title='bbox 469 2342 563 2383; x_wconf 89' lang='lat' dir='ltr'>cures</span> <span class='ocrx_word' id='word_1_98' title='bbox 580 2320 749 2403; x_wconf 91' lang='lat' dir='ltr'>proprium</span> <span class='ocrx_word' id='word_1_99' title='bbox 764 2317 892 2394; x_wconf 82' lang='lat' dir='ltr'>secisse,</span> <span class='ocrx_word' id='word_1_100' title='bbox 909 2319 1089 2401; x_wconf 84' lang='lat' dir='ltr'><strong>loquamur.</strong></span> 
     </span>
    </p>

    <p class='ocr_par' dir='ltr' id='par_1_9' title="bbox 217 2420 1039 2505">
     <span class='ocr_line' id='line_1_17' title="bbox 217 2420 1039 2505; baseline -0.001 -22"><span class='ocrx_word' id='word_1_101' title='bbox 217 2420 252 2484; x_wconf 88' lang='lat' dir='ltr'>Si</span> <span class='ocrx_word' id='word_1_102' title='bbox 268 2433 299 2484; x_wconf 82' lang='lat' dir='ltr'>te</span> <span class='ocrx_word' id='word_1_103' title='bbox 315 2433 408 2504; x_wconf 84' lang='lat' dir='ltr'>grata</span> <span class='ocrx_word' id='word_1_104' title='bbox 423 2422 515 2504; x_wconf 90' lang='lat' dir='ltr'>quies</span> <span class='ocrx_word' id='word_1_105' title='bbox 532 2432 564 2484; x_wconf 86' lang='lat' dir='ltr'>et</span> <span class='ocrx_word' id='word_1_106' title='bbox 579 2423 714 2505; x_wconf 90' lang='lat' dir='ltr'>primam</span> <span class='ocrx_word' id='word_1_107' title='bbox 732 2442 863 2484; x_wconf 87' lang='lat' dir='ltr'>somnus</span> <span class='ocrx_word' id='word_1_108' title='bbox 878 2422 912 2482; x_wconf 92' lang='lat' dir='ltr'>in</span> <span class='ocrx_word' id='word_1_109' title='bbox 927 2420 1039 2483; x_wconf 89' lang='lat' dir='ltr'>horam</span> 
     </span>
    </p>
   </div>
   <div class='ocr_carea' id='block_1_6' title="bbox 129 2587 1286 4621">
    <p class='ocr_par' dir='ltr' id='par_1_10' title="bbox 129 2587 1286 4621">
     <span class='ocr_line' id='line_1_18' title="bbox 130 2587 1283 2671; baseline -0.002 -32"><span class='ocrx_word' id='word_1_110' title='bbox 130 2591 289 2655; x_wconf 77' lang='lat' dir='ltr'>noramiu),</span> <span class='ocrx_word' id='word_1_111' title='bbox 310 2589 430 2655; x_wconf 82' lang='lat' dir='ltr'>eleganter</span> <span class='ocrx_word' id='word_1_112' title='bbox 451 2589 572 2640; x_wconf 75' lang='lat' dir='ltr'>translatu</span> <span class='ocrx_word' id='word_1_113' title='bbox 595 2599 653 2639; x_wconf 87' lang='lat' dir='ltr'>suut</span> <span class='ocrx_word' id='word_1_114' title='bbox 675 2606 689 2639; x_wconf 90' lang='lat' dir='ltr'>a</span> <span class='ocrx_word' id='word_1_115' title='bbox 722 2595 792 2671; x_wconf 69' lang='lat' dir='ltr'>adpo</span> <span class='ocrx_word' id='word_1_116' title='bbox 808 2591 856 2640; x_wconf 79' lang='grc' dir='ltr'>σὸν</span> <span class='ocrx_word' id='word_1_117' title='bbox 876 2589 1025 2654; x_wconf 72' lang='grc' dir='ltr'>φυλάξομεν.</span> <span class='ocrx_word' id='word_1_118' title='bbox 1059 2589 1094 2639; x_wconf 85' lang='lat' dir='ltr'>V.</span> <span class='ocrx_word' id='word_1_119' title='bbox 1114 2589 1171 2637; x_wconf 83' lang='grc'><strong>498.</strong></span> <span class='ocrx_word' id='word_1_120' title='bbox 1190 2587 1283 2637; x_wconf 84' lang='lat' dir='ltr'>Baccb.</span> 
     </span>
     <span class='ocr_line' id='line_1_19' title="bbox 129 2651 1284 2718; baseline -0.001 -15"><span class='ocrx_word' id='word_1_121' title='bbox 129 2655 225 2703; x_wconf 89' lang='lat' dir='ltr'>militia.</span> <span class='ocrx_word' id='word_1_122' title='bbox 724 2660 799 2704; x_wconf 81' lang='grc' dir='ltr'>Λυσει</span> <span class='ocrx_word' id='word_1_123' title='bbox 808 2654 857 2718; x_wconf 81' lang='grc' dir='ltr'>μ’ὁ</span> <span class='ocrx_word' id='word_1_124' title='bbox 868 2653 964 2718; x_wconf 74' lang='grc' dir='ltr'>δαὶμων</span> <span class='ocrx_word' id='word_1_125' title='bbox 981 2654 1066 2711; x_wconf 73' lang='grc' dir='ltr'><strong>αὐτὸς,</strong></span> <span class='ocrx_word' id='word_1_126' title='bbox 1078 2651 1201 2716; x_wconf 71' lang='grc' dir='ltr'>ὃνιινέγὼ</span> <span class='ocrx_word' id='word_1_127' title='bbox 1212 2652 1284 2702; x_wconf 64' lang='lat' dir='ltr'>otto.</span> 
     </span>
     <span class='ocr_line' id='line_1_20' title="bbox 161 2716 1284 2782; baseline -0.002 -15"><span class='ocrx_word' id='word_1_128' title='bbox 161 2722 202 2769; x_wconf 84' lang='grc'>69.</span> <span class='ocrx_word' id='word_1_129' title='bbox 221 2720 357 2782; x_wconf 79' lang='lat' dir='ltr'>Captivam:</span> <span class='ocrx_word' id='word_1_130' title='bbox 374 2718 449 2767; x_wconf 85' lang='lat' dir='ltr'>lucete</span> <span class='ocrx_word' id='word_1_131' title='bbox 460 2736 553 2776; x_wconf 71' lang='lat' dir='ltr'>avarus,</span> <span class='ocrx_word' id='word_1_132' title='bbox 566 2729 593 2768; x_wconf 90' lang='lat' dir='ltr'>ut</span> <span class='ocrx_word' id='word_1_133' title='bbox 610 2720 689 2768; x_wconf 86' lang='lat' dir='ltr'>doser-</span> <span class='ocrx_word' id='word_1_134' title='bbox 724 2719 777 2767; x_wconf 88' lang='lat' dir='ltr'>Hoc</span> <span class='ocrx_word' id='word_1_135' title='bbox 796 2719 907 2767; x_wconf 86' lang='lat' dir='ltr'>ultimum</span> <span class='ocrx_word' id='word_1_136' title='bbox 925 2734 940 2766; x_wconf 83' lang='lat' dir='ltr'><strong>a</strong></span> <span class='ocrx_word' id='word_1_137' title='bbox 957 2717 1066 2771; x_wconf 87' lang='lat' dir='ltr'>Baccho,</span> <span class='ocrx_word' id='word_1_138' title='bbox 1082 2716 1184 2765; x_wconf 82' lang='lat' dir='ltr'>Panthei</span> <span class='ocrx_word' id='word_1_139' title='bbox 1200 2724 1284 2780; x_wconf 88' lang='lat' dir='ltr'>poten-</span> 
     </span>
     <span class='ocr_line' id='line_1_21' title="bbox 129 2779 1285 2848; baseline -0.002 -17"><span class='ocrx_word' id='word_1_140' title='bbox 129 2792 165 2831; x_wconf 91' lang='lat' dir='ltr'>tor</span> <span class='ocrx_word' id='word_1_141' title='bbox 174 2782 267 2831; x_wconf 89' lang='lat' dir='ltr'>virtutis</span> <span class='ocrx_word' id='word_1_142' title='bbox 275 2792 299 2831; x_wconf 91' lang='lat' dir='ltr'>et</span> <span class='ocrx_word' id='word_1_143' title='bbox 308 2798 389 2831; x_wconf 85' lang='lat' dir='ltr'>servus</span> <span class='ocrx_word' id='word_1_144' title='bbox 400 2783 517 2848; x_wconf 77' lang='lat' dir='ltr'>pecunia,</span> <span class='ocrx_word' id='word_1_145' title='bbox 528 2792 626 2832; x_wconf 88' lang='lat' dir='ltr'>vocatur</span> <span class='ocrx_word' id='word_1_146' title='bbox 636 2802 690 2845; x_wconf 83' lang='lat' dir='ltr'>cop·</span> <span class='ocrx_word' id='word_1_147' title='bbox 724 2783 782 2831; x_wconf 87' lang='lat' dir='ltr'>tiam</span> <span class='ocrx_word' id='word_1_148' title='bbox 798 2782 899 2838; x_wconf 82' lang='lat' dir='ltr'>ridente,</span> <span class='ocrx_word' id='word_1_149' title='bbox 919 2781 1030 2843; x_wconf 81' lang='lat' dir='ltr'>ambigue</span> <span class='ocrx_word' id='word_1_150' title='bbox 1044 2781 1136 2829; x_wconf 87' lang='lat' dir='ltr'>dictum</span> <span class='ocrx_word' id='word_1_151' title='bbox 1145 2779 1197 2843; x_wconf 86' lang='lat' dir='ltr'>jam</span> <span class='ocrx_word' id='word_1_152' title='bbox 1208 2788 1285 2829; x_wconf 77' lang='lat' dir='ltr'>tranr-</span> 
     </span>
     <span class='ocr_line' id='line_1_22' title="bbox 130 2845 1285 2913; baseline -0.003 -17"><span class='ocrx_word' id='word_1_153' title='bbox 130 2852 190 2896; x_wconf 81' lang='lat' dir='ltr'>timu</span> <span class='ocrx_word' id='word_1_154' title='bbox 197 2868 206 2906; x_wconf 91' lang='lat'>,·</span> <span class='ocrx_word' id='word_1_155' title='bbox 223 2847 312 2913; x_wconf 85' lang='lat' dir='ltr'>captivi</span> <span class='ocrx_word' id='word_1_156' title='bbox 323 2855 403 2896; x_wconf 84' lang='lat' dir='ltr'>autam</span> <span class='ocrx_word' id='word_1_157' title='bbox 421 2854 469 2895; x_wconf 86' lang='lat' dir='ltr'>tam</span> <span class='ocrx_word' id='word_1_158' title='bbox 484 2848 554 2895; x_wconf 81' lang='lat' dir='ltr'>vendi</span> <span class='ocrx_word' id='word_1_159' title='bbox 565 2863 638 2912; x_wconf 84' lang='lat' dir='ltr'>quam</span> <span class='ocrx_word' id='word_1_160' title='bbox 649 2864 689 2895; x_wconf 93' lang='lat' dir='ltr'>oc·</span> <span class='ocrx_word' id='word_1_161' title='bbox 723 2846 796 2895; x_wconf 81' lang='lat' dir='ltr'>fertur</span> <span class='ocrx_word' id='word_1_162' title='bbox 805 2846 837 2894; x_wconf 88' lang='lat' dir='ltr'>ad</span> <span class='ocrx_word' id='word_1_163' title='bbox 847 2855 956 2901; x_wconf 84' lang='lat' dir='ltr'>mortem,</span> <span class='ocrx_word' id='word_1_164' title='bbox 968 2846 1019 2894; x_wconf 85' lang='lat' dir='ltr'>sive</span> <span class='ocrx_word' id='word_1_165' title='bbox 1030 2847 1045 2907; x_wconf 92' lang='lat'><em>(</em></span> <span class='ocrx_word' id='word_1_166' title='bbox 1046 2848 1185 2905; x_wconf 76' lang='lat' dir='ltr'>simulatque</span> <span class='ocrx_word' id='word_1_167' title='bbox 1195 2845 1285 2905; x_wconf 83' lang='lat' dir='ltr'>volum)</span> 
     </span>
     <span class='ocr_line' id='line_1_23' title="bbox 131 2910 1286 2977; baseline -0.004 -16"><span class='ocrx_word' id='word_1_168' title='bbox 131 2912 307 2977; x_wconf 86' lang='lat' dir='ltr'>cidipoterant.</span> <span class='ocrx_word' id='word_1_169' title='bbox 723 2910 899 2959; x_wconf 83' lang='lat' dir='ltr'>adStoicorum</span> <span class='ocrx_word' id='word_1_170' title='bbox 910 2910 1076 2974; x_wconf 61' lang='lat' dir='ltr'>abroxnp&#39;uw.</span> <span class='ocrx_word' id='word_1_171' title='bbox 1123 2910 1286 2956; x_wconf 79' lang='lat' dir='ltr'>Ultimuliaeo</span> 
     </span>
     <span class='ocr_line' id='line_1_24' title="bbox 162 2971 1283 3039; baseline -0.004 -15"><span class='ocrx_word' id='word_1_172' title='bbox 162 2978 202 3024; x_wconf 89' lang='grc'>70.</span> <span class='ocrx_word' id='word_1_173' title='bbox 219 2976 306 3024; x_wconf 78' lang='lat' dir='ltr'>Serviat</span> <span class='ocrx_word' id='word_1_174' title='bbox 324 2978 425 3031; x_wconf 83' lang='lat' dir='ltr'>utiliter,</span> <span class='ocrx_word' id='word_1_175' title='bbox 437 2982 494 3023; x_wconf 86' lang='lat' dir='ltr'>cett.</span> <span class='ocrx_word' id='word_1_176' title='bbox 503 2974 555 3039; x_wconf 87' lang='lat' dir='ltr'>jam</span> <span class='ocrx_word' id='word_1_177' title='bbox 572 2975 641 3023; x_wconf 84' lang='lat' dir='ltr'>affert</span> <span class='ocrx_word' id='word_1_178' title='bbox 651 2990 688 3021; x_wconf 87' lang='lat' dir='ltr'>ra-</span> <span class='ocrx_word' id='word_1_179' title='bbox 722 2992 809 3031; x_wconf 78' lang='lat' dir='ltr'>rerum,</span> <span class='ocrx_word' id='word_1_180' title='bbox 825 2974 925 3023; x_wconf 85' lang='lat' dir='ltr'>ultimus</span> <span class='ocrx_word' id='word_1_181' title='bbox 943 2974 1033 3038; x_wconf 77' lang='lat' dir='ltr'>perard</span> <span class='ocrx_word' id='word_1_182' title='bbox 1055 2988 1139 3021; x_wconf 74' lang='lat' dir='ltr'>cursus</span> <span class='ocrx_word' id='word_1_183' title='bbox 1161 2971 1283 3028; x_wconf 83' lang='lat' dir='ltr'>terminus,</span> 
     </span>
     <span class='ocr_line' id='line_1_25' title="bbox 129 3034 1207 3103; baseline -0.005 -16"><span class='ocrx_word' id='word_1_184' title='bbox 129 3040 206 3089; x_wconf 82' lang='lat' dir='ltr'>tiones</span> <span class='ocrx_word' id='word_1_185' title='bbox 234 3040 341 3095; x_wconf 80' lang='lat' dir='ltr'>uasdam,</span> <span class='ocrx_word' id='word_1_186' title='bbox 353 3055 383 3087; x_wconf 85' lang='lat' dir='ltr'>ex</span> <span class='ocrx_word' id='word_1_187' title='bbox 400 3037 488 3103; x_wconf 84' lang='lat' dir='ltr'>quibus</span> <span class='ocrx_word' id='word_1_188' title='bbox 504 3038 599 3103; x_wconf 85' lang='lat' dir='ltr'>captivo</span> <span class='ocrx_word' id='word_1_189' title='bbox 611 3048 691 3087; x_wconf 84' lang='lat' dir='ltr'>nostro</span> <span class='ocrx_word' id='word_1_190' title='bbox 723 3046 796 3095; x_wconf 86' lang='lat' dir='ltr'>meta,</span> <span class='ocrx_word' id='word_1_191' title='bbox 809 3040 873 3094; x_wconf 82' lang='lat' dir='ltr'>calx,</span> <span class='ocrx_word' id='word_1_192' title='bbox 885 3054 963 3086; x_wconf 81' lang='lat' dir='ltr'>rerum</span> <span class='ocrx_word' id='word_1_193' title='bbox 975 3038 1134 3085; x_wconf 80' lang='lat' dir='ltr'>humanarum</span> <span class='ocrx_word' id='word_1_194' title='bbox 1144 3034 1207 3083; x_wconf 80' lang='lat' dir='ltr'>finis.</span> 
     </span>
     <span class='ocr_line' id='line_1_26' title="bbox 129 3057 1208 3169; baseline -0.002 -18"><span class='ocrx_word' id='word_1_195' title='bbox 129 3057 274 3169; x_wconf 75' lang='lat' dir='ltr'>parcendum</span> <span class='ocrx_word' id='word_1_196' title='bbox 300 3104 339 3160; x_wconf 84' lang='lat' dir='ltr'>sit,</span> <span class='ocrx_word' id='word_1_197' title='bbox 362 3102 489 3152; x_wconf 86' lang='lat' dir='ltr'>ostendeus</span> <span class='ocrx_word' id='word_1_198' title='bbox 517 3104 618 3157; x_wconf 87' lang='lat' dir='ltr'>scilicet,</span> <span class='ocrx_word' id='word_1_199' title='bbox 641 3102 691 3151; x_wconf 85' lang='lat' dir='ltr'>lieri</span> <span class='ocrx_word' id='word_1_200' title='bbox 1204 3103 1208 3110; x_wconf 87' lang='lat'><em>&#39;</em></span> 
     </span>
     <span class='ocr_line' id='line_1_27' title="bbox 130 3163 1144 3233; baseline -0.003 -18"><span class='ocrx_word' id='word_1_201' title='bbox 130 3184 208 3233; x_wconf 82' lang='lat' dir='ltr'>posse,</span> <span class='ocrx_word' id='word_1_202' title='bbox 218 3178 245 3216; x_wconf 83' lang='lat' dir='ltr'>ut</span> <span class='ocrx_word' id='word_1_203' title='bbox 257 3184 341 3217; x_wconf 84' lang='lat' dir='ltr'>avarus</span> <span class='ocrx_word' id='word_1_204' title='bbox 353 3166 443 3217; x_wconf 86' lang='lat' dir='ltr'>utiliter</span> <span class='ocrx_word' id='word_1_205' title='bbox 457 3166 551 3223; x_wconf 73' lang='lat' dir='ltr'>serviat,</span> <span class='ocrx_word' id='word_1_206' title='bbox 570 3175 595 3215; x_wconf 86' lang='lat' dir='ltr'>at</span> <span class='ocrx_word' id='word_1_207' title='bbox 611 3168 689 3215; x_wconf 88' lang='lat' dir='ltr'>interr·</span> <span class='ocrx_word' id='word_1_208' title='bbox 866 3164 1036 3214; x_wconf 82' lang='lat' dir='ltr'>EPISTOLA</span> <span class='ocrx_word' id='word_1_209' title='bbox 1055 3163 1144 3212; x_wconf 85' lang='lat' dir='ltr'>xvll.</span> 
     </span>
     <span class='ocr_line' id='line_1_28' title="bbox 129 3225 1284 3295; baseline -0.003 -16"><span class='ocrx_word' id='word_1_210' title='bbox 129 3232 226 3280; x_wconf 82' lang='lat' dir='ltr'>tissimia</span> <span class='ocrx_word' id='word_1_211' title='bbox 253 3232 375 3281; x_wconf 78' lang='lat' dir='ltr'>laboribus</span> <span class='ocrx_word' id='word_1_212' title='bbox 401 3230 465 3279; x_wconf 83' lang='lat' dir='ltr'>vario</span> <span class='ocrx_word' id='word_1_213' title='bbox 492 3230 561 3279; x_wconf 91' lang='lat' dir='ltr'>modo</span> <span class='ocrx_word' id='word_1_214' title='bbox 589 3231 690 3295; x_wconf 82' lang='lat' dir='ltr'>publicis</span> <span class='ocrx_word' id='word_1_215' title='bbox 756 3230 880 3288; x_wconf 82' lang='lat' dir='ltr'>Horatius,</span> <span class='ocrx_word' id='word_1_216' title='bbox 896 3229 1003 3278; x_wconf 79' lang='lat' dir='ltr'>scribens</span> <span class='ocrx_word' id='word_1_217' title='bbox 1021 3226 1052 3275; x_wconf 85' lang='lat' dir='ltr'>ad</span> <span class='ocrx_word' id='word_1_218' title='bbox 1070 3228 1176 3279; x_wconf 66' lang='lat' dir='ltr'>&amp;avam</span> <span class='ocrx_word' id='word_1_219' title='bbox 1195 3225 1225 3274; x_wconf 91' lang='lat' dir='ltr'>de</span> <span class='ocrx_word' id='word_1_220' title='bbox 1245 3241 1284 3275; x_wconf 85' lang='lat' dir='ltr'>ra·</span> 
     </span>
     <span class='ocr_line' id='line_1_29' title="bbox 130 3289 1286 3360; baseline -0.007 -15"><span class='ocrx_word' id='word_1_221' title='bbox 130 3296 260 3345; x_wconf 80' lang='lat' dir='ltr'>commodis</span> <span class='ocrx_word' id='word_1_222' title='bbox 287 3296 370 3360; x_wconf 86' lang='lat' dir='ltr'>prosit.</span> <span class='ocrx_word' id='word_1_223' title='bbox 409 3296 499 3350; x_wconf 75' lang='lat' dir='ltr'>Darat,</span> <span class='ocrx_word' id='word_1_224' title='bbox 522 3294 575 3343; x_wconf 88' lang='lat' dir='ltr'>duri</span> <span class='ocrx_word' id='word_1_225' title='bbox 602 3295 690 3343; x_wconf 75' lang='lat' dir='ltr'>laboris</span> <span class='ocrx_word' id='word_1_226' title='bbox 721 3294 785 3343; x_wconf 87' lang='lat' dir='ltr'>tione</span> <span class='ocrx_word' id='word_1_227' title='bbox 801 3310 851 3358; x_wconf 87' lang='lat' dir='ltr'>qua</span> <span class='ocrx_word' id='word_1_228' title='bbox 868 3294 979 3343; x_wconf 88' lang='lat' dir='ltr'>ditiorum</span> <span class='ocrx_word' id='word_1_229' title='bbox 994 3300 1020 3341; x_wconf 88' lang='lat' dir='ltr'>et</span> <span class='ocrx_word' id='word_1_230' title='bbox 1035 3290 1193 3357; x_wconf 83' lang='lat' dir='ltr'>potentiorum</span> <span class='ocrx_word' id='word_1_231' title='bbox 1209 3289 1286 3354; x_wconf 76' lang='lat' dir='ltr'>gratia</span> 
     </span>
     <span class='ocr_line' id='line_1_30' title="bbox 131 3352 1284 3425; baseline -0.006 -17"><span class='ocrx_word' id='word_1_232' title='bbox 131 3359 241 3425; x_wconf 76' lang='lat' dir='ltr'>petiens3</span> <span class='ocrx_word' id='word_1_233' title='bbox 258 3368 286 3408; x_wconf 92' lang='lat' dir='ltr'>ut</span> <span class='ocrx_word' id='word_1_234' title='bbox 300 3374 353 3423; x_wconf 86' lang='lat' dir='ltr'>sup.</span> <span class='ocrx_word' id='word_1_235' title='bbox 370 3360 447 3423; x_wconf 85' lang='lat' dir='ltr'>Epist.</span> <span class='ocrx_word' id='word_1_236' title='bbox 465 3358 482 3414; x_wconf 90' lang='lat' dir='ltr'>i,</span> <span class='ocrx_word' id='word_1_237' title='bbox 499 3360 523 3417; x_wconf 91' lang='grc'>7,</span> <span class='ocrx_word' id='word_1_238' title='bbox 539 3361 580 3415; x_wconf 88' lang='grc'>91,</span> <span class='ocrx_word' id='word_1_239' title='bbox 599 3361 688 3414; x_wconf 77' lang='lat' dir='ltr'>Danu,</span> <span class='ocrx_word' id='word_1_240' title='bbox 721 3359 805 3422; x_wconf 77' lang='lat' dir='ltr'>colligi</span> <span class='ocrx_word' id='word_1_241' title='bbox 825 3368 850 3408; x_wconf 88' lang='lat' dir='ltr'>et</span> <span class='ocrx_word' id='word_1_242' title='bbox 868 3358 946 3423; x_wconf 87' lang='lat' dir='ltr'>parari</span> <span class='ocrx_word' id='word_1_243' title='bbox 968 3356 1062 3413; x_wconf 81' lang='lat' dir='ltr'>debeat,</span> <span class='ocrx_word' id='word_1_244' title='bbox 1084 3370 1139 3403; x_wconf 87' lang='lat' dir='ltr'>eum</span> <span class='ocrx_word' id='word_1_245' title='bbox 1166 3352 1208 3417; x_wconf 90' lang='lat' dir='ltr'>qui</span> <span class='ocrx_word' id='word_1_246' title='bbox 1234 3369 1284 3403; x_wconf 78' lang='lat' dir='ltr'>rem</span> 
     </span>
     <span class='ocr_line' id='line_1_31' title="bbox 130 3419 1284 3531; baseline -0.005 -60"><span class='ocrx_word' id='word_1_247' title='bbox 130 3426 173 3479; x_wconf 83' lang='lat' dir='ltr'>ait,</span> <span class='ocrx_word' id='word_1_248' title='bbox 190 3424 354 3480; x_wconf 79' lang='lat' dir='ltr'>Vultei,nimis</span> <span class='ocrx_word' id='word_1_249' title='bbox 370 3432 514 3486; x_wconf 71' lang='lat' dir='ltr'>utunturque</span> <span class='ocrx_word' id='word_1_250' title='bbox 535 3426 619 3471; x_wconf 80' lang='lat' dir='ltr'>rideris</span> <span class='ocrx_word' id='word_1_251' title='bbox 638 3424 690 3473; x_wconf 81' lang='lat' dir='ltr'>Esse</span> <span class='ocrx_word' id='word_1_252' title='bbox 723 3422 828 3485; x_wconf 86' lang='lat' dir='ltr'>aliquam</span> <span class='ocrx_word' id='word_1_253' title='bbox 854 3432 949 3471; x_wconf 84' lang='lat' dir='ltr'>strenue</span> <span class='ocrx_word' id='word_1_254' title='bbox 976 3429 1000 3470; x_wconf 90' lang='lat' dir='ltr'>et</span> <span class='ocrx_word' id='word_1_255' title='bbox 1025 3419 1153 3531; x_wconf 80' lang='lat' dir='ltr'>pmdeuter</span> <span class='ocrx_word' id='word_1_256' title='bbox 1177 3425 1284 3490; x_wconf 70' lang='lat' dir='ltr'>peragat,</span> 
     </span>
     <span class='ocr_line' id='line_1_32' title="bbox 129 3482 1285 3550; baseline -0.006 -15"><span class='ocrx_word' id='word_1_257' title='bbox 129 3490 195 3535; x_wconf 82' lang='lat' dir='ltr'>milri.</span> <span class='ocrx_word' id='word_1_258' title='bbox 722 3488 799 3534; x_wconf 86' lang='lat' dir='ltr'>multo</span> <span class='ocrx_word' id='word_1_259' title='bbox 818 3486 930 3550; x_wconf 88' lang='lat' dir='ltr'>potiorem</span> <span class='ocrx_word' id='word_1_260' title='bbox 949 3501 1002 3533; x_wconf 79' lang='lat' dir='ltr'>asae</span> <span class='ocrx_word' id='word_1_261' title='bbox 1024 3485 1067 3531; x_wconf 87' lang='lat' dir='ltr'>rlo</span> <span class='ocrx_word' id='word_1_262' title='bbox 1090 3482 1132 3547; x_wconf 88' lang='lat' dir='ltr'>qui</span> <span class='ocrx_word' id='word_1_263' title='bbox 1152 3482 1285 3529; x_wconf 77' lang='lat' dir='ltr'>molestiam</span> 
     </span>
     <span class='ocr_line' id='line_1_33' title="bbox 162 3544 1284 3614; baseline -0.006 -15"><span class='ocrx_word' id='word_1_264' title='bbox 162 3553 203 3599; x_wconf 79' lang='lat'>72.</span> <span class='ocrx_word' id='word_1_265' title='bbox 220 3551 331 3607; x_wconf 72' lang='lat' dir='ltr'>Annona,</span> <span class='ocrx_word' id='word_1_266' title='bbox 345 3550 378 3599; x_wconf 83' lang='lat' dir='ltr'>rai</span> <span class='ocrx_word' id='word_1_267' title='bbox 390 3551 559 3600; x_wconf 82' lang='lat' dir='ltr'>immeutariae.</span> <span class='ocrx_word' id='word_1_268' title='bbox 723 3550 827 3614; x_wconf 86' lang='lat' dir='ltr'>alicujus</span> <span class='ocrx_word' id='word_1_269' title='bbox 845 3550 879 3597; x_wconf 91' lang='lat' dir='ltr'>rei</span> <span class='ocrx_word' id='word_1_270' title='bbox 896 3547 1055 3613; x_wconf 73' lang='lat' dir='ltr'>suscipiende</span> <span class='ocrx_word' id='word_1_271' title='bbox 1072 3555 1097 3595; x_wconf 88' lang='lat' dir='ltr'>et</span> <span class='ocrx_word' id='word_1_272' title='bbox 1114 3544 1233 3594; x_wconf 75' lang='lat' dir='ltr'>tentanda</span> <span class='ocrx_word' id='word_1_273' title='bbox 1245 3544 1284 3593; x_wconf 84' lang='lat' dir='ltr'>iu·</span> 
     </span>
     <span class='ocr_line' id='line_1_34' title="bbox 163 3608 1284 3685; baseline -0.007 -21"><span class='ocrx_word' id='word_1_274' title='bbox 163 3616 270 3664; x_wconf 84' lang='grc'><strong>73-79.</strong></span> <span class='ocrx_word' id='word_1_275' title='bbox 291 3615 551 3677; x_wconf 80' lang='lat' dir='ltr'>Virtonnaetsopiem.</span> <span class='ocrx_word' id='word_1_276' title='bbox 578 3616 689 3680; x_wconf 89' lang='lat' dir='ltr'>Respon·</span> <span class='ocrx_word' id='word_1_277' title='bbox 722 3614 1032 3685; x_wconf 70' lang='lat' dir='ltr'>giat‚docetetprobatum</span> <span class='ocrx_word' id='word_1_278' title='bbox 1049 3611 1077 3659; x_wconf 88' lang='lat' dir='ltr'>it.</span> <span class='ocrx_word' id='word_1_279' title='bbox 1111 3608 1206 3657; x_wconf 82' lang='lat' dir='ltr'>Horatii</span> <span class='ocrx_word' id='word_1_280' title='bbox 1223 3609 1284 3656; x_wconf 89' lang='lat' dir='ltr'>ami·</span> 
     </span>
     <span class='ocr_line' id='line_1_35' title="bbox 131 3671 1285 3743; baseline -0.008 -14"><span class='ocrx_word' id='word_1_281' title='bbox 131 3679 170 3728; x_wconf 90' lang='lat' dir='ltr'>det</span> <span class='ocrx_word' id='word_1_282' title='bbox 181 3678 219 3727; x_wconf 87' lang='lat' dir='ltr'>hio</span> <span class='ocrx_word' id='word_1_283' title='bbox 231 3693 311 3727; x_wconf 80' lang='lat' dir='ltr'>versus</span> <span class='ocrx_word' id='word_1_284' title='bbox 326 3686 350 3727; x_wconf 88' lang='lat' dir='ltr'>et</span> <span class='ocrx_word' id='word_1_285' title='bbox 367 3694 420 3743; x_wconf 89' lang='lat' dir='ltr'>sqq.</span> <span class='ocrx_word' id='word_1_286' title='bbox 439 3678 516 3727; x_wconf 82' lang='lat' dir='ltr'>versui</span> <span class='ocrx_word' id='word_1_287' title='bbox 533 3680 564 3727; x_wconf 86' lang='grc'>57</span> <span class='ocrx_word' id='word_1_288' title='bbox 583 3687 607 3727; x_wconf 88' lang='lat' dir='ltr'>et</span> <span class='ocrx_word' id='word_1_289' title='bbox 626 3694 689 3743; x_wconf 72' lang='lat' dir='ltr'>sqq„</span> <span class='ocrx_word' id='word_1_290' title='bbox 723 3692 776 3733; x_wconf 87' lang='lat' dir='ltr'>cus,</span> <span class='ocrx_word' id='word_1_291' title='bbox 788 3680 880 3731; x_wconf 73' lang='lat' dir='ltr'>Soura,</span> <span class='ocrx_word' id='word_1_292' title='bbox 891 3676 984 3723; x_wconf 77' lang='lat' dir='ltr'>videtur</span> <span class='ocrx_word' id='word_1_293' title='bbox 1001 3673 1220 3739; x_wconf 81' lang='lat' dir='ltr'>quibusdamtilius</span> <span class='ocrx_word' id='word_1_294' title='bbox 1230 3671 1285 3736; x_wconf 76' lang='lat' dir='ltr'>ejus</span> 
     </span>
     <span class='ocr_line' id='line_1_36' title="bbox 131 3735 1285 3805; baseline -0.007 -14"><span class='ocrx_word' id='word_1_295' title='bbox 131 3743 172 3791; x_wconf 92' lang='lat' dir='ltr'>ubi</span> <span class='ocrx_word' id='word_1_296' title='bbox 190 3758 266 3792; x_wconf 75' lang='lat' dir='ltr'>sermo</span> <span class='ocrx_word' id='word_1_297' title='bbox 282 3750 319 3792; x_wconf 84' lang='lat' dir='ltr'>est</span> <span class='ocrx_word' id='word_1_298' title='bbox 336 3741 366 3791; x_wconf 88' lang='lat' dir='ltr'>de</span> <span class='ocrx_word' id='word_1_299' title='bbox 383 3742 433 3791; x_wconf 86' lang='lat' dir='ltr'>viro</span> <span class='ocrx_word' id='word_1_300' title='bbox 451 3743 514 3790; x_wconf 92' lang='lat' dir='ltr'>bono</span> <span class='ocrx_word' id='word_1_301' title='bbox 531 3759 562 3791; x_wconf 89' lang='lat' dir='ltr'>ex</span> <span class='ocrx_word' id='word_1_302' title='bbox 580 3742 691 3805; x_wconf 86' lang='lat' dir='ltr'>opinions</span> <span class='ocrx_word' id='word_1_303' title='bbox 724 3740 804 3789; x_wconf 81' lang='lat' dir='ltr'>Cassii</span> <span class='ocrx_word' id='word_1_304' title='bbox 820 3743 918 3795; x_wconf 67' lang='lat' dir='ltr'>Scurra,</span> <span class='ocrx_word' id='word_1_305' title='bbox 929 3755 1001 3803; x_wconf 88' lang='lat' dir='ltr'>quem</span> <span class='ocrx_word' id='word_1_306' title='bbox 1014 3740 1090 3786; x_wconf 85' lang='lat' dir='ltr'>virum</span> <span class='ocrx_word' id='word_1_307' title='bbox 1105 3737 1189 3785; x_wconf 78' lang='lat' dir='ltr'>tortam</span> <span class='ocrx_word' id='word_1_308' title='bbox 1200 3735 1285 3783; x_wconf 89' lang='lat' dir='ltr'>laudat</span> 
     </span>
     <span class='ocr_line' id='line_1_37' title="bbox 132 3802 1150 3872; baseline -0.005 -17"><span class='ocrx_word' id='word_1_309' title='bbox 132 3807 205 3872; x_wconf 75' lang='lat' dir='ltr'>uulgi.</span> <span class='ocrx_word' id='word_1_310' title='bbox 240 3808 321 3869; x_wconf 77' lang='lat' dir='ltr'>Longe</span> <span class='ocrx_word' id='word_1_311' title='bbox 332 3807 401 3855; x_wconf 87' lang='lat' dir='ltr'>aliter</span> <span class='ocrx_word' id='word_1_312' title='bbox 411 3822 486 3856; x_wconf 77' lang='lat' dir='ltr'>resae</span> <span class='ocrx_word' id='word_1_313' title='bbox 501 3806 582 3862; x_wconf 89' lang='lat' dir='ltr'>babet,</span> <span class='ocrx_word' id='word_1_314' title='bbox 594 3806 628 3856; x_wconf 84' lang='lat' dir='ltr'>ait</span> <span class='ocrx_word' id='word_1_315' title='bbox 639 3808 690 3855; x_wconf 90' lang='lat' dir='ltr'>Ho·</span> <span class='ocrx_word' id='word_1_316' title='bbox 724 3802 1036 3861; x_wconf 82' lang='lat' dir='ltr'>Jul.Caes.B.C.iii,63.</span> <span class='ocrx_word' id='word_1_317' title='bbox 1145 3862 1150 3872; x_wconf 31' lang='lat'><strong><em>⁵</em></strong></span> 
     </span>
     <span class='ocr_line' id='line_1_38' title="bbox 132 3864 1176 3937; baseline -0.008 -18"><span class='ocrx_word' id='word_1_318' title='bbox 132 3871 213 3928; x_wconf 79' lang='lat' dir='ltr'>ratius,</span> <span class='ocrx_word' id='word_1_319' title='bbox 225 3888 281 3920; x_wconf 86' lang='lat' dir='ltr'>cum</span> <span class='ocrx_word' id='word_1_320' title='bbox 293 3870 342 3919; x_wconf 84' lang='lat' dir='ltr'>viro</span> <span class='ocrx_word' id='word_1_321' title='bbox 354 3887 407 3920; x_wconf 85' lang='lat' dir='ltr'>vere</span> <span class='ocrx_word' id='word_1_322' title='bbox 419 3872 483 3918; x_wconf 86' lang='lat' dir='ltr'>bono</span> <span class='ocrx_word' id='word_1_323' title='bbox 493 3880 518 3920; x_wconf 88' lang='lat' dir='ltr'>et</span> <span class='ocrx_word' id='word_1_324' title='bbox 529 3872 636 3937; x_wconf 86' lang='lat' dir='ltr'>sapiente</span> <span class='ocrx_word' id='word_1_325' title='bbox 646 3888 654 3929; x_wconf 67' lang='grc' dir='ltr'><strong>ς</strong></span> <span class='ocrx_word' id='word_1_326' title='bbox 672 3872 692 3918; x_wconf 86' lang='lat' dir='ltr'>is</span> <span class='ocrx_word' id='word_1_327' title='bbox 759 3871 781 3917; x_wconf 89' lang='lat' dir='ltr'>l.</span> <span class='ocrx_word' id='word_1_328' title='bbox 801 3870 848 3915; x_wconf 85' lang='lat' dir='ltr'>Per</span> <span class='ocrx_word' id='word_1_329' title='bbox 858 3878 889 3923; x_wconf 84' lang='lat' dir='ltr'>te,</span> <span class='ocrx_word' id='word_1_330' title='bbox 901 3874 944 3914; x_wconf 86' lang='lat' dir='ltr'>tua</span> <span class='ocrx_word' id='word_1_331' title='bbox 953 3866 1031 3930; x_wconf 82' lang='lat' dir='ltr'>ipsius</span> <span class='ocrx_word' id='word_1_332' title='bbox 1042 3864 1176 3930; x_wconf 72' lang='lat' dir='ltr'>prudentia.</span> 
     </span>
     <span class='ocr_line' id='line_1_39' title="bbox 132 3932 1284 3993; baseline -0.01 -9"><span class='ocrx_word' id='word_1_333' title='bbox 132 3936 194 3984; x_wconf 87' lang='lat' dir='ltr'>enim</span> <span class='ocrx_word' id='word_1_334' title='bbox 209 3934 257 3983; x_wconf 83' lang='lat' dir='ltr'>vim</span> <span class='ocrx_word' id='word_1_335' title='bbox 275 3936 322 3983; x_wconf 82' lang='lat' dir='ltr'>sibi</span> <span class='ocrx_word' id='word_1_336' title='bbox 339 3934 441 3984; x_wconf 88' lang='lat' dir='ltr'>allaturo</span> <span class='ocrx_word' id='word_1_337' title='bbox 459 3935 511 3984; x_wconf 83' lang='lat' dir='ltr'>sino</span> <span class='ocrx_word' id='word_1_338' title='bbox 529 3936 593 3983; x_wconf 86' lang='lat' dir='ltr'>omui</span> <span class='ocrx_word' id='word_1_339' title='bbox 610 3935 693 3984; x_wconf 86' lang='lat' dir='ltr'>timore</span> <span class='ocrx_word' id='word_1_340' title='bbox 756 3934 781 3980; x_wconf 81' lang='lat'>2.</span> <span class='ocrx_word' id='word_1_341' title='bbox 799 3932 929 3993; x_wconf 79' lang='lat' dir='ltr'>Mrp&#39;orr&#39;bas</span> <span class='ocrx_word' id='word_1_342' title='bbox 940 3933 986 3985; x_wconf 77' lang='lat' dir='ltr'>uti,</span> <span class='ocrx_word' id='word_1_343' title='bbox 998 3944 1024 3977; x_wconf 83' lang='lat' dir='ltr'>re</span> <span class='ocrx_word' id='word_1_344' title='bbox 1037 3942 1116 3991; x_wconf 78' lang='lat' dir='ltr'>gerere</span> <span class='ocrx_word' id='word_1_345' title='bbox 1130 3939 1187 3987; x_wconf 81' lang='lat' dir='ltr'>erga</span> <span class='ocrx_word' id='word_1_346' title='bbox 1201 3932 1284 3988; x_wconf 86' lang='lat' dir='ltr'>poten·</span> 
     </span>
     <span class='ocr_line' id='line_1_40' title="bbox 131 3990 1159 4073; baseline -0.011 -26"><span class='ocrx_word' id='word_1_347' title='bbox 131 3999 227 4047; x_wconf 88' lang='lat' dir='ltr'>audabit</span> <span class='ocrx_word' id='word_1_348' title='bbox 237 4000 325 4055; x_wconf 87' lang='lat' dir='ltr'>dicare,</span> <span class='ocrx_word' id='word_1_349' title='bbox 339 3998 403 4063; x_wconf 89' lang='lat' dir='ltr'>quod</span> <span class='ocrx_word' id='word_1_350' title='bbox 422 4000 532 4073; x_wconf 81' lang='lat' dir='ltr'>captivus</span> <span class='ocrx_word' id='word_1_351' title='bbox 550 3999 694 4062; x_wconf 86' lang='lat' dir='ltr'>vinctusque</span> <span class='ocrx_word' id='word_1_352' title='bbox 726 3996 805 4051; x_wconf 85' lang='lat' dir='ltr'>tiores,</span> <span class='ocrx_word' id='word_1_353' title='bbox 816 3994 903 4043; x_wconf 80' lang='lat' dir='ltr'>versari</span> <span class='ocrx_word' id='word_1_354' title='bbox 913 4008 969 4041; x_wconf 89' lang='lat' dir='ltr'>cum</span> <span class='ocrx_word' id='word_1_355' title='bbox 980 3990 1159 4057; x_wconf 83' lang='lat' dir='ltr'>potentioribus.</span> 
     </span>
     <span class='ocr_line' id='line_1_41' title="bbox 133 4052 1285 4126; baseline -0.01 -15"><span class='ocrx_word' id='word_1_356' title='bbox 133 4063 243 4113; x_wconf 83' lang='lat' dir='ltr'>Bacchus</span> <span class='ocrx_word' id='word_1_357' title='bbox 252 4064 368 4119; x_wconf 88' lang='lat' dir='ltr'>Pentheo,</span> <span class='ocrx_word' id='word_1_358' title='bbox 379 4062 465 4113; x_wconf 81' lang='lat' dir='ltr'>Cadmi</span> <span class='ocrx_word' id='word_1_359' title='bbox 477 4062 502 4111; x_wconf 88' lang='lat' dir='ltr'>in</span> <span class='ocrx_word' id='word_1_360' title='bbox 515 4078 586 4126; x_wconf 80' lang='lat' dir='ltr'>regno</span> <span class='ocrx_word' id='word_1_361' title='bbox 594 4063 688 4111; x_wconf 87' lang='lat' dir='ltr'>Theba·</span> <span class='ocrx_word' id='word_1_362' title='bbox 754 4062 780 4109; x_wconf 83' lang='lat'>3.</span> <span class='ocrx_word' id='word_1_363' title='bbox 800 4060 870 4114; x_wconf 80' lang='lat' dir='ltr'>Utri,</span> <span class='ocrx_word' id='word_1_364' title='bbox 883 4072 911 4105; x_wconf 86' lang='lat' dir='ltr'>ac</span> <span class='ocrx_word' id='word_1_365' title='bbox 922 4056 952 4111; x_wconf 84' lang='lat' dir='ltr'>si,</span> <span class='ocrx_word' id='word_1_366' title='bbox 971 4056 1042 4120; x_wconf 78' lang='lat' dir='ltr'>quasi</span> <span class='ocrx_word' id='word_1_367' title='bbox 1058 4069 1103 4116; x_wconf 80' lang='lat' dir='ltr'>ego</span> <span class='ocrx_word' id='word_1_368' title='bbox 1120 4052 1189 4100; x_wconf 80' lang='lat' dir='ltr'>velut</span> <span class='ocrx_word' id='word_1_369' title='bbox 1205 4066 1285 4123; x_wconf 76' lang='lat' dir='ltr'>cacus</span> 
     </span>
     <span class='ocr_line' id='line_1_42' title="bbox 130 4114 1285 4201; baseline -0.013 -25"><span class='ocrx_word' id='word_1_370' title='bbox 130 4144 180 4175; x_wconf 84' lang='lat' dir='ltr'>rum</span> <span class='ocrx_word' id='word_1_371' title='bbox 190 4128 330 4184; x_wconf 83' lang='lat' dir='ltr'>successori,</span> <span class='ocrx_word' id='word_1_372' title='bbox 339 4126 403 4201; x_wconf 88' lang='lat' dir='ltr'>apud</span> <span class='ocrx_word' id='word_1_373' title='bbox 412 4127 553 4191; x_wconf 86' lang='lat' dir='ltr'>Euripidem</span> <span class='ocrx_word' id='word_1_374' title='bbox 564 4128 588 4175; x_wconf 89' lang='lat' dir='ltr'>iu</span> <span class='ocrx_word' id='word_1_375' title='bbox 598 4126 690 4193; x_wconf 73' lang='lat' dir='ltr'>Bacch.</span> <span class='ocrx_word' id='word_1_376' title='bbox 723 4125 830 4189; x_wconf 75' lang='grc' dir='ltr'>(τυφλὸς</span> <span class='ocrx_word' id='word_1_377' title='bbox 840 4120 953 4186; x_wconf 79' lang='grc' dir='ltr'>ὁδηγὸς,)</span> <span class='ocrx_word' id='word_1_378' title='bbox 961 4119 1006 4168; x_wconf 89' lang='lat' dir='ltr'>iter</span> <span class='ocrx_word' id='word_1_379' title='bbox 1015 4118 1059 4166; x_wconf 87' lang='lat' dir='ltr'>tibi</span> <span class='ocrx_word' id='word_1_380' title='bbox 1069 4123 1197 4190; x_wconf 63' lang='lat' dir='ltr'>monptrare</span> <span class='ocrx_word' id='word_1_381' title='bbox 1206 4114 1285 4165; x_wconf 77' lang='lat' dir='ltr'>rehtu.</span> 
     </span>
     <span class='ocr_line' id='line_1_43' title="bbox 130 4180 1285 4257; baseline -0.012 -18"><span class='ocrx_word' id='word_1_382' title='bbox 130 4191 188 4240; x_wconf 82' lang='lat' dir='ltr'>dixit</span> <span class='ocrx_word' id='word_1_383' title='bbox 202 4208 226 4239; x_wconf 82' lang='grc' dir='ltr'>ν.</span> <span class='ocrx_word' id='word_1_384' title='bbox 241 4192 290 4240; x_wconf 75' lang='lat'>492</span> <span class='ocrx_word' id='word_1_385' title='bbox 306 4190 378 4255; x_wconf 77' lang='lat' dir='ltr'>(edit.</span> <span class='ocrx_word' id='word_1_386' title='bbox 397 4192 498 4255; x_wconf 68' lang='lat' dir='ltr'>secu),</span> <span class='ocrx_word' id='word_1_387' title='bbox 520 4191 690 4257; x_wconf 67' lang='lat' dir='ltr'>Elpi&#39;b&#39;rrxa·</span> <span class='ocrx_word' id='word_1_388' title='bbox 756 4190 781 4235; x_wconf 90' lang='grc'>4.</span> <span class='ocrx_word' id='word_1_389' title='bbox 806 4188 889 4235; x_wconf 77' lang='lat' dir='ltr'>Tamen</span> <span class='ocrx_word' id='word_1_390' title='bbox 908 4186 1008 4246; x_wconf 76' lang='lat' dir='ltr'>adspira,</span> <span class='ocrx_word' id='word_1_391' title='bbox 1027 4180 1184 4230; x_wconf 75' lang='lat' dir='ltr'>nihilominus</span> <span class='ocrx_word' id='word_1_392' title='bbox 1205 4186 1285 4228; x_wconf 87' lang='lat' dir='ltr'>tamen</span> 
     </span>
     <span class='ocr_line' id='line_1_44' title="bbox 131 4251 1075 4320; baseline -0.01 -15"><span class='ocrx_word' id='word_1_393' title='bbox 131 4257 182 4305; x_wconf 79' lang='grc' dir='ltr'>θεῖν</span> <span class='ocrx_word' id='word_1_394' title='bbox 201 4254 245 4305; x_wconf 76' lang='grc' dir='ltr'>δεῖ·</span> <span class='ocrx_word' id='word_1_395' title='bbox 264 4256 289 4305; x_wconf 82' lang='grc' dir='ltr'>τί</span> <span class='ocrx_word' id='word_1_396' title='bbox 305 4273 334 4319; x_wconf 83' lang='grc' dir='ltr'>με</span> <span class='ocrx_word' id='word_1_397' title='bbox 354 4256 381 4304; x_wconf 83' lang='grc' dir='ltr'>τὸ</span> <span class='ocrx_word' id='word_1_398' title='bbox 400 4255 480 4305; x_wconf 78' lang='grc' dir='ltr'>δεινὸν</span> <span class='ocrx_word' id='word_1_399' title='bbox 497 4260 586 4320; x_wconf 86' lang='lat' dir='ltr'>(atrox,</span> <span class='ocrx_word' id='word_1_400' title='bbox 607 4256 692 4303; x_wconf 86' lang='lat' dir='ltr'>Horat.</span> <span class='ocrx_word' id='word_1_401' title='bbox 725 4251 859 4301; x_wconf 86' lang='lat' dir='ltr'>considera.</span> <span class='ocrx_word' id='word_1_402' title='bbox 1069 4308 1075 4317; x_wconf 27' lang='grc' dir='ltr'>ι</span> 
     </span>
     <span class='ocr_line' id='line_1_45' title="bbox 132 4308 1284 4432; baseline -0.003 -65"><span class='ocrx_word' id='word_1_403' title='bbox 132 4318 391 4403; x_wconf 46' lang='lat' dir='ltr'>indignumplppdcpp</span> <span class='ocrx_word' id='word_1_404' title='bbox 408 4336 431 4368; x_wconf 80' lang='lat' dir='ltr'>v.</span> <span class='ocrx_word' id='word_1_405' title='bbox 444 4322 502 4369; x_wconf 91' lang='grc'><strong>494.</strong></span> <span class='ocrx_word' id='word_1_406' title='bbox 521 4320 609 4401; x_wconf 63' lang='lat' dir='ltr'>Penth.</span> <span class='ocrx_word' id='word_1_407' title='bbox 623 4333 688 4432; x_wconf 59' lang='lat' dir='ltr'>prpu-</span> <span class='ocrx_word' id='word_1_408' title='bbox 755 4318 780 4364; x_wconf 77' lang='grc' dir='ltr'>ὃ.</span> <span class='ocrx_word' id='word_1_409' title='bbox 811 4314 936 4389; x_wconf 40' lang='lat' dir='ltr'>{imprium</span> <span class='ocrx_word' id='word_1_410' title='bbox 950 4308 1044 4375; x_wconf 58' lang='lat' dir='ltr'>sm»</span> <span class='ocrx_word' id='word_1_411' title='bbox 1069 4324 1095 4355; x_wconf 80' lang='lat'>¹¹1</span> <span class='ocrx_word' id='word_1_412' title='bbox 1119 4321 1190 4356; x_wconf 60' lang='lat'>“⁵⁰³¹</span> <span class='ocrx_word' id='word_1_413' title='bbox 1218 4313 1284 4353; x_wconf 63' lang='lat' dir='ltr'>mum</span> 
     </span>
     <span class='ocr_line' id='line_1_46' title="bbox 132 4384 1286 4516; baseline -0.015 -19"><span class='ocrx_word' id='word_1_414' title='bbox 132 4387 245 4497; x_wconf 58' lang='lat' dir='ltr'>llodmlids</span> <span class='ocrx_word' id='word_1_415' title='bbox 254 4384 600 4513; x_wconf 48' lang='lat' dir='ltr'>‘pibpbllrrilrorlilpld‘ldmbild&#39;m</span> <span class='ocrx_word' id='word_1_416' title='bbox 610 4400 693 4512; x_wconf 32' lang='lat' dir='ltr'>bbafrdt</span> <span class='ocrx_word' id='word_1_417' title='bbox 725 4387 937 4516; x_wconf 46' lang='lat' dir='ltr'>cobledilllepratu</span> <span class='ocrx_word' id='word_1_418' title='bbox 948 4441 1020 4502; x_wconf 75' lang='lat' dir='ltr'>quies,</span> <span class='ocrx_word' id='word_1_419' title='bbox 1035 4442 1094 4485; x_wconf 87' lang='lat' dir='ltr'>cett.</span> <span class='ocrx_word' id='word_1_420' title='bbox 1105 4433 1130 4507; x_wconf 69' lang='grc' dir='ltr'>Ιεἰ</span> <span class='ocrx_word' id='word_1_421' title='bbox 1148 4432 1234 4481; x_wconf 82' lang='lat' dir='ltr'>sectari</span> <span class='ocrx_word' id='word_1_422' title='bbox 1250 4430 1286 4480; x_wconf 73' lang='lat' dir='ltr'>vis</span> 
     </span>
     <span class='ocr_line' id='line_1_47' title="bbox 132 4497 1286 4621; baseline -0.007 -62"><span class='ocrx_word' id='word_1_423' title='bbox 132 4514 194 4559; x_wconf 80' lang='lat' dir='ltr'>bora.</span> <span class='ocrx_word' id='word_1_424' title='bbox 230 4514 263 4561; x_wconf 88' lang='lat' dir='ltr'>V.</span> <span class='ocrx_word' id='word_1_425' title='bbox 275 4514 332 4561; x_wconf 89' lang='grc'><strong>497.</strong></span> <span class='ocrx_word' id='word_1_426' title='bbox 344 4513 434 4562; x_wconf 89' lang='lat' dir='ltr'>Penth.</span> <span class='ocrx_word' id='word_1_427' title='bbox 446 4510 572 4578; x_wconf 63' lang='lat' dir='ltr'>abnatat</span> <span class='ocrx_word' id='word_1_428' title='bbox 591 4512 611 4562; x_wconf 87' lang='lat' dir='ltr'>r&#39;</span> <span class='ocrx_word' id='word_1_429' title='bbox 622 4509 707 4583; x_wconf 73' lang='grc' dir='ltr'>ἔνδονι</span> <span class='ocrx_word' id='word_1_430' title='bbox 720 4524 755 4621; x_wconf 60' lang='lat' dir='ltr'>{a</span> <span class='ocrx_word' id='word_1_431' title='bbox 772 4524 827 4571; x_wconf 76' lang='lat' dir='ltr'>quar</span> <span class='ocrx_word' id='word_1_432' title='bbox 838 4520 919 4555; x_wconf 75' lang='lat' dir='ltr'>animo</span> <span class='ocrx_word' id='word_1_433' title='bbox 936 4512 978 4551; x_wconf 88' lang='lat' dir='ltr'>tuo</span> <span class='ocrx_word' id='word_1_434' title='bbox 990 4508 1058 4564; x_wconf 78' lang='lat' dir='ltr'>grata</span> <span class='ocrx_word' id='word_1_435' title='bbox 1068 4507 1093 4548; x_wconf 88' lang='lat' dir='ltr'>et</span> <span class='ocrx_word' id='word_1_436' title='bbox 1102 4497 1210 4562; x_wconf 67' lang='lat' dir='ltr'>jucunda</span> <span class='ocrx_word' id='word_1_437' title='bbox 1221 4502 1286 4551; x_wconf 65' lang='lat' dir='ltr'>tutti,</span> 
     </span>
     <span class='ocr_line' id='line_1_48' title="bbox 680 4590 708 4621; baseline -0.036 0"><span class='ocrx_word' id='word_1_438' title='bbox 680 4590 708 4621; x_wconf 89' lang='lat' dir='ltr'>rr</span> 
     </span>
    </p>
   </div>
   <div class='ocr_carea' id='block_1_7' title="bbox 0 0 1585 5200">
    <p class='ocr_par' dir='ltr' id='par_1_11' title="bbox 0 0 1585 5200">
     <span class='ocr_line' id='line_1_49' title="bbox 0 0 1585 5200; baseline 0 0"><span class='ocrx_word' id='word_1_439' title='bbox 0 0 1585 5200; x_wconf 95' lang='lat' dir='ltr'> </span> 
     </span>
    </p>
   </div>
  </div>
 </body>
</html>
