3150 5200
542 317 706 384 ursan
728 316 772 394 11,
793 319 822 381 s.
990 277 994 284 ’
1194 321 1260 382 ses

196 469 345 536 Festinat
360 453 484 534 calidus
498 471 593 535 mulis
609 470 795 555 gerulisque
810 469 992 548 redemtor3

195 572 345 656 Torquet
360 594 446 637 nunc
460 573 613 658 lapidem,
631 595 715 636 nunc
730 573 846 655 ingens
861 571 1011 636 machina
1025 571 1151 656 tignum
1159 597 1168 650 ;

195 674 320 738 Tristia
335 676 478 739 robustis
494 674 660 739 luctantur
675 674 790 736 funera
805 673 979 757 plaustris;

131 775 174 838 75
197 775 272 840 Hac
287 777 417 840 rabiosa
432 776 516 860 fugit
531 777 631 853 sanie,
647 776 709 838 hac
724 775 884 838 lutulenta
899 776 966 838 ruit
981 798 1054 838 sus:

197 876 213 941 Ι
228 900 325 956 nnnc,
342 889 375 942 et
389 899 501 942 versus
518 889 625 942 tecum
639 877 797 940 meditare
813 899 960 940 canoros.

199 980 401 1063 Scriptorum
416 979 535 1043 chorus
553 979 655 1044 omnis
672 989 757 1041 amnt
772 1001 885 1042 nemus
900 991 933 1043 et
949 978 1033 1063 fugit
1048 980 1158 1055 urbes,

197 1081 277 1146 Rite
290 1081 391 1147 cliens
408 1081 543 1158 Bacchi,
560 1104 672 1146 somno
688 1081 862 1164 gaudentis
877 1092 911 1144 et
927 1082 1058 1144 umbra:

198 1182 253 1246 Tu
268 1205 319 1246 me
334 1185 418 1248 inter
434 1185 589 1268 strepitus
605 1193 781 1246 nocturnos
798 1192 896 1265 atque
912 1182 1047 1246 diurnos

134 1283 178 1346 80
199 1284 260 1348 Vis
277 1306 405 1362 canere,
421 1297 454 1349 et
468 1295 635 1350 contracta
650 1284 743 1366 sequi
758 1285 895 1367 vestigia
910 1285 1041 1347 vatum?

113 1501 159 1533 mse
181 1494 253 1544 esset,
270 1486 395 1535 scribenda
413 1486 539 1542 excitatus,
558 1486 672 1545 declarat,
706 1485 904 1549 (trochlea),qna
913 1485 1012 1550 lapides,
1021 1485 1108 1542 trabes,
1119 1491 1143 1534 et
1151 1485 1200 1534 alia
1207 1504 1267 1553 pon·

113 1564 140 1598 se
159 1565 200 1614 per
222 1559 295 1598 toturn
318 1551 379 1599 diem
404 1553 490 1599 Rome
513 1560 547 1599 tot
566 1551 674 1600 laborum
706 1550 762 1599 dem
777 1549 909 1613 torquendo
928 1550 954 1597 in
970 1549 1046 1597 altum
1063 1549 1216 1608 tollebantur,
1229 1553 1267 1603 in-

112 1615 310 1679 negotiommqne
341 1615 457 1670 distineri,
481 1615 557 1671 obrui,
581 1613 673 1677 agitari,
706 1623 797 1662 stmcta
814 1613 1104 1669 fuissentsummum
1121 1615 1221 1680 colligas
1238 1633 1269 1666 ex

113 1678 188 1742 premi
207 1695 237 1727 ne
254 1679 381 1742 generibus
398 1679 444 1743 (cf.
463 1680 492 1728 de
511 1679 604 1728 diurnis
622 1681 672 1728 Ho·
707 1679 760 1726 loco
772 1678 866 1726 Horatii
878 1695 932 1743 sup.
945 1677 994 1726 Od.
1005 1677 1041 1732 iii,
1054 1680 1093 1736 10,
1107 1680 1148 1734 10,
1160 1681 1197 1727 Ne
1214 1699 1269 1730 eur·

113 1741 169 1789 ratii
214 1758 274 1791 omae
296 1743 397 1806 negotiis
417 1759 470 1808 sup.
489 1745 541 1791 Sat.
559 1742 584 1800 ii,
601 1745 625 1799 6,
642 1745 674 1792 35
706 1752 832 1791 renterotn
857 1745 956 1791 atinent
969 1752 1041 1791 retro.

114 1805 193 1870 sqq),
203 1815 231 1854 ut
242 1807 308 1856 nullo
320 1807 390 1855 modo
399 1822 482 1855 vacare
493 1806 567 1872 possit
577 1822 674 1872 compo-
740 1807 780 1854 74.
799 1807 886 1854 Τηηὶα
902 1809 1008 1862 robustis,
1025 1813 1082 1855 cett.
1096 1823 1184 1872 pompa
1201 1808 1268 1860 lune-

114 1869 200 1918 nendis
211 1871 365 1920 carminibus.
398 1871 479 1920 Ades
490 1887 617 1935 remque
628 1871 676 1920 sibi
708 1887 769 1926 rum,
781 1886 836 1918 eum
849 1871 873 1918 in
890 1870 997 1936 plaustra
1008 1869 1073 1919 viam
1087 1870 1270 1922 intercludentia

114 1947 210 1983 cannen
222 1935 318 1999 aliquod
336 1937 422 1984 Rome
433 1934 575 1984 meditaturo
586 1935 674 1991 obsint,
708 1933 802 1989 incidit,
813 1951 826 1982 e
838 1935 878 1982 via
895 1933 1001 1983 cedendo
1017 1942 1042 1982 et
1058 1933 1202 1983 declinando
1213 1954 1270 1986 cum

115 1997 187 2047 refert
200 2015 294 2074 quoque
311 1999 371 2048 illud
387 1999 516 2048 officiorum
529 2015 614 2062 genus,
627 2015 675 2074 qno
706 1997 755 2047 illis
773 1998 888 2046 luctatur.
921 1999 1032 2054 Robmtn,
1050 1998 1269 2060 grandiora,firmi·

117 2063 200 2124 aegroti
215 2063 295 2121 arnrci,
307 2063 370 2112 alius
385 2065 410 2112 in
427 2064 487 2112 colle
499 2063 603 2121 Quirini,
615 2064 676 2112 alins
708 2079 764 2112 ora:
783 2077 836 2118 nos,
848 2063 991 2126 Lnstnngen.

114 2133 219 2175 extremo
232 2127 257 2174 in
270 2128 399 2182 Aventino,
411 2127 450 2176 via
461 2127 533 2192 longa
543 2137 567 2175 et
578 2128 678 2176 molesta
741 2129 782 2175 75.
801 2127 1025 2191 Haernbiosnsugit
1036 2127 1271 2181 ceruelenensis

115 2189 207 2239 visendi
224 2191 280 2240 sint.
314 2191 377 2240 Tum
392 2191 507 2239 Horatius
522 2193 559 2240 vel
576 2207 591 2239 a
609 2193 679 2241 Floro
712 2191 809 2239 advolat
821 2199 845 2238 et
858 2198 1027 2254 pretereuntes
1037 2190 1106 2254 petit.
1135 2193 1193 2249 Pro,
1197 2193 1270 2258 sugit

115 2254 153 2302 vel
172 2270 346 2319 aqnocunque
361 2255 408 2304 alio
427 2255 473 2302 sibi
491 2255 577 2321 opponi
595 2256 676 2318 lingit:
712 2255 830 2304 Codicum
847 2254 998 2318 quorundam
1017 2253 1157 2303 anctoritate
1177 2257 1227 2305 Fen
1245 2257 1272 2305 iu

116 2319 522 2377 atviascolleQuiriniincollem
531 2320 679 2368 Aventinum
710 2327 803 2368 textum
825 2318 914 2383 recepit
948 2322 1006 2373 urit,
1030 2317 1096 2381 quod
1117 2319 1184 2368 cenis
1207 2322 1272 2370 rabie

116 2390 153 2430 est
170 2401 240 2445 pura,
263 2401 311 2432 non
327 2385 438 2450 vepribus
455 2383 541 2440 obsita,
560 2400 604 2432 nec
625 2385 679 2433 aliis
710 2391 831 2447 correptus
849 2398 897 2430 non
928 2386 1004 2447 ugint,
1016 2382 1154 2446 sedfurot:
1172 2384 1215 2433 sed
1232 2385 1272 2434 vix

116 2447 339 2513 impedimentorum
352 2447 478 2511 generibus
489 2448 625 2513 intersepta,
636 2449 678 2506 ita,
711 2463 787 2496 sermo
796 2447 847 2512 jam
858 2463 910 2496 esse
920 2455 998 2512 potest
1008 2446 1039 2494 de
1050 2462 1110 2494 cane
1120 2451 1207 2496 rabioso
1217 2465 1271 2513 pro·

116 2519 145 2560 ut
161 2510 222 2560 nibil
236 2516 304 2561 obstet
317 2515 489 2561 meditantibus.
517 2511 632 2561 Horatius
643 2529 679 2562 re·
713 2512 763 2576 prie
775 2511 810 2561 sic
822 2512 893 2569 dicto,
906 2511 977 2575 cujus
990 2510 1099 2576 pestifero
1117 2513 1205 2560 morsui
1220 2530 1272 2563 raro

117 2576 225 2688 {pendet
237 2584 263 2625 at
273 2576 376 2642 prolecto
386 2577 413 2626 in
428 2577 473 2627 bac
483 2576 522 2626 via
537 2591 619 2626 omnes
629 2593 679 2627 me·
712 2585 806 2625 tantum
822 2575 898 2625 invia
913 2584 937 2624 et
949 2575 1034 2640 plateis
1045 2575 1145 2640 expositi
1156 2586 1213 2627 sunt
1229 2577 1272 2629 ho·

135 2642 246 2691 stationes
263 2642 445 2706 interpellantur
460 2650 484 2690 et
504 2642 679 2708 interrumpnn·
712 2641 804 2700 mines,
819 2641 868 2689 imo
886 2640 1001 2690 Horatius
1017 2656 1058 2705 per
1070 2658 1149 2688 curum
1159 2645 1274 2692 rabiosum

116 2712 171 2762 tnr;
189 2706 267 2754 obstat
283 2706 350 2754 eunti
367 2707 433 2753 turba
450 2705 572 2754 hominnm
584 2706 609 2754 in
622 2707 678 2755 aedi·
713 2722 761 2754 non
778 2706 853 2753 alinm
874 2706 920 2753 nisi
937 2720 1015 2753 acrem
1032 2713 1057 2751 et
1075 2704 1218 2763 mordacem,
1231 2709 1273 2783 qui

117 2769 173 2817 ficio
190 2770 222 2817 ali
241 2786 273 2818 uo
293 2770 419 2818 excitando
436 2779 624 2835 occupatomm;
641 2771 679 2819 ria
712 2786 768 2819 cum
779 2771 866 2818 latratu
877 2769 900 2816 in
913 2776 1082 2834 pretereuntes
1091 2769 1147 2823 mit,
1157 2780 1181 2818 et
1188 2773 1218 2819 ab
1231 2772 1273 2821 irs·

118 2786 287 2882 intercluditur
309 2833 429 2899 plaustris,
451 2835 539 2898 quibus
560 2834 680 2883 vehuntur
711 2834 766 2882 dem
784 2834 848 2882 inste
862 2834 971 2900 repulsus
983 2832 1077 2894 refugit,
1091 2833 1228 2895 designasse
1239 2838 1273 2884 vi·

119 2896 203 2947 lunera
210 2915 217 2957 5
234 2898 281 2946 ruit
292 2897 316 2944 ln
327 2906 494 2963 pretereuntes
503 2899 541 2947 vel
552 2898 680 2947 furibunda
712 2898 789 2947 detur.
823 2898 863 2947 Sic
880 2898 961 2946 leones
979 2897 1032 2945 irati
1045 2897 1088 2945 int.
1100 2898 1148 2946 393
1160 2898 1274 2949 dicuntur

120 2962 189 3009 canis
204 2962 242 3010 vel
258 2978 299 3010 sus
314 2962 452 3023 lutulenta,
471 2963 556 3010 luitur
570 2974 592 3010 et
606 2980 680 3011 uersus
713 2966 800 3011 rubidi.
834 2962 1042 3020 Quemadmodum
1054 2970 1133 3009 antem
1144 2965 1217 3010 rabies
1228 2980 1273 3012 ste·

120 3034 194 3073 tecum
206 3030 425 3075 mediterecuuoros.
453 3026 546 3085 Quodsi
557 3026 629 3089 igitur
639 3042 681 3091 pro
730 3027 767 3075 ins
778 3028 892 3074 translate
900 3026 930 3074 de
938 3026 1112 3074 vehementiore
1122 3025 1165 3081 ira,
1175 3026 1274 3092 impetu,

120 3089 202 3155 inepta
213 3090 314 3138 lectione
330 3092 428 3139 bnmnue
439 3090 532 3155 legeris,
549 3094 680 3147 meditanti,
713 3043 789 3139 inrore
809 3100 865 3139 cett.
885 3089 929 3154 (de
950 3089 1129 3137 mordacissima
1148 3090 1275 3141 dicacitate

120 3152 189 3218 signo
200 3154 390 3217 interrogationis
408 3164 461 3220 post
472 3158 584 3203 commoda
596 3155 680 3219 posito,
714 3154 758 3203 inl.
770 3156 796 3203 in
816 3156 894 3219 Epist.
908 3154 939 3202 ad
955 3155 1005 3201 Pis.
1017 3170 1040 3202 v.
1054 3154 1094 3209 79,
1114 3156 1275 3205 Archilochum

121 3218 178 3266 huic
187 3218 283 3267 lectioni
290 3218 383 3282 egregie
392 3218 535 3293 respondent
543 3220 568 3265 in
576 3218 682 3282 proximo
713 3224 808 3283 proprio
824 3222 898 3268 rabies
912 3221 1012 3267 armauit
1025 3220 1123 3279 iubebo),
1134 3219 1168 3266 ita
1179 3236 1276 3285 quoque

120 3298 190 3330 versu
210 3286 372 3330 meditantibus
389 3293 413 3330 et
430 3299 455 3330 m
475 3300 498 3331 ν.
517 3285 549 3331 76
565 3286 683 3331 medita-re.
716 3287 819 3332 rabiosus
836 3283 866 3332 de
885 3300 913 3332 eo
935 3299 1006 3348 quem
1022 3283 1182 3332 vehementior
1199 3285 1234 3332 ira
1250 3284 1275 3334 in

122 3346 441 3403 Carminnmmeditationes,
450 3356 476 3395 nt
484 3347 550 3395 addit
559 3346 680 3404 Horatius,
715 3348 816 3397 furorem
838 3348 897 3421 agit,
918 3347 1023 3395 dicitur:
1051 3349 1140 3394 rabiosa
1153 3348 1277 3411 jirtitndo

121 3409 177 3459 loca
194 3410 246 3459 sola
262 3420 286 3460 et
301 3412 333 3459 nb
345 3411 410 3458 omni
421 3411 520 3476 strepitu
531 3418 628 3467 remota,
641 3427 681 3460 ne·
716 3412 778 3477 apud
791 3412 845 3462 Cic.
857 3428 882 3459 in
894 3414 987 3469 Qnaest.
1000 3412 1075 3459 Tusc.
1087 3410 1120 3468 iv,
1134 3413 1176 3468 22,
1187 3416 1276 3463 rabiosa

122 3488 198 3531 mora,
227 3490 341 3532 secessus,
370 3476 500 3539 postulant.
546 3474 682 3523 Admodum
708 3480 795 3539 jurgia
807 3476 871 3540 apud
881 3478 967 3525 Senec.
978 3475 1004 3524 in
1018 3477 1089 3523 Herc.
1102 3476 1159 3524 Fur.
1171 3495 1194 3525 v.
1207 3480 1263 3527 172.

122 3538 219 3602 quidem
231 3555 301 3588 voces
311 3541 409 3587 bamam
423 3548 447 3587 et
463 3542 585 3588 meditanti
599 3539 683 3587 litteris
727 3592 731 3597 ,
748 3541 854 3589 76-78.
872 3541 886 3588 l
893 3557 969 3588 ureris:
986 3542 1018 3589 ci.
1029 3555 1084 3605 sup.
1095 3539 1126 3588 ad
1135 3542 1213 3607 Epist.
1225 3544 1242 3599 i,
1250 3545 1275 3600 6,

120 3611 145 3651 et
156 3603 230 3652 forma
242 3603 303 3652 inter
314 3619 340 3651 se
351 3602 500 3669 discrepant3
515 3603 557 3651 sed
569 3604 593 3651 in
605 3620 629 3652 re
640 3604 682 3651 de·
718 3605 756 3652 17.
803 3606 909 3658 cnam-os,
932 3604 1036 3653 suaviter
1062 3615 1182 3663 sonantes,
1207 3608 1276 3657 suari

122 3675 215 3730 sperata
225 3676 250 3716 et
259 3667 367 3732 deposita
376 3668 427 3731 jam
437 3667 524 3732 sepius
534 3667 602 3715 locus
614 3668 681 3717 relic·
715 3676 788 3717 cantu
800 3667 963 3716 demulcentes
975 3685 981 3727 ;
998 3668 1033 3716 sic
1051 3682 1142 3731 cycnus
1160 3686 1215 3735 sup.
1226 3672 1275 3720 Od.

124 3738 162 3777 tus
174 3732 337 3781 estaudaciae.
716 3732 742 3789 ii,
761 3734 802 3789 20,
820 3734 859 3788 15,
880 3733 927 3779 ntes
945 3749 1057 3788 canorus,·
1076 3732 1125 3780 od.
1143 3734 1160 3789 i,
1176 3736 1215 3789 12,
1237 3737 1275 3791 11,

156 3796 196 3843 tt.
214 3796 271 3844 Non
288 3803 343 3843 sunt
355 3795 444 3853 liberte,
457 3796 573 3844 Horatius
586 3812 682 3859 respon·
710 3798 878 3861 fidescnnorae.
912 3796 967 3842 Rite
976 3798 1046 3844 cliens
1059 3796 1154 3853 Bncebi,
1163 3798 1276 3845 solemni-

122 3858 171 3914 det,
193 3860 224 3907 ab
246 3860 436 3924 impedimentis:
461 3860 564 3908 Festinat
584 3862 682 3915 calidus,
717 3869 752 3909 ter
762 3858 923 3908 interBacebi
934 3860 1038 3907 asseclas
1048 3870 1165 3923 receptus.
1187 3864 1275 3918 Somno,

123 3930 180 3971 cett.
196 3926 286 3971 calidus
301 3922 423 3979 redemtor,
436 3939 549 3988 manceps
567 3924 683 3988 (ἐργόλα-
717 3924 805 3989 quiete,
816 3924 878 3972 otio:
897 3922 929 3970 cl.
941 3939 994 3987 sup.
1007 3922 1083 3987 Epist.
1095 3924 1112 3978 i,
1125 3927 1149 3979 5,
1164 3926 1203 3973 10.

122 3985 246 4061 βας),ςυὶ
262 3986 351 4036 ismido
367 3988 446 4035 studio
460 3988 551 4036 insistit
564 3988 685 4037 laboribus
750 3990 791 4037 80.
821 3988 945 4035 Contructa
967 3990 1028 4049 sequi
1054 3989 1152 4048 vestigia
1178 3992 1278 4038 natum?

123 4051 227 4109 aedificii,
250 4052 313 4116 quod
334 4060 399 4100 certo
420 4052 495 4117 pretio
515 4051 685 4101 exstruendum
718 4053 805 4100 Varias
816 4051 936 4114 mimsque
946 4049 1069 4104 lectiones,
1079 4066 1122 4115 pro
1133 4052 1194 4101 male
1206 4053 1276 4102 intel-

123 4115 251 4164 condnxit:
269 4132 322 4180 sup.
331 4116 379 4164 Od.
388 4115 423 4171 iii,
435 4120 457 4173 1,
470 4118 511 4172 35,
523 4116 684 4181 buesrequens
716 4116 778 4165 lecta
794 4115 897 4164 lectione
912 4126 1030 4163 corrtrnctn
1042 4115 1150 4163 inventas
1161 4118 1276 4180 prolatas·

124 4180 238 4229 Cerueutn
256 4182 357 4228 demittit
378 4182 490 4228 redemtor
506 4198 558 4229 cum
570 4180 681 4244 somniis,
715 4196 769 4244 qne,
792 4194 976 4228 commemorare
1002 4178 1061 4227 nihil
1085 4179 1186 4240 attinet;
1213 4182 1275 4231 bene

122 4250 181 4292 cett.
215 4244 289 4291 illudis
296 4246 438 4307 gerulisque,
449 4260 500 4311 pro,
514 4260 568 4293 cum
580 4246 648 4292 mulis
659 4252 684 4293 et
715 4245 778 4293 enim
798 4260 824 4293 se
842 4244 914 4292 habet
931 4243 1003 4291 lectio
1016 4253 1142 4302 routrnetn,
1159 4246 1278 4309 eleganter

119 4310 220 4371 gerulis.
255 4308 339 4356 Gerrdi
362 4316 418 4356 sunt
437 4308 521 4357 t'amnli
539 4308 577 4357 vel
600 4308 685 4372 bajuli,
718 4318 795 4375 poetoe
806 4318 907 4357 mentem
920 4308 1065 4382 exprimens.
1092 4308 1277 4373 Vestigiascili·

122 4372 167 4436 qni
188 4372 319 4421 necessaria
341 4371 371 4419 ad
392 4371 559 4421 aedificandum
578 4388 685 4437 compor-
719 4383 757 4423 cet
773 4381 905 4438 poetamm,
922 4389 973 4436 qm,
994 4382 1022 4420 ut
1039 4373 1108 4420 modo
1125 4373 1215 4422 dictum
1232 4384 1277 4433 est,

123 4444 186 4484 tant.
719 4438 784 4486 urbia
796 4437 919 4502 strepitum
931 4436 1056 4499 fugientes,
1069 4437 1094 4485 in
1107 4438 1244 4487 nemoribus
1255 4450 1280 4489 et

157 4501 198 4550 7³.
215 4500 299 4565 lugens
309 4504 426 4551 machine:
447 4501 565 4567 ejusmodi
576 4501 688 4551 machina
720 4501 779 4550 locis
797 4502 922 4558 umbrosis,
939 4501 981 4549 nbi
1002 4502 1108 4551 camiina
1125 4502 1277 4561 meditentur,
