3150 5200
278 346 343 409 552
527 338 800 404 EPISTOLA
832 336 904 403 AD
936 334 1176 402 PISONES.

364 493 521 557 Incolumi
536 492 694 577 gravitate
705 493 817 572 jocum
832 488 968 553 tentavit
983 510 1034 564 eo,
1050 489 1140 570 quod

364 594 531 660 illecebris
545 605 616 658 erat
630 604 664 657 et
678 603 772 676 grata
786 592 929 655 novitate
943 588 1119 653 morandus
1215 599 1220 603 '

366 698 549 781 Spectator,
565 696 761 777 functusque
777 694 889 769 sacris,
906 702 940 756 et
953 700 1063 774 potus,
1079 700 1114 753 et
1124 690 1232 755 exlex.

278 800 344 861 5225
365 797 491 862 Verum
505 800 550 862 ita
565 797 696 873 risores,
712 796 759 857 ita
773 792 1000 858 commendare
1015 792 1145 855 dicaces

367 899 545 964 Conveniet
560 898 706 982 Satyros,
721 896 767 960 ita
781 906 907 959 vertere
922 894 1008 958 seria
1021 892 1111 969 ludo,

367 1000 432 1078 Ne,
448 1002 634 1084 quicunque
650 999 756 1075 Deus,
772 997 957 1080 quicunque
970 994 1182 1059 adhibebitur
1195 994 1305 1073 heros,

366 1101 487 1187 Regali
501 1111 696 1185 conspectus
711 1100 746 1162 in
760 1119 840 1162 auro
856 1118 961 1180 nuper
974 1105 1008 1160 et
1023 1106 1124 1171 ostro,

367 1202 491 1287 Migret
506 1205 539 1266 in
554 1205 709 1267 obscuras
724 1198 839 1263 humili
855 1218 1003 1261 sermone
1018 1198 1190 1275 tabernas,

281 1304 346 1369 230
367 1302 449 1381 Aut,
466 1304 543 1368 dum
559 1304 638 1366 vitat
652 1302 797 1377 humum,
813 1300 918 1363 nubes
933 1308 967 1361 et
982 1299 1091 1361 inania
1104 1308 1225 1383 captet.

369 1405 513 1470 Effutire
527 1405 615 1470 leves
630 1404 765 1487 indigna
779 1400 941 1485 tragoedia
955 1421 1080 1476 versus,

369 1508 417 1571 Ut
433 1506 523 1571 festis
538 1517 684 1571 matrona
699 1504 820 1569 moveri
830 1504 924 1588 jussa
939 1502 1067 1577 dicbus,

369 1608 521 1673 intererit
537 1608 662 1693 Satyris
678 1605 823 1693 paullum
837 1604 1031 1688 pudibunda
1044 1605 1216 1687 protervis.

370 1710 449 1775 Non
465 1733 527 1795 ego
542 1712 691 1775 inornata
705 1718 738 1773 et
753 1706 951 1771 dominantia
963 1705 1093 1769 nomina
1107 1704 1221 1781 solum,

284 1897 317 1945 hit
329 1898 419 1959 quidem
430 1907 498 1959 poeta
510 1898 606 1961 tragico,
617 1898 642 1943 in
651 1896 756 1957 gratiam
766 1908 843 1940 eorum
875 1890 978 1963 Sensus:
996 1905 1078 1938 verum
1095 1889 1189 1939 decebit
1207 1897 1303 1955 poetam
1317 1890 1443 1965 tragicum

284 1964 324 2023 qut
341 1964 413 2009 animi
430 1962 550 2009 recreandi
573 1970 596 2009 et
612 1960 758 2007 estitnranrtt
774 1973 844 2005 sama
875 1956 945 2002 itam
956 1962 1034 2019 partes
1044 1968 1128 2002 vocare
1145 1962 1257 2018 satynrn,
1269 1962 1294 2003 et
1309 1970 1380 2003 serris
1394 1956 1441 2003 ed·

282 2034 409 2085 spectatum
429 2028 534 2081 ueniunt,
552 2025 610 2072 soles
628 2026 739 2087 satyricos
755 2032 777 2069 et
793 2023 843 2068 die-
875 2018 975 2067 miscere
995 2017 1097 2074 ludicra,
1116 2033 1147 2066 ne
1167 2017 1206 2067 vel
1228 2017 1288 2067 deus
1309 2018 1349 2066 vel
1370 2020 1444 2068 heros

283 2090 342 2135 teria
354 2090 502 2153 adspergere
521 2090 558 2137 ted
572 2090 614 2137 hoc
626 2089 683 2151 lege,
696 2096 724 2134 ut
736 2086 844 2149 grauita-
876 2082 965 2194 aquuis
983 2082 1008 2128 in
1026 2096 1122 2131 scenam
1139 2082 1277 2146 productus,
1288 2090 1315 2131 et
1330 2085 1443 2145 (reaper)

285 2160 328 2199 tem
349 2164 421 2201 servet
442 2155 592 2211 incolumen,-
621 2160 649 2199 ut
668 2167 733 2198 suam
753 2151 843 2212 usipus,
876 2162 901 2193 m
933 2162 948 2194 o
1026 2145 1444 2221 imagnilipentiaconspectns,aqt

284 2233 332 2277 que
344 2218 474 2272 inducitur,
485 2232 583 2279 persona
593 2218 681 2263 tribunt
690 2215 843 2278 dignitatem
876 2210 908 2258 ad
927 2210 1053 2259 humiliora
1069 2210 1177 2265 dicteria,
1190 2210 1273 2275 qualia
1288 2226 1315 2258 ιιι
1329 2212 1444 2259 obscuris

284 2290 312 2326 ut
335 2296 405 2328 serim
427 2298 497 2343 neque
519 2282 587 2328 nobes
608 2290 630 2326 et
653 2280 733 2326 inania
757 2286 842 2338 captet,
875 2273 980 2323 tabernis
998 2273 1138 2330 audiuntur,
1152 2274 1291 2329 descendet,
1310 2283 1363 2330 aut,
1381 2274 1443 2323 dum

284 2359 356 2405 neque
375 2346 405 2392 od
417 2347 570 2393 humilitatem
587 2352 608 2391 et
628 2344 715 2391 sordem
729 2342 843 2403 deprima-
875 2338 1003 2386 humiliora
1019 2338 1113 2401 refugit,
1125 2337 1156 2386 ad
1173 2337 1258 2386 altiora
1273 2354 1326 2386 sese
1343 2340 1444 2387 attollet

285 2417 344 2463 tur;
361 2418 389 2455 at
401 2412 434 2455 ret
444 2412 471 2455 de
486 2410 559 2455 medio
573 2416 650 2455 sumta
665 2408 774 2453 orationis
788 2406 845 2452 serie
876 2412 901 2451 et
912 2403 993 2451 inania
1003 2412 1084 2467 captet
1095 2401 1120 2450 in
1131 2402 1246 2450 nubibus.

286 2478 307 2517 et
311 2473 429 2531 junctura
441 2472 511 2520 honor
522 2474 614 2519 accedat
621 2488 630 2529 ‚·
646 2480 674 2518 ut
690 2470 810 2517 immrtnda
823 2477 845 2515 et
908 2468 967 2515 225.
986 2466 1194 2515 littores-dicaces
1213 2467 1295 2529 Satyri
1317 2481 1372 2531 pro,
1394 2468 1441 2515 Sa·

286 2534 434 2596 ignominioso
447 2537 708 2583 dietoettermirtentnr.
877 2537 937 2594 tyra,
959 2545 1013 2595 que
1035 2530 1095 2579 alios
1116 2529 1206 2578 deridet
1228 2538 1254 2579 et
1274 2538 1347 2579 acute
1365 2530 1443 2578 dictis

316 2598 455 2646 ato-224.
481 2601 587 2647 Carinine
608 2602 647 2661 qai
670 2601 767 2662 tragico,
787 2604 844 2645 cett.
877 2594 971 2660 pnngit.
1016 2595 1186 2650 Commendare,
1206 2610 1240 2643 sc.
1262 2594 1443 2660 spectatoribus

285 2661 383 2717 Sensus,
396 2661 603 2718 utmihividetur,
616 2669 666 2711 est:
685 2668 782 2727 poetat
826 2660 844 2696 '·
876 2667 901 2706 et
916 2659 993 2723 equis
1007 2659 1130 2722 tragoedie
1141 2659 1335 2708 estimatoribus.
1371 2661 1442 2708 Cea·

285 2739 328 2771 cus
341 2740 395 2772 rnox
407 2726 479 2773 etiam
497 2724 620 2788 tragoediis
636 2724 767 2773 immiscuit
782 2738 846 2772 sees
876 2725 984 2771 mendose
997 2722 1047 2787 iam
1068 2722 1161 2787 aliquid
1182 2722 1294 2771 dieumm
1314 2722 1359 2786 qui
1380 2723 1442 2772 faci·

285 2788 407 2858 satyricos,
419 2803 448 2838 eo
468 2789 564 2853 quidem
582 2787 691 2845 consilio,
708 2797 735 2835 ut
752 2795 844 2852 specta·
877 2796 922 2834 unt
931 2788 995 2851 quod
1006 2794 1097 2835 rectum
1108 2797 1152 2836 est.

284 2852 376 2900 toribus
397 2853 441 2917 qni
462 2853 573 2902 delectari
594 2854 695 2917 cupiunt
715 2851 759 2899 hac
779 2860 846 2914 grata
909 2850 1048 2900 226-230.
1080 2851 1170 2898 Vertere
1194 2854 1256 2898 ιιηίι
1284 2852 1349 2907 tua,
1376 2853 1443 2900 seria

284 2915 388 2965 novitate
408 2917 563 2966 satisfaceret.
601 2916 715 2965 Horatius
779 2916 843 2964 uitur
874 2915 900 2963 in
917 2915 1000 2963 ludum
1017 2922 1115 2971 vertere,
1133 2914 1285 2963 commiscere
1301 2915 1365 2963 seria
1380 2931 1442 2964 curn

284 2993 325 3027 eos
343 2980 385 3044 qui
395 2981 511 3045 originem
524 2982 588 3030 vocis
600 2983 714 3044 tragedia
726 2931 844 3028 aseqrm
876 2978 942 3026 ludo.
977 2978 1086 3026 Naberst
1100 2981 1182 3026 isonia
1193 2988 1283 3040 captet.-
1298 2989 1320 3026 et
1336 2979 1389 3043 jam
1402 2991 1443 3028 est

284 3057 342 3092 voce
365 3045 456 3112 τράγος
477 3045 587 3108 (hircus)
611 3055 636 3095 et
655 3043 707 3110 qtae)
729 3042 842 3107 (cantus)
877 3042 993 3106 particula
1010 3041 1154 3106 explicatius
1170 3058 1221 3106 pro,
1239 3041 1342 3099 scilicet,
1355 3043 1380 3090 id
1391 3053 1442 3100 est,

284 3117 408 3172 repetunt;
430 3112 520 3158 hircum
537 3109 630 3158 scilicet
651 3109 703 3158 acci
719 3107 784 3156 iebat
803 3106 845 3171 qni
877 3106 923 3170 (ci.
935 3122 988 3170 sup.
1000 3104 1031 3153 ed
1042 3105 1091 3154 Od.
1102 3105 1120 3162 i,
1131 3108 1155 3164 2,
1165 3108 1196 3155 16
1206 3108 1230 3168 5)
1242 3122 1297 3155 nem
1305 3107 1443 3172 qnicnptet

285 3171 310 3217 in
333 3173 432 3222 solemni
457 3173 569 3222 carminis
590 3172 674 3235 tragici
700 3125 844 3221 decantandi
876 3169 1155 3234 nnbes,captatinania.

284 3236 413 3286 certamine
424 3238 521 3285 vicerat.
907 3235 1047 3282 tet-2³3.
1075 3234 1179 3299 Effutire
1210 3236 1274 3292 aaa,
1302 3244 1361 3284 cett.
1389 3252 1441 3286 non

316 3295 374 3372 22l.
394 3301 508 3355 Nudotn't,
527 3300 647 3363 eleganter
665 3313 716 3364 pro,
735 3297 845 3357 induxit;
876 3296 1097 3372 decettragoediam
1107 3313 1170 3362 sepe
1181 3307 1204 3374 et
1214 3299 1281 3361 larga
1295 3299 1367 3364 eopia
1377 3300 1440 3350 effu-

284 3367 540 3481 tzittttstttt
557 3361 845 3491 ttttlt¹t¹¹⁰stt
876 3362 1441 3492 tulttttitt‘utt'ntttmdnss

284 3486 424 3538 derivatum.
454 3494 534 3553 Asper,
555 3491 654 3540 acerbus
675 3490 700 3538 in
720 3506 762 3540 eos
784 3504 843 3554 quos
876 3505 914 3538 ros
932 3490 1071 3546 versabitur,
1084 3490 1206 3539 heram
1223 3490 1334 3540 admittet
1350 3507 1380 3540 se

281 3551 364 3615 jocose
381 3553 453 3602 dictis
473 3571 539 3604 urere
557 3555 672 3604 tentavit:
697 3571 724 3602 sn
745 3553 841 3619 ..Epod
872 3553 1006 3610 lasciviam,
1029 3553 1101 3603 sicuti
1127 3562 1235 3603 matrona
1262 3554 1329 3602 sestis
1351 3555 1376 3603 d'
1407 3573 1440 3605 ns

284 3615 308 3670 6,
335 3617 373 3674 ll,
396 3621 420 3667 ιἰι
450 3623 519 3668 motos
542 3621 697 3681 asperrimus,-
722 3571 775 3667 gie.
802 3633 843 3682 pro
874 3626 978 3674 tantum,
991 3617 1015 3664 h.
1027 3631 1050 3664 e.
1062 3633 1123 3673 raro,
1136 3618 1217 3667 mitat.
1239 3618 1388 3668 suavissima
1402 3629 1441 3669 est

285 3678 841 3747 Plane.c.14,asperirnibnrfocetiitpenti-in·
875 3682 928 3729 hac
950 3680 1073 3744 tragoedim
1100 3697 1198 3755 severre,
1257 3682 1314 3730 ssim
1343 3693 1440 3732 tanturn

282 3759 372 3857 gadi&
390 3809 528 3866 limandus,
546 3809 698 3864 detinendus,
718 3809 840 3858 adverten-
872 3746 1199 3857 biiiidnirodibbdiuigd?
1206 3756 1440 3861 Zhffinffitgss

283 3869 338 3928 dus,
359 3871 525 3930 oblectandus,
546 3883 573 3922 ut
591 3889 645 3938 sup.
665 3871 743 3938 Epist.
764 3873 781 3931 i,
802 3875 840 3930 13,
874 3887 927 3921 com
945 3872 1036 3920 aratio!

285 3935 324 3990 17,
336 3945 361 3984 et
371 3937 415 3985 inl.
426 3954 450 3986 ι.
462 3939 519 3987 321.
942 3940 965 3984 l.
986 3937 1007 3984 Ε
1028 3939 1098 3994 utire,
1119 3937 1151 3986 de
1171 3937 1278 3987 versibus
1298 3937 1436 3987 inconside-

315 4001 372 4048 224.
398 4001 545 4066 Functusqae
561 4003 641 4050 arceb.
675 4000 755 4064 Fungi
772 4002 843 4048 sceris
874 4000 965 4049 rantius
976 4012 1000 4050 et
1018 4001 1108 4066 argiore
1118 4002 1188 4066 copia
1202 4001 1318 4065 profusis:
1338 4005 1438 4066 indigns

283 4077 325 4126 pro
344 4065 429 4129 quavis
450 4066 481 4114 rei
500 4065 622 4116 severioris
640 4063 844 4112 administratione
875 4065 968 4129 effictire
986 4066 1045 4126 (olis
1062 4067 1120 4121 ἄξια
1136 4065 1274 4128 blatern),
1286 4066 1437 4130 Grnrepro,

282 4127 386 4190 positum
405 4129 513 4188 videtur,
537 4129 645 4177 similiter
664 4144 688 4175 ι.
708 4129 765 4184 212,
786 4129 845 4176 liber
877 4143 925 4176 non
941 4127 1013 4190 digna
1030 4144 1085 4192 qua
1102 4129 1276 4187 effutiat,h.e.
1297 4145 1370 4204 quarn
1388 4146 1436 4179 non

284 4191 396 4239 bimam.
430 4193 509 4249 Erice,
528 4193 595 4241 nulla
615 4191 711 4240 omnino
733 4206 767 4248 re,
788 4207 843 4255 qnoe
876 4191 1062 4250 deceteffntira;
1079 4193 1194 4258 quiahoc
1211 4193 1272 4242 infra
1287 4209 1341 4258 ejus
1355 4193 1435 4258 digni·

283 4262 348 4302 vetet
364 4271 419 4304 eum
437 4257 471 4304 ire
490 4265 588 4306 uentare
603 4255 777 4320 spectaculum,
806 4271 843 4304 ro·
877 4264 949 4305 tatem
960 4265 994 4305 est
1008 4256 1120 4322 positum
1154 4260 1232 4316 Quem
1251 4273 1299 4306 non
1310 4257 1382 4306 decet
1392 4257 1437 4306 ali-

283 4316 391 4378 hibitus;
416 4319 447 4368 ad
469 4273 512 4368 tila
533 4330 638 4384 tempora
660 4334 716 4367 cum
736 4271 843 4367 nonduin
877 4320 935 4385 qnid
957 4321 1042 4378 iacere,
1061 4322 1099 4369 vel
1123 4321 1165 4385 qni
1184 4338 1231 4370 non
1253 4321 1325 4372 debet
1345 4322 1436 4386 aliquid

282 4392 362 4430 essent
378 4383 443 4445 leges
460 4384 595 4439 theatrales,
608 4399 663 4432 curn
682 4383 789 4432 Gesnero
803 4399 839 4432 re-
873 4384 958 4440 sacere,
970 4384 991 4432 is
1007 4388 1119 4448 indignus
1137 4389 1177 4448 qui
1195 4389 1221 4433 id
1229 4386 1319 4448 faciet,
1330 4384 1436 4434 dicitnr:

282 4444 341 4494 ferre
354 4447 436 4495 nolim.
873 4464 927 4512 sup.
943 4447 1017 4512 Epist.
1029 4448 1046 4505 i,
1059 4451 1083 4504 ³,
1099 4451 1142 4505 35,
1150 4452 1244 4513 indigni
1255 4452 1312 4512 <vos
1320 4447 1437 4504 dedecet)

317 4512 456 4560 225-230.
497 4511 579 4560 taram
607 4515 639 4560 ita
667 4515 755 4568 shores,
784 4519 841 4560 cett.
868 4513 1007 4576 fraternum
1034 4529 1141 4574 rumpere
1163 4514 1245 4577 jadias
1257 4529 1265 4571 5
1308 4513 1438 4563 Terentius
