3150 5200
396 322 667 390 EPISTOLA
701 325 778 391 AD
814 326 1058 396 PISONES.
1240 333 1306 399 565

147 471 213 535 415
235 471 386 551 Tibicen,
403 475 518 539 didicit
533 477 624 559 prius
639 478 854 562 extimuitque
869 482 1070 565 magistrum.

233 573 308 639 Nec
325 576 402 639 satis
417 586 468 640 est
484 575 624 641 dixisse:
650 579 757 664 “Ego
772 582 853 644 mira
867 592 1018 665 poemata
1031 605 1160 668 pango:

235 676 387 760 Occupet
401 688 582 742 extremum
598 681 734 757 scabies,
751 682 830 745 mihi
845 694 941 767 turpe
955 682 1095 768 relinqui
1109 695 1173 762 est,
1210 754 1215 763 ¹

234 776 292 854 Et,
308 779 398 861 quod
413 801 478 843 non
492 779 604 856 didici,
622 803 699 845 sane
714 784 851 860 nescire,
868 784 995 849 fateri.'’

240 922 247 935 ·
277 879 326 944 Ut
340 902 461 964 praeco,
476 880 519 943 ad
534 902 657 945 merces
672 884 801 947 turbam
814 886 870 968 qui
885 888 973 969 cogit
987 889 1153 963 emendas,

145 981 210 1044 420
232 979 463 1045 Assentatores
473 982 570 1065 jubet
584 982 627 1045 ad
641 982 767 1047 lucrum
780 986 829 1049 ire
842 998 940 1069 poeta

232 1082 336 1147 Dives
351 1085 449 1167 agris,
466 1084 556 1147 dives
571 1084 687 1167 positia
702 1086 736 1149 in
751 1085 877 1151 foenore
892 1090 1040 1153 nummis.
1087 1065 1124 1161 'l‘

233 1184 269 1247 si
284 1206 361 1249 vero
376 1194 438 1261 est,
453 1196 587 1249 unctum
602 1186 659 1268 qui
674 1196 761 1251 recte
776 1210 899 1271 ponere
913 1192 1028 1274 possit,

233 1285 280 1349 Et
296 1286 457 1370 spondere
472 1286 535 1351 levi
549 1308 611 1371 pro
625 1309 782 1372 paupere,
798 1300 832 1353 et
846 1292 974 1375 eripere
987 1293 1066 1356 atris
1116 1286 1120 1295 ’

232 1388 363 1452 Litibus
379 1386 578 1470 implicitum,
594 1389 747 1465 mirabor,
764 1392 792 1453 si
807 1391 889 1457 sciet
902 1394 1003 1459 inter·

144 1490 210 1555 tet
230 1490 380 1554 Noscere
395 1489 582 1553 mendacem
598 1512 773 1574 verumque
788 1493 905 1557 beatus
921 1496 1069 1559 amicum.

228 1591 295 1669 Tu,
312 1613 371 1655 seu
386 1589 527 1667 doneris,
544 1611 602 1653 seu
618 1591 697 1675 quid
713 1592 836 1657 donare
851 1594 939 1659 voles
955 1598 1020 1673 cui,

230 1692 346 1757 Nolito
359 1692 402 1755 ad
417 1712 529 1755 versus
546 1692 605 1755 tibi
619 1691 723 1758 factos
738 1694 859 1761 ducere
874 1696 1005 1780 plenum

231 1794 389 1872 Laetitiae3
412 1792 563 1857 clamabit
577 1795 672 1873 eninr,
689 1795 852 1861 Pulchre!
875 1800 977 1863 bene!
1001 1808 1111 1865 recte!

231 1895 403 1971 Pallescet,
420 1918 519 1979 super
533 1894 584 1959 his
599 1897 697 1960 etiarn
712 1898 846 1962 stillabit
860 1902 970 1965 amicis

102 2004 119 2027 ⁶
143 1999 208 2063 430
230 1997 286 2060 Ex
301 1996 403 2061 oculis
418 2018 542 2075 rorem;
567 1998 670 2075 saliet,
687 1999 804 2063 tundet
818 2003 903 2085 pede
918 2014 1048 2067 terram.

230 2099 289 2176 Ut,
305 2100 361 2184 qui
376 2098 528 2162 conducti
543 2098 672 2183 plorant
687 2100 719 2165 in
735 2100 860 2180 funere,
876 2104 989 2168 dicunt

230 2201 276 2265 Et
291 2200 414 2266 faciunt
428 2223 531 2285 prope
544 2201 639 2285 plura
653 2201 839 2267 dolentibus
855 2226 896 2268 ex
910 2205 1028 2281 animo,
1042 2206 1087 2267 sic

144 2389 229 2452 Cruq.,
248 2388 353 2443 Arietate,
373 2390 412 2450 qui
434 2389 466 2435 ed
488 2390 569 2435 curule
588 2398 701 2437 certamen
735 2388 872 2447 luminibus,
896 2392 937 2439 ubi
963 2390 1021 2440 victi
1048 2406 1063 2438 s
1089 2389 1219 2439 victoribus
1241 2398 1295 2456 post

144 2455 329 2508 instruebantur,
348 2468 393 2500 non
411 2454 507 2499 edebant
525 2468 603 2501 comes
622 2454 701 2509 elixas,
734 2462 770 2503 ter
864 2454 1043 2520 linquebantur.

141 2519 179 2565 sed
185 2518 602 2579 ossosignltantum,-olrstinebunto
611 2517 702 2574 Venere,
791 2471 918 2584 rasoerptum
943 2518 1076 2569 Ultimum:
1108 2517 1198 2565 Ultimo
1225 2519 1293 2591 hujus

141 2590 172 2636 et,
196 2596 225 2628 ne
241 2581 308 2646 jcrte
328 2596 369 2642 per
389 2582 500 2628 somnium
526 2590 594 2628 noctu
615 2582 696 2646 ludifi·
729 2582 826 2644 epistole
841 2601 896 2646 pcrs
910 2593 1015 2632 mutar
1032 2585 1058 2631 in
1072 2584 1222 2645 descriptione
1239 2596 1292 2631 cum

141 2655 260 2702 curentur,
273 2647 369 2693 nmina:
378 2647 494 2706 plumbens
504 2647 596 2692 renibus
611 2661 697 2707 uppen·
729 2657 904 2703 assentatcrum,
922 2651 962 2712 qui
976 2650 1079 2696 camina
1093 2647 1242 2695 scribentibus
1256 2650 1292 2696 cel

141 2711 234 2758 debant.
731 2713 826 2759 monime
837 2712 961 2777 fugiendi,
973 2721 1022 2760 turn
1036 2713 1139 2760 virorum
1149 2726 1200 2758 vere
1215 2713 1291 2759 demo·

174 2775 232 2822 414.
255 2774 357 2836 Pyrria.-
374 2781 380 2792 '
397 2772 470 2884 lpollo
488 2774 539 2838 jam
558 2771 636 2820 iulans
660 2773 698 2820 in·
731 2791 785 2822 rurn
801 2784 823 2821 et
838 2778 999 2838 prudentium,
1010 2778 1051 2838 qui
1061 2778 1090 2823 ab
1099 2777 1178 2837 iisqui
1188 2778 1292 2823 cannino

142 2845 236 2948 pentem
248 2844 379 2902 serpentem
418 2837 508 2900 ythona
523 2835 617 2900 sagittis
627 2837 698 2886 inter·
730 2840 864 2903 wulgntun'
885 2842 932 2888 sint
952 2839 1064 2894 emundi,
1086 2847 1108 2886 et
1132 2847 1160 2885 nt
1185 2841 1244 2886 ricta
1267 2841 1293 2886 in

151 2910 237 2959 ecerat,
258 2901 323 2950 unde
341 2900 430 2966 Apollo
452 2901 559 2964 Pythius,
578 2908 603 2948 et
624 2915 699 2960 sacra,
732 2903 780 2950 illis
795 2905 954 2952 animaduersa
964 2905 1066 2951 benevole
1082 2918 1156 2950 urum
1166 2906 1291 2950 communi-

159 2982 196 3015 ure
213 2966 238 3014 in
254 2966 308 3031 ejus
319 2965 430 3014 honorem
442 2973 467 3013 et
484 2965 509 3013 in
527 2963 627 3013 feliciter
644 2965 701 3013 cesi
732 2975 792 3022 cent,
810 2971 915 3016 decenter
933 2969 1034 3030 rogandi
1051 2975 1116 3014 sunt.
1156 2965 1235 3012 Monet
1252 2969 1290 3014 in·

142 2983 251 3079 draconis
262 3029 398 3079 memoriam
409 3029 602 3084 instituebantur,
615 3029 702 3093 Pprbta
733 3033 814 3092 primis
821 3031 933 3079 Horatius
940 3031 1177 3093 dinteponasmein
1178 3028 1292 3092 fraudem

144 3094 265 3142 nominata
275 3102 339 3142 sunt.
733 3111 756 3143 se
767 3097 849 3143 induci
857 3097 981 3158 patiantur
991 3098 1020 3143 ab
1033 3093 1218 3147 demutatoribus,
1230 3094 1292 3140 laert

175 3159 313 3207 aro-418.
343 3157 391 3206 Nec
417 3159 472 3206 satis
496 3165 536 3212 est,
560 3163 617 3205 cett.
647 3157 701 3205 Nec
727 3158 836 3222 feriendi
853 3175 924 3207 causo
939 3174 961 3207 se
978 3158 1161 3211 ebtnsdentibus,
1178 3165 1201 3202 et
1218 3159 1290 3203 simu·

145 3223 202 3270 satis
210 3231 246 3270 est
257 3230 332 3288 poete
342 3237 427 3270 nomen
436 3219 667 3278 adsetranstulisse,
676 3229 702 3269 et
735 3223 811 3270 lenter
832 3225 924 3286 quevis,
945 3231 1055 3285 tanquam
1081 3222 1110 3268 ab
1137 3221 1191 3280 ipsis
1216 3219 1291 3269 Musis

143 3287 269 3351 superbius
279 3285 376 3341 dixisse,
391 3287 441 3350 Ego
449 3300 502 3334 sum
510 3298 610 3348 magnus
620 3292 698 3349 poeta,
731 3287 829 3343 dictato,
862 3290 893 3336 nd
920 3288 1002 3336 cuturn
1027 3301 1099 3349 usque
1124 3284 1291 3332 extollentibus.
1340 3309 1343 3315 ‚

143 3365 187 3414 ego
207 3349 294 3398 eximia
312 3350 418 3398 carmina
486 3363 525 3411 go,
544 3349 608 3396 male
628 3347 659 3396 sit
677 3349 700 3396 ei
733 3353 905 3399 Assentoronem
920 3348 1245 3416 {magemvivnotorites
1262 3352 1291 3397 at

142 3415 184 3478 qui
195 3415 220 3462 in
231 3413 360 3464 certamina
371 3421 408 3462 est
422 3431 438 3462 u
449 3413 538 3471 timus;
555 3413 586 3459 ab
597 3411 652 3460 aliis
662 3427 700 3460 me
734 3413 833 3462 Horatio
842 3428 976 3477 erpresscm,
988 3417 1071 3476 recipit
1083 3414 1204 3474 descriptio
1219 3417 1291 3461 :meri

142 3478 257 3592 *titt
266 3477 413 3590 illl?
409 3476 596 3589 mittut
611 3475 701 3588 miii?
725 3481 862 3607 tet?
860 3480 991 3590 111111
1018 3480 1130 3590 dte.
1147 3476 1291 3594 11111ἑῖ

141 3559 215 3654 dubio
232 3606 333 3672 respexit
347 3578 462 3654 lioratius
476 3555 699 3669 poetamrpdliquem,
733 3606 782 3653 tilii
810 3607 850 3668 (v.
874 3605 1018 3666 att-476)
1043 3556 1151 3653 audireris
1176 3605 1290 3666 plurima,

142 3671 176 3720 sic
186 3670 254 3783 gemae
265 3670 406 3719 sentientem
417 3669 483 3718 etsie
493 3669 542 3716 lere
552 3667 699 3732 loquentem,
731 3671 813 3731 quibus
825 3671 945 3731 scriptores
959 3671 1048 3717 obnoes'i
1061 3677 1125 3723 sunt,
1136 3670 1203 3724 citio,
1216 3671 1290 3716 omni·

141 3749 185 3800 poe
250 3735 355 3799 aliquem
371 3735 412 3798 qui
427 3731 561 3798 pertinebat
575 3731 605 3779 ad
619 3730 701 3780 eosde
732 3733 782 3788 bus,
809 3735 849 3796 qui
871 3734 916 3780 itta
935 3733 1024 3798 fugere
1049 3735 1158 3794 neptune,
1179 3740 1290 3795 tanquam

159 3799 229 3848 uibus
249 3815 304 3866 sup.
325 3799 440 3847 Horatius
460 3795 537 3862 Epist.
554 3795 580 3850 ii,
598 3798 623 3851 2,
642 3796 697 3851 107,
730 3798 856 3858 sumtum,
868 3798 1070 3859 ineradicpcsita.

142 3816 253 3912 darum:
276 3866 397 3911 scribentes
417 3871 439 3910 et
460 3877 482 3909 se
504 3870 652 3916 mouentur,
676 3870 699 3908 et
763 3861 903 3909 trs-eal.
923 3860 955 3908 u:
969 3877 1050 3922 proco,
1063 3867 1120 3910 cett.
1136 3865 1207 3924 poeta
1223 3857 1291 3906 dives

144 3929 216 3986 ultro,
227 3929 252 3976 Si
263 3935 345 3984 tacens,
357 3929 465 3980 undant,
475 3926 584 3989 quicquid
592 3926 700 3986 scripsere
731 3931 889 3974 assentatores
899 3923 961 3972 lucri
971 3921 1083 3989 rapiendi
1091 3937 1134 3987 spe
1142 3921 1173 3968 ad
1181 3936 1207 3970 se
1215 3920 1291 3969 allicit

141 3993 212 4039 beuti.
246 3993 312 4046 Quod
331 3992 466 4038 condidici
485 3990 584 4036 nescire.-
601 4003 655 4054 sup.
673 4005 697 4037 v.
731 3996 755 4037 et
772 3987 864 4044 inritat,
883 3987 957 4036 veluti
973 4002 1060 4052 preco,
1081 3987 1122 4050 qui
1142 3992 1243 4034 emtores
1259 3984 1290 4032 ad

140 4056 182 4111 88,
198 4073 269 4118 proce
279 4057 367 4118 prsdm
374 4053 470 4110 dicitur,
478 4051 519 4117 qui
532 4056 615 4101 nescire
626 4067 700 4118 quam
732 4065 824 4102 merces
833 4051 946 4101 emendes
955 4049 1057 4110 invitat;
1079 4049 1126 4106 vel,
1135 4047 1290 4113 quemadmo-

142 4121 228 4167 discere
238 4118 330 4183 aliquid
342 4116 419 4166 molit.
733 4116 789 4165 dum
799 4132 886 4182 preco,
896 4115 930 4164 ita
935 4115 1001 4163 dives
1010 4121 1087 4180 poeta,
1097 4122 1155 4162 cett.
1173 4113 1230 4161 Non
1238 4127 1291 4162 raro

174 4185 231 4231 417.
250 4183 353 4231 Scabies:
377 4182 429 4230 haec
452 4196 497 4229 vox
519 4179 591 4229 brisso
608 4180 702 4228 videtur
733 4181 797 4229 enim
849 4183 939 4237 tricet,
948 4189 985 4235 ut,
994 4176 1112 4245 particula
1120 4180 1155 4226 ita
1165 4175 1290 4233 omittitur,

140 4246 301 4322 opprobrium,
313 4263 362 4312 quo
373 4245 440 4311 pueri
455 4243 572 4294 cunendo
584 4253 701 4294 certantes
733 4253 760 4294 ut
777 4245 821 4293 in.
836 4261 860 4293 v.
877 4246 939 4293 455:
957 4245 990 4292 ei.
1007 4243 1131 4292 Drakenb.
1148 4240 1179 4289 ad
1191 4240 1244 4288 Liv.
1255 4240 1289 4298 ir,

141 4328 172 4366 es,
191 4311 234 4375 qui
251 4311 352 4360 ultimus
371 4309 401 4358 ad
422 4315 509 4358 metam
525 4317 631 4367 venerat,
651 4322 700 4357 rem
736 4312 774 4367 17,
792 4310 844 4372 §4,
864 4314 889 4355 et
906 4308 986 4366 xxxiv,
1004 4309 1029 4363 9,
1048 4323 1073 4372 p.
1095 4308 1135 4354 10.
1162 4305 1247 4353 Positis
1264 4307 1291 4353 in

140 4376 229 4426 malem
248 4375 454 4441 imprecabantur:
472 4371 502 4421 ad
521 4372 631 4422 convicia
649 4389 700 4438 per·
726 4373 819 4440 sonore
836 4374 949 4421 nummis:
967 4371 997 4421 de
1007 4369 1126 4419 locutione
1145 4384 1245 4417 nummos
1264 4371 1291 4416 in

141 4440 201 4490 tinet
220 4443 303 4488 scabies
322 4438 386 4504 apud
406 4437 498 4495 Catuli.
518 4436 584 4493 xlvii,
601 4439 626 4485 2.
654 4437 701 4485 Er·
727 4438 820 4502 sonore
833 4451 926 4500 ponere,
936 4452 987 4502 pro,
998 4435 1083 4484 ioenori
1094 4434 1160 4488 dare,
1172 4431 1226 4480 vide
1236 4447 1290 4495 quae
1309 4478 1312 4483 .

138 4503 237 4552 ‘tremum
254 4511 279 4552 et
295 4505 397 4566 relinqui
417 4502 531 4550 translata
549 4509 605 4550 sunt
623 4517 637 4549 a
651 4516 702 4550 cer·
736 4517 807 4567 supra
817 4501 995 4550 observavimus
1006 4499 1036 4548 ad
1048 4499 1127 4564 Epod.
1138 4500 1163 4554 2,
1174 4511 1235 4547 vers.
1246 4495 1293 4543 ult.
