3150 5200
715 333 1013 461 oraminum

550 515 589 578 ln
604 523 697 598 parte
713 523 871 597 regnanto
887 512 995 575 beati:

441 617 483 680 40
571 616 661 680 Dum
678 615 798 678 Priami
816 612 1010 696 Paridisque
1025 615 1125 677 busto

508 717 647 782 Insultet
661 727 852 791 artnentum,
868 725 902 778 et
916 713 1042 778 catulos
1057 714 1136 779 ferae

508 820 624 884 Celent
639 818 767 895 inultae3
793 826 857 880 stet
872 815 1069 900 Capitolium

550 921 704 1006 Fulgens,
721 919 994 1003 triumphatisque
1009 919 1114 1002 possit

594 1023 701 1087 Roma
716 1022 809 1086 ferox
825 1021 904 1084 dare
915 1022 992 1105 jura
1007 1020 1129 1084 Medis.

443 1127 486 1190 45
509 1126 686 1190 Horrenda
699 1124 765 1188 late
780 1146 897 1188 nomen
912 1124 945 1185 in
959 1122 1088 1186 ultimas

509 1227 679 1292 Extendat
694 1248 779 1302 oras,
796 1248 863 1309 que
877 1225 1005 1290 medius
1018 1225 1126 1307 liquor

552 1329 701 1394 Secernit
716 1327 876 1411 Europen
891 1329 934 1391 ab
948 1324 1044 1403 Afro,

594 1432 672 1505 Qua
686 1430 831 1494 tumidus
846 1431 932 1513 rigat
945 1451 1023 1492 arva
1036 1427 1152 1493 Nilus:

509 1531 637 1598 Aurum
651 1533 863 1616 inrepertum,
877 1542 910 1594 et
926 1532 973 1594 sic
987 1530 1102 1594 melius
1118 1531 1226 1607 situm,

446 1635 489 1697 50
510 1634 622 1707 Quum
636 1644 724 1698 terra
739 1632 833 1709 celat,
851 1654 1006 1716 spernere
1021 1631 1146 1708 fortior,

554 1737 663 1810 Quam
679 1758 808 1821 cogere,
823 1735 983 1799 humanos
999 1735 1032 1798 in
1047 1757 1127 1798 usus

595 1838 702 1903 Omne
719 1859 846 1901 sacrum
860 1837 1008 1920 rapiente
1022 1836 1149 1901 dextra.

512 1943 709 2025 Quicunque
724 1939 845 2005 mundo
861 1940 1017 2003 terminus
1032 1939 1170 2014 obstitit,

510 2043 610 2107 Hunc
625 2053 738 2127 tangat
753 2043 862 2119 ermis,
878 2043 982 2106 visere
998 2042 1152 2126 gestiens,

444 2145 486 2208 55
552 2146 630 2218 Qua
644 2158 737 2230 parte
753 2145 997 2210 debacchentur
1012 2146 1116 2229 ignes,

594 2249 673 2323 Qua
687 2247 816 2312 nebulae
830 2246 997 2331 pluviique
1011 2269 1113 2311 rores.

511 2350 579 2414 Sed
593 2350 756 2415 bellicosis
772 2349 841 2413 fata
855 2349 1040 2422 Quiritibus

509 2451 584 2516 Hac
601 2451 674 2536 lege
690 2448 775 2528 dico,
790 2474 831 2515 ne
846 2451 980 2514 nimium
994 2451 1051 2534 pii,

294 2618 362 2674 tiam,
386 2625 403 2647 ‘¹
416 2618 543 2668 dummodo
566 2621 620 2669 loca
644 2621 696 2678 ills,
719 2620 760 2669 ubi
782 2619 856 2684 Troja
888 2619 974 2668 fluens.
1007 2617 1120 2667 Laudant
1129 2617 1189 2666 illud
1201 2617 1286 2666 veteris
1297 2622 1456 2687 poeteepud

294 2682 367 2739 stetit,
385 2683 437 2732 sola
454 2692 479 2731 et
490 2692 558 2732 vasta
575 2692 702 2745 maneant,
719 2686 767 2741 vel,
782 2684 854 2733 dum·
888 2683 942 2732 Cic.
953 2683 984 2732 de
995 2685 1055 2731 Nat.
1064 2682 1183 2739 Deoniii,
1196 2683 1235 2737 10,
1246 2681 1363 2745 Europen
1375 2684 1455 2749 troy-

295 2746 365 2795 modo
385 2763 454 2797 nemo
472 2748 514 2806 ibi,
530 2749 573 2797 ubi
588 2749 663 2815 Troja
678 2750 751 2806 stetit,
768 2763 854 2797 novam
886 2765 967 2811 amque
980 2765 1054 2811 repar
1065 2750 1106 2796 uti
1120 2749 1205 2796 diuidit
1218 2748 1293 2795 eada.
1326 2747 1456 2807 renisus,

295 2812 379 2859 urbem
395 2812 536 2868 moliatur,''
551 2812 647 2878 egregia
660 2813 762 2878 regionis
775 2813 853 2861 incul—
887 2821 944 2877 apte
953 2812 985 2861 de
999 2812 1072 2861 fluvio
1086 2811 1161 2861 nimia
1171 2826 1287 2877 aquaram
1302 2812 1374 2877 copie
1383 2811 1456 2863 intu-

294 2880 362 2947 tselet
375 2876 474 2927 deserte
484 2877 642 2943 descriptione
655 2878 778 2928 exornavit
787 2895 795 2937 3
811 2876 855 2941 qui
886 2885 1016 2933 arescente,
1025 2884 1051 2925 et
1061 2892 1132 2943 snper
1142 2876 1207 2942 ripas
1217 2876 1242 2923 in
1254 2890 1324 2939 agros
1334 2892 1359 2925 se
1369 2876 1456 2927 effun-

296 2954 360 2987 emm
381 2940 406 2989 in
425 2942 496 3005 egris,
514 2942 557 2991 ubi
575 2943 624 2991 alta
642 2942 733 2993 moenia
750 2953 776 2991 et
791 2949 855 2991 tecta
886 2941 966 2991 dente.
999 2940 1120 3005 Derignat
1136 2951 1217 2991 autem
1234 2948 1305 3005 poeta
1321 2948 1407 2999 terras,
1421 2944 1457 2992 sd

295 3011 365 3053 autea
376 3007 513 3071 surgebant,
525 3016 630 3057 annenta
643 3023 720 3057 enare
736 3005 854 3072 conspici·
887 3020 948 3069 quas
964 3022 1041 3071 usque
1052 3015 1103 3054 tam
1114 3005 1227 3071 temporis
1236 3003 1345 3054 victricis
1356 3006 1456 3057 Rome-

290 3076 348 3131 -unt,
357 3078 382 3119 et
392 3070 418 3118 in
428 3070 495 3129 locis,
503 3071 626 3121 hominum
640 3072 773 3138 frequentia
785 3079 857 3121 antea
888 3085 974 3118 norum
987 3085 1053 3119 arma
1068 3077 1257 3136 penetreverant,
1270 3070 1456 3127 remotissimas.

294 3131 435 3193 celebribus,
454 3136 556 3185 leramm
579 3136 683 3186 latibula
705 3136 853 3185 animadver-
885 3134 1037 3183 victoriarum
1047 3135 1164 3200 inprimis,
1176 3150 1237 3199 quas
1251 3149 1282 3182 ex
1293 3134 1418 3200 Hispania
1429 3146 1459 3186 et

293 3204 447 3253 tunt,eorum
459 3201 668 3250 oculisvivasane
680 3200 854 3266 penituserer·
888 3200 921 3247 AE
955 3208 995 3265 pto
1014 3207 1173 3265 reportaverat
1193 3200 1328 3262 Augustus,
1347 3198 1373 3247 in
1394 3200 1457 3265 ejus

293 3274 327 3309 re
339 3264 404 3312 urbis
413 3263 492 3330 imago
504 3266 657 3314 obversatur:
676 3266 709 3314 oi.
718 3264 762 3313 inl.
775 3265 854 3330 Epod.
886 3214 983 3312 taudem
996 3272 1021 3312 et
1035 3263 1135 3327 gloriam
1149 3272 1257 3330 respecto
1272 3262 1363 3311 habito.
1396 3268 1457 3313 Ase-

295 3324 344 3379 ῐνί,
355 3329 385 3376 10
395 3344 448 3403 sqq.
458 3336 483 3378 et
492 3328 592 3379 Mitsclr.
600 3329 630 3377 ad
642 3328 667 3377 b.
679 3330 696 3377 l.
722 3330 778 3378 Jam
788 3345 853 3388 vero,
886 3345 940 3375 rum
949 3331 1101 3391 inrepertum,
1110 3336 1182 3377 cett:
1195 3328 1281 3394 junge,
1304 3330 1378 3375 ortior
1384 3343 1456 3390 sper-

294 3404 351 3437 cum
366 3406 470 3465 marrma
479 3392 629 3467 'contumelia'
642 3393 706 3442 effici
716 3401 856 3459 putarentur
886 3409 940 3439 nere
948 3394 1049 3458 (Graece
1059 3407 1110 3457 pro,
1122 3391 1263 3458 spernendo,
1292 3393 1456 3458 nmspernit)

294 3453 855 3587 tt'trtttt'ttttittttttttt
886 3460 1456 3585 lldlsslilsslblisswfflffi

294 3582 370 3651 June.
386 3590 473 3649 optans
489 3592 517 3633 ut
531 3586 622 3634 Priami
636 3587 774 3650 Paridisque
790 3589 855 3637 tusto
886 3587 912 3633 in
933 3603 989 3634 rure
1013 3586 1136 3644 humanos,
1159 3586 1184 3633 h.
1207 3602 1230 3635 e.
1254 3584 1345 3642 Roma,
1368 3585 1456 3635 lertio-

295 3646 395 3697 lnsultet
412 3660 550 3707 armentum,
563 3666 619 3699 cum
632 3649 658 3698 ia
673 3666 755 3699 omnes
766 3659 856 3701 veteres
889 3665 939 3698 rem
955 3666 981 3699 se
1013 3650 1139 3706 restitum,
1152 3650 1211 3698 dum
1227 3649 1277 3699 auti
1295 3665 1334 3697 uae
1349 3648 1457 3713 frugali·

294 3711 422 3787 Troianos,
439 3720 491 3761 tum
511 3714 536 3762 iu
554 3715 675 3764 Priamum
694 3715 856 3781 Paridemque
888 3714 945 3763 tatis
958 3666 1066 3763 studiosa
1081 3730 1097 3762 s
1110 3714 1245 3763 divitiarum
1259 3666 1457 3778 cdlligendarnm

293 3792 318 3825 rn
356 3777 431 3834 rurali
490 3777 556 3827 verit.
574 3778 613 3845 Sic
621 3780 686 3845 apud
694 3780 854 3845 EuripElec.
888 3778 1020 3844 cupiditate
1042 3779 1121 3828 aliena
1141 3779 1195 3828 erit.
1229 3778 1376 3842 inrepente·
1396 3776 1456 3844 ipse

327 3842 351 3899 7,
363 3792 490 3906 AEgislirb
507 3844 679 3894 contumeliose
689 3844 850 3908 Agamemno·
887 3842 1229 3909 explicatquodterrooetot.
1263 3843 1455 3903 omnem.

293 3905 332 3954 nis
347 3906 418 3955 busto
436 3906 536 3956 insultat
562 3906 691 3974 ὲνθρώσκει
706 3908 802 3974 τάφῳ)ι
821 3911 853 3959 cf.
886 3907 1157 3973 sanctissimaqaeqae.
1189 3908 1370 3972 Talesquoque
1383 3910 1455 3981 apud

294 3971 394 4020 Homer.
412 3969 486 4019 Iliad.
505 3971 537 4030 iv,
575 3973 614 4022 77.
650 3975 737 4031 Celent,
761 3990 796 4022 sc.
819 3973 854 4023 ibi
886 3972 954 4021 Stob.
966 3971 1015 4030 xci,
1028 3989 1053 4038 p.
1064 3974 1122 4028 510,
1134 3972 1219 4028 asad
1232 3972 1306 4029 mals,
1318 3986 1375 4035 qun
1385 3970 1456 4021 dtri·

292 4038 382 4093 inulte,
393 4035 469 4085 nullis
485 4035 609 4086 hominum
625 4037 719 4087 insidiis
732 4036 766 4085 ibi
779 4054 853 4103 expo·
886 4033 972 4085 risum
991 4036 1124 4103 cupiditate
1142 4037 1301 4101 proferuntur,
1322 4035 1456 4102 ssuilegis

294 4100 354 4149 site.
388 4102 527 4150 Postitdore
549 4120 602 4159 uro,
611 4110 660 4151 tarn
669 4113 754 4169 potens
763 4104 814 4160 fiat,
826 4111 854 4151 ut
886 4100 964 4158 refert,
986 4099 1025 4150 διὰ
1046 4100 1137 4166 κέρδος,
1157 4101 1234 4157 aiens,
1256 4098 1308 4165 ἱερὰ
1331 4102 1456 4151 satirae.

290 4163 348 4228 jora
365 4162 423 4225 det;
439 4118 597 4227 ntemplartr,
615 4167 644 4217 de
661 4168 748 4233 quibus
768 4167 851 4216 trium·
885 4164 1013 4222 Homeros,
1025 4166 1144 4230 profanos.

293 4228 407 4293 pharuut.
917 4232 1024 4279 53-60.
1043 4231 1180 4293 Quicunque
1190 4230 1454 4279 maadoterssiaasob·

325 4294 431 4343 45-52.
449 4294 582 4349 Hor-reads,
602 4295 738 4344 fortitudine
758 4310 804 4344 sua
821 4295 851 4343 ti·
884 4296 960 4343 stitit:
979 4294 1118 4360 quicunque
1134 4293 1248 4343 terminos
1262 4292 1315 4341 orbi
1332 4299 1454 4344 temtum

293 4356 396 4416 menda5
412 4364 440 4407 ut
450 4373 505 4423 sup.
516 4358 533 4412 i,
548 4360 615 4414 28,4
631 4361 747 4416 torribilis
760 4360 851 4417 Medos,
885 4357 993 4422 objectus
1005 4367 1050 4418 est,
1062 4359 1087 4406 h.
1098 4374 1120 4406 e.
1132 4374 1285 4422 quecunque
1299 4358 1326 4405 in
1340 4366 1456 4409 exuemo

291 4428 317 4468 et
334 4419 378 4469 inl.
394 4423 446 4469 Sat.
463 4422 489 4477 ii,
513 4425 537 4478 ὃ,
556 4424 588 4470 62
609 4424 735 4471 horrendos
755 4424 852 4473 Pontis
884 4429 999 4472 terrarum
1011 4423 1111 4472 termino
1122 4421 1337 4487 positaestregi03
1353 4432 1456 4487 tanget,

284 4486 389 4557 juvenis.
424 4486 517 4533 Medius
537 4487 620 4549 liquor,
638 4485 744 4550 intellige
764 4488 851 4537 fretum
884 4488 994 4553 attingat.
1028 4488 1082 4542 Qua
1097 4497 1166 4549 parte
1187 4488 1354 4535 ddooeientnr
1371 4489 1454 4551 ignes,

293 4545 450 4605 Gaditanum,
468 4549 574 4598 Africam
592 4550 759 4615 Europamque
777 4551 849 4600 inter·
885 4551 938 4604 Quo
949 4553 1045 4609 amne,
1057 4560 1115 4601 cett.
1127 4551 1257 4615 regionem,
1270 4549 1311 4599 nbi
1328 4559 1372 4599 aut
1387 4552 1454 4602 solis
