3150 5200
576 377 741 443 LIBER
765 378 828 457 IV,
852 381 881 444 5.

586 683 790 750 CARMEN
820 688 863 751 V.

517 881 584 929 AD
623 882 930 933 AUGUSTUlll.

364 1040 467 1104 Dlvls
481 1049 552 1104 orte
565 1041 673 1118 bonis,
687 1043 808 1127 optime
824 1041 974 1108 Romulae

364 1140 485 1206 Custos
499 1143 618 1226 gentis,
634 1145 713 1206 abes
724 1147 793 1227 jam
808 1145 939 1208 nimium
954 1146 1027 1210 diu:

362 1241 531 1308 Maturum
546 1244 686 1308 reditum
701 1244 865 1329 pollicitus
881 1247 1015 1310 Petrum

662 1345 784 1410 Sancto
799 1347 946 1424 concilio,
962 1349 1044 1412 redi.

311 1445 333 1506 5
364 1443 488 1510 Lucem
502 1445 604 1510 redde
620 1456 696 1522 tuse,
714 1447 795 1511 Dux
810 1449 905 1526 bone,
922 1451 1053 1533 patriae:

363 1546 472 1611 Instar
486 1548 584 1613 Veris
599 1550 684 1612 enim
698 1549 807 1613 vultus
822 1552 879 1614 ubi
895 1561 970 1614 tuus

361 1647 519 1726 Adsumit,
535 1650 657 1734 populo
671 1652 795 1734 gratior
809 1653 835 1716 it
850 1652 931 1728 dise,

622 1751 669 1815 Et
684 1751 768 1817 soles
783 1753 897 1818 melius
913 1753 1025 1818 nitent.

362 1851 410 1916 Ut
425 1864 528 1916 mater
537 1855 700 1938 juvenem,
716 1876 813 1936 quem
828 1855 938 1919 Notus
954 1856 1062 1919 invido

300 1954 340 2017 10
360 1954 458 2019 Flatu
473 1955 642 2039 Carpathii
657 1966 746 2019 trans
760 1956 857 2018 maris
873 1978 1004 2039 aequora

143 2103 202 2168 tingi
228 2119 244 2151 s
270 2113 340 2168 poeta
363 2105 441 2169 potnit
461 2105 610 2171 splendidius
630 2114 701 2170 atque
734 2121 782 2154 non
806 2105 961 2171 perfundatur
983 2115 1054 2170 atque
1081 2108 1215 2159 deleniatur
1237 2126 1292 2161 sua·

143 2167 347 2242 magnificentius,
360 2170 447 2242 ..Cure
461 2187 560 2235 angores,
572 2170 661 2234 ingenii
676 2169 701 2218 in
732 2171 843 2218 sissimo!

141 2233 266 2360 altit:
283 2232 702 2363 tilttattarltrttt
734 2235 1293 2372 alst·0⁰33?552⁸,ltztr1,⁸tt:’,tl¹tttl:

141 2360 261 2419 tendunt;
288 2369 357 2408 senta
377 2361 428 2424 jam
451 2362 540 2417 omnia,
560 2377 614 2426 quse
634 2363 703 2410 nobis
734 2361 773 2410 dis
786 2363 883 2412 deorum
898 2362 1010 2428 auspicii
1021 2372 1092 2412 natus
1106 2365 1166 2424 es;’'
1179 2365 1258 2414 allatis
1267 2367 1293 2416 in

141 2424 277 2488 perniciosa
290 2425 340 2472 lieri
358 2435 466 2490 possam,
479 2425 603 2490 designare
620 2426 702 2474 viden·
735 2425 798 2476 hanc
816 2427 998 2492 explicationem
1017 2426 1047 2476 iis
1066 2444 1120 2492 qun
1139 2445 1193 2495 sup.
1213 2430 1244 2486 ir,
1267 2433 1293 2488 2,

141 2497 190 2536 tur.
235 2488 276 2536 Sic
297 2487 345 2536 lere
365 2505 397 2555 pu
431 2506 446 2539 a
474 2505 533 2538 auce
584 2501 609 2538 et
629 2490 704 2539 dubia
735 2491 766 2538 37
782 2490 1066 2554 deAugustodicuntur,
1081 2494 1131 2546 Quo
1146 2495 1205 2541 nihil
1220 2499 1294 2556 msp'ns

141 2551 384 2619 Grecisdlrlrdpdv
410 2554 488 2603 icitur.
508 2554 702 2604 C.lt·Iitsch.ad
734 2559 841 2604 meliusve
869 2559 937 2604 terris
965 2555 1025 2605 Fato
1051 2559 1169 2615 dmmvere,
1198 2560 1294 2622 bonique

141 2618 206 2666 hanc
222 2618 337 2682 loquendi
357 2618 472 2667 rationem
491 2620 562 2668 relert
579 2619 608 2668 δι’
622 2621 703 2677 ὀξείας
736 2618 802 2667 Dim'.
836 2620 882 2668 Sed
900 2636 954 2668 curn
971 2632 1036 2669 ortus
1055 2623 1132 2685 aliquo
1150 2622 1243 2671 dicatur
1263 2624 1291 2681 is,

141 2680 253 2746 δραμεῖν,
263 2683 304 2730 lrrl
322 2686 372 2731 τῶν
382 2682 626 2741 drarwdnvsndvrov,
638 2683 703 2748 quod
733 2684 777 2747 qui
794 2684 832 2733 vel
850 2693 919 2733 natus
935 2692 972 2733 est
986 2702 1011 2732 es
1029 2684 1110 2749 aliquo
1126 2687 1163 2735 vel
1178 2686 1292 2750 originem

141 2747 291 2811 proverbium
304 2754 341 2794 est
355 2761 370 2793 s
386 2746 419 2794 ud
431 2748 520 2796 Zenob.
530 2750 602 2798 Cent.
613 2749 648 2804 iii,
663 2750 701 2805 ta,
733 2762 802 2795 suam
820 2751 849 2796 nt
866 2748 947 2812 aliquo
963 2749 1056 2813 repetit,
1073 2760 1099 2798 ut
1115 2766 1188 2799 carm.
1205 2765 1258 2815 sqq.
1268 2768 1292 2799 ιι.

139 2820 166 2858 et
186 2812 228 2859 liri
255 2812 329 2875 ξυροῦ
355 2764 426 2867 sias,
450 2811 514 2877 apud
538 2812 701 2870 'lheocritum,
734 2812 774 2868 ³2,
785 2815 854 2874 pueri
865 2815 935 2860 oloris
945 2816 1081 2874 pareatibus
1095 2818 1149 2871 orti,
1162 2824 1186 2863 et
1197 2831 1252 2880 sup.
1265 2814 1291 2871 ii,

141 2874 238 2931 nito.
736 2876 774 2932 12,
804 2876 845 2932 50,
872 2876 968 2938 Jupiter
989 2878 1090 2925 Saturno
1117 2888 1189 2935 ortus,
1219 2879 1292 2928 Ovld.

734 2939 835 2988 Heroid.
862 2956 901 2995 xx,
924 2942 981 2997 224,
1004 2944 1184 3003 aec-despectis
1205 2960 1293 3007 arguor

319 3005 473 3054 CARMEN
491 3005 524 3054 V.
732 3013 797 3051 ortas
824 3008 872 3053 nnis
885 3023 893 3061 ;
923 3003 961 3051 vix
989 3003 1092 3052 dubitari
1116 3013 1201 3069 potest,
1231 3007 1290 3069 quin

173 3069 237 3117 Cum
249 3068 356 3133 Augusti
366 3069 457 3117 reditus
469 3078 523 3135 post
540 3069 637 3131 longam
647 3066 701 3132 ejus
733 3068 801 3116 Dinis
824 3078 872 3117 orte
888 3070 950 3115 toan
964 3066 1016 3131 jam
1030 3068 1069 3124 sit,
1087 3083 1101 3115 o
1116 3076 1142 3115 tu
1161 3070 1203 3133 qui
1219 3070 1291 3133 origi·

140 3132 273 3181 absentiam
300 3132 363 3196 (rid.
385 3149 440 3199 snp.
520 3149 552 3181 m.
575 3131 606 3180 ad
628 3133 702 3197 hujus
732 3146 786 3179 nem
799 3131 1024 3193 ducisadiisgenti
1044 3132 1161 3180 Romane
1175 3132 1291 3197 propitiis.

140 3196 195 3244 libri
209 3212 282 3245 carm.
295 3196 410 3260 secund.)
429 3198 484 3263 cupi
501 3196 582 3245 issime
599 3198 631 3245 sb
649 3213 700 3245 om·
733 3196 790 3244 Jam
806 3212 860 3245 vero
877 3210 933 3243 cnm
947 3196 1072 3259 Augustus
1089 3195 1291 3262 peradoptionem

139 3259 213 3308 nibus
232 3262 319 3310 Rome
337 3269 524 3325 exspectaretur3
545 3261 659 3309 Horatius
675 3261 700 3309 in
732 3259 757 3307 in
777 3269 872 3324 gentem
890 3259 982 3309 Juliam
1002 3259 1140 3318 transiisset,
1159 3270 1221 3309 recte
1238 3262 1292 3326 ejus

140 3324 187 3373 lroc
205 3324 308 3373 cennins
325 3326 391 3390 pium
409 3324 480 3381 illud,
512 3340 544 3372 no
561 3326 700 3388 Angustum
733 3339 810 3387 genus
833 3339 847 3372 a
870 3324 940 3373 Divis
960 3324 1033 3389 repeti
1058 3333 1158 3389 poterat.
1203 3325 1290 3384 Custos,

140 3402 214 3435 snum
233 3388 366 3463 efflagitaret
384 3390 488 3455 populns
526 3404 639 3445 omanus,
651 3398 701 3437 tarn
734 3388 803 3437 Deus
820 3388 948 3443 Tutelaris,
966 3398 994 3436 ut
1009 3405 1063 3501 supi
1075 3388 1092 3445 i,
1111 3390 1152 3444 28,
1165 3390 1205 3446 29,
1223 3391 1291 3457 Nep·

140 3451 211 3498 molli
226 3452 297 3500 animi
313 3454 400 3502 affectu
417 3454 532 3519 expressit
548 3452 700 3512 desiderium,
735 3460 807 3501 tunus
819 3462 892 3501 custos
903 3453 1007 3501 Tarenti.

137 3524 168 3563 ut
176 3516 241 3564 haud
252 3517 334 3574 sciam,
342 3534 373 3565 an
384 3518 462 3565 ullum
473 3532 568 3567 carmen
580 3515 701 3574 cecinerit,
734 3518 830 3573 mulce,
842 3526 871 3565 nt
885 3516 928 3565 int.
940 3518 1020 3566 Carm.
1032 3518 1119 3567 Secnl.
1133 3518 1174 3575 47,
1186 3525 1211 3566 et
1223 3518 1291 3581 virg.

137 3580 204 3643 quod
219 3581 331 3645 Augusto
347 3582 454 3637 sutrim,
471 3580 576 3637 dulcius,
588 3590 612 3630 et
628 3596 701 3647 ssop-
735 3584 797 3629 AEn.
808 3582 841 3637 vi,
854 3582 911 3631 stt.
944 3582 997 3629 Jnm
1017 3584 1114 3629 nimium
1128 3584 1178 3637 din,
1192 3582 1290 3646 Angus-

139 3644 212 3693 tatius
230 3644 338 3695 accidere
355 3654 443 3711 posset.
476 3646 533 3694 Non
546 3646 610 3694 enim
623 3644 648 3692 in
659 3646 701 3694 de·
733 3654 773 3693 tus
789 3646 854 3694 enim
872 3661 936 3701 cum,
952 3645 1089 3710 Sygambris
1104 3645 1239 3703 debellatis,
1254 3662 1290 3697 re·

136 3708 227 3767 siderii,
240 3709 387 3758 suavissimis
397 3710 543 3773 imaginibus
553 3709 698 3767 adumbrati,
730 3711 776 3757 bns
786 3725 881 3785 quoque
893 3710 918 3758 in
930 3708 1049 3775 Hispania
1059 3718 1083 3758 et
1093 3710 1177 3759 Gallia
1194 3726 1290 3776 compo·

137 3771 295 3839 descriptione
318 3773 446 3839 acquievit,
468 3773 510 3823 sed
533 3774 587 3838 ejus
612 3788 699 3822 censes
731 3773 817 3823 nendrs
833 3790 928 3839 operam
946 3773 1020 3829 daret,
1036 3782 1084 3823 tres
1099 3775 1171 3823 terme
1187 3775 1291 3839 integros

136 3852 233 3901 quoqne
246 3837 425 3888 honestissimas
441 3838 611 3904 sciteaperuit.
646 3840 698 3887 Ro·
731 3854 807 3886 annos
816 3838 866 3902 jam
880 3839 958 3886 Roma
969 3838 1058 3886 abluit:
1076 3837 1125 3887 vid.
1135 3854 1189 3904 sup.
1198 3854 1290 3903 argum.

136 3916 222 3949 manos
233 3917 319 3967 nempe
331 3903 391 3953 bene
407 3904 493 3952 sentire
504 3904 546 3958 ait,
561 3904 698 3966 Augustum
731 3902 842 3961 adiv‚2.
877 3903 999 3949 Pollicitus
1019 3903 1119 3951 Petram
1138 3903 1221 3949 Sancto
1236 3920 1289 3951 con·

135 3980 199 4023 esse,
221 3965 261 4014 cui
285 3980 412 4024 summam,
432 3982 480 4031 que
499 3982 562 4015 nunc
580 3967 697 4024 truantur,
729 3968 800 4022 citio,-
822 3965 847 4013 in
860 3968 948 4014 Senatu
960 3964 1040 4029 igitur,
1052 3973 1180 4029 antequem
1191 3964 1222 4012 ab
1233 3965 1290 4014 urbs

1063 3455 1152 3509 mule,
1167 3469 1217 3518 pro.
1237 3455 1290 3503 Ro·

136 4028 275 4079 felicitatem
299 4029 410 4089 debeant,
430 4031 536 4097 adeoque
558 4040 626 4079 tanta
643 4045 699 4093 erga
731 4028 917 4093 proficisceretur
928 4036 1066 4086 convocato,
1078 4045 1144 4094 spem
1156 4028 1291 4077 maturioris
1367 4034 1372 4042 '

136 4092 205 4141 illum
224 4094 311 4158 pietate
326 4093 359 4141 im
377 4096 437 4143 letos
454 4110 514 4152 esse,
531 4103 559 4144 ut
572 4111 628 4144 eum
646 4102 699 4142 tnn-
731 4092 819 4142 reditus
842 4092 925 4141 iecisse
946 4091 1053 4141 videtur:
1083 4103 1160 4141 sanem
1179 4092 1238 4142 reler
1259 4093 1290 4141 nd

135 4173 211 4221 quarn
240 4158 320 4206 Deum
345 4110 482 4209 listelsrem
507 4160 589 4208 divino
611 4158 699 4207 honore
731 4156 888 4205 venerabilem
901 4164 1036 4204 senatorum
1045 4155 1194 4219 dignitatem.
1219 4156 1289 4205 Redi:

136 4230 319 4286 prosequantur,
330 4223 391 4271 etin
402 4223 455 4298 ejus
468 4224 630 4273 incolumitate
646 4222 698 4271 leli·
731 4221 756 4268 in
767 4236 816 4268 una
831 4222 875 4268 lrac
887 4236 945 4269 voce
958 4220 1028 4268 cardo
1043 4220 1112 4284 quasi
1127 4220 1200 4268 totius
1216 4220 1291 4285 hujus

79 4290 90 4309 ⁸
134 4286 217 4334 citatis
238 4302 289 4334 sun
310 4286 497 4337 incolumrtatem
517 4296 614 4353 ponant.
655 4288 700 4335 Est
731 4285 843 4333 carminis
854 4284 960 4333 vertitur.

135 4359 218 4399 antem
238 4349 283 4399 hoc
306 4366 402 4400 carmen
424 4352 458 4401 its
480 4361 650 4417 comparatum,
671 4360 699 4400 nt
763 4352 836 4398 5-8.
861 4350 944 4399 Lucem
963 4350 1031 4397 redde
1051 4358 1095 4397 tae
1113 4352 1204 4411 patrie,
1225 4348 1250 4397 h.
1268 4364 1291 4398 e.

136 4416 258 4463 neminem
276 4414 346 4463 facile
364 4416 475 4481 reperias,
491 4415 533 4480 qui
553 4416 699 4464 mollissimis
731 4414 820 4463 civium
835 4422 928 4462 tuorum
944 4413 974 4461 de
991 4413 1099 4462 absentia
1115 4422 1156 4461 tua
1173 4413 1291 4462 tristitiam

134 4478 190 4542 ejus
213 4479 339 4527 sententiis
359 4488 383 4527 et
404 4480 516 4536 numeris,
539 4480 628 4544 placidi
654 4479 699 4527 rivi
731 4477 823 4527 reditus
835 4487 898 4535 tuus,
910 4478 977 4527 velut
985 4478 1021 4525 sol
1035 4479 1152 4534 tenebras,
1163 4477 1291 4544 dispellat3

102 4607 109 4615 „
134 4542 211 4592 instar
221 4542 361 4593 dulcissimo
367 4559 426 4593 sono
434 4543 620 4600 decurrentibus,
628 4559 699 4593 sensu
732 4559 774 4607 pro
794 4542 895 4608 vulgari,
912 4542 968 4592 veni
982 4550 1006 4591 et
1016 4542 1080 4591 cives
1090 4551 1151 4601 tuos,
1164 4541 1194 4591 de
1206 4544 1291 4593 absen-
