3150 5200
710 352 1007 421 CARMINUM

497 513 615 577 Forma
630 486 766 594 daptivae
780 508 945 572 dominum
958 505 1164 569 Tecmessae:

498 612 591 677 Arsit
606 610 741 676 Atrides
756 609 864 673 medio
878 610 912 671 in
927 605 1092 691 triumpho

885 709 1023 794 Virgine
1037 716 1142 791 rapta,

499 818 655 882 Barbarae
670 827 843 901 postquam
856 812 1003 877 cecidere
1018 820 1133 873 turmoe

436 922 476 983 10
498 918 659 985 Thessalo
674 919 808 992 victore,
823 925 858 980 et
872 914 1019 977 ademtus
1034 910 1162 975 Hector

499 1022 653 1087 Tradidit
668 1020 763 1084 sessis
776 1017 899 1082 leviora
913 1014 982 1079 tolli

885 1117 1045 1200 Pergama
1059 1113 1182 1176 Graiis.

498 1223 651 1300 Neseias,
667 1245 708 1287 an
722 1232 754 1285 te
770 1240 925 1305 generum
938 1217 1027 1281 beati

502 1324 662 1408 Phyllidis
676 1324 768 1387 flavae
784 1322 940 1386 decorent
953 1328 1124 1403 parentes:

438 1425 479 1488 15
502 1424 644 1510 Regium
659 1436 747 1490 certe
763 1444 867 1508 genus
882 1430 916 1485 et
931 1420 1072 1484 Penates

884 1520 1008 1586 Moeret
1023 1521 1161 1603 iniquos,

501 1629 609 1693 Crede
623 1649 688 1691 non
701 1626 787 1690 illam
802 1625 863 1689 tibi
878 1624 919 1688 de
936 1622 1073 1687 scelesta

502 1729 605 1794 Plebe
620 1727 788 1804 dilectam3
813 1748 919 1809 neque
934 1726 981 1791 sio
995 1723 1136 1797 fidelem,

500 1831 554 1895 Sie
569 1829 660 1893 lucro
673 1850 829 1905 aversam,
844 1828 991 1911 potuisse
1005 1825 1096 1889 nasci

437 1933 481 1993 20
891 1927 1000 1992 Matre
1013 1925 1178 2011 pudenda.

498 2032 640 2096 Brachia
654 2042 687 2095 et
703 2030 826 2094 vultum
841 2039 1025 2113 teretesque
1041 2048 1134 2092 suras

500 2134 632 2220 integer
647 2134 762 2197 laudo:
786 2132 865 2215 fuge
881 2132 1051 2215 suspicari,

502 2235 605 2319 Cujus
620 2246 769 2301 octavum
784 2233 959 2316 trepidavit
974 2241 1053 2296 oetas

888 2332 1050 2397 Claudere
1064 2332 1211 2395 lustrum.

282 2540 320 2585 dio
340 2540 365 2584 in
385 2538 509 2599 triumpho,
526 2534 551 2583 in
571 2536 622 2602 ipso
640 2538 719 2604 Trojae
741 2538 843 2594 excidio,
911 2538 1016 2586 13—20.
1035 2536 1136 2592 Nescio,
1153 2554 1193 2590 ars,
1212 2548 1255 2600 pro
1273 2530 1376 2595 vulgari,
1393 2530 1442 2579 ior-

284 2618 340 2650 cum
363 2602 437 2651 victor
461 2602 543 2649 urbem
567 2601 742 2665 ingrederetur:
761 2619 845 2652 vocem
876 2611 949 2652 tasse.
983 2603 1060 2659 Beati,
1081 2610 1196 2667 potentes,
1216 2596 1318 2647 nobiles.
1351 2596 1441 2652 fava,

283 2667 414 2738 triumphas
436 2666 508 2730 paulo
528 2665 643 2714 audacius
664 2666 696 2715 ad
716 2665 845 2729 gloriosum
877 2667 993 2732 pulchra,
1011 2681 1026 2713 a
1043 2675 1110 2740 parte
1125 2661 1311 2730 pulchritudinis
1329 2659 1355 2708 in
1372 2660 1443 2708 flavis

283 2737 378 2777 vrctons
394 2745 419 2776 ιιι
433 2730 516 2777 urbem
532 2738 693 2793 expugnatam
711 2731 845 2794 ingressum
877 2731 983 2780 crinibus
1004 2739 1096 2794 positas.
1142 2729 1172 2776 Ta
1191 2744 1303 2793 generum
1324 2727 1442 2780 decorent,

283 2792 414 2840 uanstulit.
451 2795 546 2856 Virgine
564 2805 642 2856 rapta,
653 2803 725 2860 capta
739 2795 844 2842 Cassan-
877 2795 999 2844 honorate
1014 2809 1128 2858 generum
1142 2800 1228 2842 ornent
1243 2799 1315 2855 atque
1328 2795 1443 2837 mactent.

282 2855 332 2928 dra.
367 2857 477 2930 Barbara
492 2859 703 2923 tarmoe,Phrygiae
721 2858 770 2908 sive
785 2861 844 2907 Tro·
877 2859 970 2923 iniquos
980 2859 1040 2907 refer
1051 2859 1082 2906 ad
1093 2859 1200 2922 iniquam
1211 2864 1237 2905 et
1251 2855 1300 2903 in'
1335 2868 1376 2900 am
1390 2867 1443 2900 sor-

280 2935 347 2982 Janae
362 2935 452 2984 cop1ae;
470 2923 581 2970 barbaros
595 2930 618 2971 et
632 2925 765 2972 barbaricas
782 2939 846 2989 sape
876 2931 933 2980 tem,
946 2938 994 2986 qua
1014 2922 1137 2971 nobilioris
1152 2921 1230 2986 gantis
1248 2919 1329 2984 puels
1343 2917 1375 2964 sd
1391 2931 1443 2965 sar·

286 2985 351 3058 alud
362 2993 506 3060 poetaslpro
520 2986 653 3050 Phrygias:
671 2987 720 3036 vid.
732 2987 805 3036 Ceni-
815 2987 846 3036 ad
875 2987 948 3036 vilem
959 2987 1120 3036 conditionem
1127 2984 1224 3035 detrusa
1232 2985 1318 3032 iuerat.
1332 2982 1443 3036 Scelesta,

311 3065 354 3113 ug.
367 3051 427 3098 AEn.
439 3066 464 3106 n,
476 3052 534 3103 504,
548 3057 572 3099 et
587 3066 648 3114 quos
663 3050 752 3101 ibidem
764 3051 846 3101 laudat
877 3052 908 3100 ad
918 3053 983 3115 quod
1001 3067 1032 3100 ue
1046 3051 1126 3099 scelus
1136 3047 1317 3115 perpetrandum
1331 3045 1443 3111 proclivi,

283 3112 446 3163 Burmannus.
488 3113 592 3162 Thessalo
618 3117 711 3172 victore,
739 3115 845 3179 intellige
877 3113 994 3169 infimas
1007 3115 1081 3180 jecta.
1115 3112 1384 3168 Padsadainhonasta,
1397 3125 1443 3158 en-

283 3177 440 3252 Achillemta
455 3178 527 3226 eu'us
543 3177 689 3236 fortitudine,
700 3193 748 3242 qua
759 3188 846 3260 prater
875 3179 918 3242 jus
928 3195 979 3227 sors
989 3186 1014 3228 et
1024 3179 1130 3227 conditio
1143 3177 1204 3244 proli
1217 3185 1255 3226 est
1268 3175 1354 3242 pudori
1364 3182 1390 3224 et
1399 3173 1444 3223 de·

282 3241 370 3290 multos
387 3243 447 3290 ahos
492 3249 603 3298 ectomm,
621 3257 742 3290 summum
762 3243 844 3291 sro'a·
877 3243 967 3292 decori.

283 3303 708 3417 ndu
727 3259 846 3420 enit
877 3299 1444 3420 inmansueta,

282 3431 400 3486 sublatus,
418 3431 521 3479 occisus.
558 3431 737 3488 habrotoni,
759 3433 846 3483 Graece
878 3435 968 3484 tunicis
980 3388 1045 3491 aibas,
1056 3436 1083 3484 in
1098 3386 1343 3484 oculospincurrebat.
1376 3429 1443 3478 ists·

282 3509 334 3559 pro,
347 3493 378 3542 ad
397 3492 539 3549 tollendum,
556 3502 583 3542 ut
601 3495 721 3544 levioreo
752 3512 777 3546 ra
793 3498 846 3546 tolli
894 3500 1016 3556 momnis
1032 3500 1119 3548 amoris
1132 3499 1268 3564 expers‚ab
1284 3495 1444 3544 omniamore

282 3565 394 3622 possem:
414 3558 550 3631 obversatus
568 3559 667 3632 libratio
685 3559 707 3609 vi
722 3569 777 3634 'etur
794 3562 845 3610 Ho·
876 3515 940 3611 iiber
958 3572 982 3612 et
992 3579 1098 3623 vacuus3
1115 3579 1167 3619 nos,
1184 3561 1342 3626 unbesangeu,
1354 3567 1383 3606 ut
1398 3557 1443 3606 ini.

282 3636 370 3704 merus,
386 3621 516 3700 ubrqllrad.
535 3638 600 3678 xxiv,
617 3625 674 3680 24³,
687 3625 798 3673 Priamus
815 3625 845 3674 ad
878 3627 913 3682 iii,
925 3628 950 3682 7,
962 3629 1003 3676 2³.
1036 3629 1103 3692 Fage
1116 3628 1239 3688 mspioari,
1250 3641 1286 3674 so.
1301 3639 1340 3672 ms
1355 3623 1401 3671 tibi
1416 3622 1443 3670 in

286 3685 416 3748 frojanosr
440 3685 551 3750 Ρηΐτιροι
562 3687 609 3752 γὰρ
637 3690 717 3738 ἄλλον
732 3688 761 3739 'A
782 3693 844 3739 arai·
878 3691 924 3740 hoe
942 3706 1021 3741 amors
1040 3691 1224 3749 essentialem
1244 3691 1318 3752 Cujus
1335 3698 1444 3736 octavam

282 3767 324 3798 σιν
335 3747 365 3808 ὃν)
376 3749 466 3824 losada,
477 3751 567 3801 Keivov
579 3767 604 3800 rs
622 3755 727 3812 νηῶτος.
762 3708 843 3827 iana,
878 3759 1003 3817 trepidavit
1018 3757 1197 3805 atasClaudera
1212 3750 1376 3815 lastmm,qui
1390 3751 1444 3815 jam

282 3829 318 3926 ιὲ
322 3813 403 3925 1belloi
407 3829 438 3928 63
449 3813 531 3864 decem
547 3829 622 3864 annos
633 3824 739 3872 extracto
750 3833 757 3867 ι
775 3819 799 3866 V
801 3835 844 3884 rrg.
876 3819 1036 3932 {luadmginta
1046 3836 1122 3870 annos
1133 3829 1204 3869 natus
1215 3833 1285 3867 sum:
1304 3818 1442 3879 trepidavit,

339 3895 380 3935 .u,
441 3911 447 3926 .
887 3884 1008 3934 adnavit.
