3150 5200
272 340 338 404 396
685 339 1007 407 SATIRARUM

362 490 583 577 Pythagoran,
601 492 773 579 Anytique!
784 519 885 573 reum,
902 497 1099 580 doctumque
1115 495 1283 561 Plutona.¹

362 593 537 658 Peccatum
552 594 667 673 fateor,
683 619 783 681 quum
799 610 832 662 te
848 599 894 661 sic
910 609 1057 682 tempore
1071 598 1155 662 laevo

310 696 330 759 5
363 694 614 781 interpellarim:
640 699 697 761 sed
714 700 772 762 des
788 700 914 763 veniam
928 700 1045 776 bonus,
1059 722 1127 763 oro.

362 797 463 870 Quod
479 800 507 862 si
522 800 723 864 interciderit
738 802 798 865 tibi
814 823 900 865 nunc
914 801 1049 884 aliquid,
1065 812 1195 886 repetes
1210 822 1306 878 mox;

363 898 440 964 Sive
454 912 505 965 est
519 913 644 966 naturae
660 902 734 979 hoc,
751 904 818 966 sive
833 904 924 978 artis,
939 906 1041 967 mirus
1055 914 1205 987 utroque.

362 1000 454 1073 Quin
468 1002 502 1065 id
519 1014 589 1066 erat
604 1026 702 1080 curae,
719 1026 785 1087 quo
800 1014 897 1088 pacto
912 1014 1031 1068 cuncta
1046 1016 1201 1080 tenerem,

362 1102 489 1187 Utpote
504 1126 557 1167 res
572 1116 698 1182 tenues,
714 1107 805 1170 tenui
820 1128 966 1170 sermone
982 1115 1141 1189 peractas.

302 1206 341 1269 10
364 1204 438 1269 Ede
452 1204 591 1269 hominis
606 1228 734 1283 nomen,
751 1205 844 1271 simul
859 1217 904 1283 et,
920 1205 1089 1270 Romanus
1105 1229 1147 1270 an
1161 1206 1294 1291 hospes.

363 1306 441 1392 Ipsa
455 1329 577 1372 memor
592 1319 757 1392 praecepta
772 1330 902 1385 canam3
925 1308 1085 1372 celabitur
1099 1318 1224 1372 auctor.

365 1407 481 1492 Longa
496 1410 615 1493 quibus
631 1410 730 1474 facies
746 1410 815 1474 ovis
830 1410 903 1486 erit,
918 1409 974 1472 ills
987 1419 1159 1485 memento,

364 1508 413 1572 Ut
428 1511 516 1575 succi
529 1512 672 1575 melioris
687 1522 719 1575 et
734 1522 771 1574 ut
785 1512 889 1595 magis
904 1510 986 1574 alma
1002 1511 1162 1587 rotundis,

364 1610 512 1676 Ponere:
537 1634 674 1696 namque
688 1634 807 1677 marem
824 1612 979 1677 cohibent
992 1612 1112 1676 callosa
1125 1612 1278 1676 vitellum.

304 1714 343 1777 15
366 1712 467 1777 Caule
484 1714 683 1791 suburbano,
699 1716 756 1797 qui
771 1714 866 1778 siccis
880 1714 982 1777 crevit
996 1714 1030 1777 in
1045 1715 1144 1799 agris,

278 1898 321 1931 cur
332 1898 387 1931 eum
403 1883 438 1931 its
451 1882 572 1948 appellare
589 1892 664 1949 poete
674 1884 799 1949 placuerit,
812 1884 836 1933 id
868 1884 940 1949 cujus
957 1884 1067 1932 inventor
1084 1882 1219 1933 Simonides
1237 1882 1310 1932 luisse
1327 1881 1429 1930 truditur

278 1962 344 1995 nuuc
364 1946 491 2001 nescimus,
503 1963 547 1996 uec
566 1947 590 1995 id
605 1948 665 1997 scire
681 1948 835 2013 cujusquam,
870 1948 939 2013 (Cic.
949 1948 980 1996 de
991 1949 1088 1997 Inveut
1099 1948 1125 2005 ii,
1139 1948 1195 2011 86).

295 2019 345 2068 uto,
369 2011 462 2061 Horatii
488 2010 583 2061 lectoris
606 2012 709 2061 multum
730 2012 836 2062 interest.
902 2014 926 2068 Β,
944 2014 970 2061 9.
992 2014 1057 2066 Quin
1077 2016 1102 2060 id
1129 2022 1179 2060 erat
1201 2029 1271 2067 eure,
1294 2029 1347 2074 quo.
1370 2018 1429 2059 cett.

305 2074 394 2124 oratius
406 2075 469 2124 enim
485 2076 546 2123 hanc
563 2076 659 2125 satiram
673 2076 775 2142 scripsit,
787 2093 835 2125 non
867 2078 927 2140 quin
948 2076 993 2124 hoc
1012 2076 1091 2142 ipsum
1105 2075 1156 2140 jem
1172 2078 1281 2140 agebam,
1303 2084 1332 2123 ut
1347 2074 1430 2122 omnis

278 2146 306 2186 ut
317 2139 423 2194 Catium,
436 2139 478 2188 sed
490 2148 517 2188 ut
532 2140 640 2189 homines
658 2141 729 2190 Catio
746 2141 837 2190 similes
868 2139 926 2188 mihi
937 2140 1025 2189 tradita
1042 2149 1162 2206 precepta
1176 2140 1274 2188 memori
1290 2139 1372 2187 animo
1391 2154 1429 2187 re-

278 2202 373 2252 sideret.
406 2204 712 2254 AmicissimusMsusoin
728 2205 836 2254 libmin·
870 2220 989 2269 ponerem.
1030 2206 1075 2253 ltes
1090 2215 1175 2261 tornes,
1188 2204 1296 2259 subtiles,
1308 2201 1430 2251 subtiliter

278 2267 374 2334 scripto,
391 2268 510 2333 Schriften
529 2272 578 2317 und
597 2271 789 2334 abhandlungen,
811 2286 835 2334 p.
867 2268 1030 2331 excogitatam
1048 2270 1083 2317 sic
1103 2286 1126 2316 v.
1142 2270 1183 2324 36,
1200 2271 1275 2315 tenuis
1290 2270 1352 2316 sntio
1362 2283 1428 2327 sapo-

278 2333 319 2388 59,
343 2333 368 2379 in
393 2333 459 2380 Catio
481 2334 577 2383 fortasse
599 2334 708 2388 Maiiam,
730 2333 836 2399 equitem
867 2350 919 2380 riom
930 2350 939 2391 ‚·
964 2332 1008 2380 inl.
1031 2332 1108 2398 Epist.
1128 2332 1159 2380 sd
1178 2332 1228 2381 Pis.
1248 2334 1288 2388 te,
1308 2332 1338 2380 Ιιι
1355 2333 1429 2379 verbis

279 2395 418 2445 Romanum
437 2406 461 2445 et
478 2412 503 2445 re
522 2397 661 2463 coquinaria
678 2396 782 2445 nobilem
800 2398 835 2445 la·
868 2399 936 2445 etiam
955 2400 1031 2445 tenuis
1047 2408 1173 2459 cantamus
1184 2394 1298 2444 serendis:
1316 2396 1430 2459 exempla

278 2466 326 2507 tere
337 2460 488 2524 suspicatum
506 2474 568 2511 certe
586 2462 638 2509 baec
654 2462 758 2527 suspicio
769 2471 835 2511 cete-
870 2460 1038 2516 Ciceroniana,
1051 2461 1093 2509 ubi
1105 2464 1180 2510 tenuis
1190 2476 1241 2526 pro,
1252 2460 1348 2507 subtilis
1358 2460 1429 2524 poui-

279 2522 319 2579 ris,
343 2539 396 2586 quae
420 2525 450 2571 ab
471 2524 638 2590 interpretibus
664 2525 745 2574 allatae
770 2536 834 2584 sunt,
868 2535 915 2582 tur,
926 2524 976 2573 vid.
986 2525 1012 2572 in
1022 2526 1117 2574 Emest.
1129 2526 1200 2574 Clas.
1210 2525 1290 2573 Cius.
1300 2540 1325 2573 v.
1333 2524 1429 2571 Tenuis.

278 2587 424 2650 preferenda
434 2586 536 2638 videtur.
871 2592 989 2645 Peracto»,
1001 2588 1107 2647 traditas,
1118 2589 1245 2655 expositas.

315 2654 336 2706 l,
349 2653 373 2699 2.
395 2653 470 2708 Unde,
481 2663 503 2700 et
513 2671 556 2716 qno
568 2654 781 2718 Catiasivulgaris
792 2655 835 2702 ob·
903 2657 943 2702 10.
965 2657 1077 2710 Hominis,
1096 2670 1131 2702 sc.
1149 2654 1212 2719 apud
1232 2669 1303 2717 quem
1323 2651 1429 2700 resilire

279 2713 329 2762 vios
346 2715 484 2780 alloquendi
503 2716 615 2764 lormuls:
650 2733 704 2782 sup.
716 2723 766 2766 Set.
779 2719 797 2774 i,
809 2721 834 2773 9,
868 2719 967 2767 subtiles
978 2725 1085 2767 tractate
1097 2727 1161 2766 suut.

279 2779 320 2836 62,
336 2780 402 2828 Unde
420 2783 490 2836 uenis,
507 2790 527 2826 et
548 2797 591 2842 quo
607 2784 695 2829 tendis?
723 2782 837 2830 Similiter
902 2785 941 2831 ll.
967 2785 1088 2830 celabitur
1105 2794 1202 2830 ructor:
1224 2780 1280 2845 quis
1296 2780 1369 2829 luerit
1384 2779 1429 2829 ille

279 2843 326 2892 fere
339 2844 456 2907 Virgilius
471 2844 590 2894 exorditur
606 2844 721 2908 Eclogam
740 2861 837 2901 nonam,
869 2847 941 2912 cujus
960 2862 1047 2895 nomen
1069 2855 1140 2911 poeta
1155 2845 1246 2902 reticet,
1263 2845 1303 2892 vir
1325 2845 1430 2907 eosqui

280 2907 332 2962 Quo
351 2918 380 2964 te,
402 2909 479 2964 lllaeri,
499 2911 581 2971 pedes?
597 2926 637 2964 nn,
651 2927 694 2971 quo
708 2913 746 2957 uin
762 2912 837 2965 ducit,
871 2920 920 2960 turn
936 2910 1048 2960 virebant
1059 2911 1130 2958 latere
1142 2909 1228 2975 potuit.
1262 2909 1319 2956 Fuit
1329 2909 1430 2956 lomsse

279 2975 304 3020 ia
324 2977 421 3022 arboni
455 2973 507 3021 Noa
527 2983 559 3021 est
576 2974 632 3020 mili
652 2983 739 3034 tempus
757 2977 835 3021 ruenti
866 2974 1011 3039 virquidam
1027 2975 1137 3029 nobilior,
1150 2974 1221 3038 eujus
1238 2971 1296 3020 iram
1307 2981 1431 3021 contrase

280 3037 367 3086 Ponere
385 3041 451 3102 signa
469 3041 531 3086 nouis
546 3040 677 3100 preceptis.-
693 3035 743 3102 jam
755 3048 835 3086 tecum
867 3039 958 3087 irritare
970 3039 1056 3086 uoluit.
1089 3039 1201 3088 Cetemm
1216 3038 1254 3086 bie
1270 3037 1322 3110 ipse
1332 3036 1430 3085 subtilis

279 3101 450 3151 confabulandi
461 3101 526 3151 deest
537 3101 648 3149 mihitem
666 3117 704 3156 us,
713 3101 835 3150 festinanti
867 3118 977 3169 saporum
994 3102 1069 3167 judex
1086 3111 1112 3151 et
1129 3100 1348 3167 experientissimus
1366 3117 1430 3166 prse-

279 3165 372 3215 scilicet
383 3183 451 3223 nova,
464 3183 520 3230 que
532 3165 602 3213 modo
617 3119 706 3220 aulivi,
718 3175 840 3231 praecepta
870 3169 1010 3217 stantiomm
1018 3167 1144 3232 epularum
1156 3167 1285 3214 estimatur
1296 3173 1369 3228 atque
1377 3181 1430 3213 ma·

278 3231 419 3293 consignare
440 3229 532 3278 litteris.
578 3229 663 3278 Ponere
681 3233 758 3294 sigan,
782 3246 839 3278 cum
871 3231 943 3294 gister
961 3231 1016 3280 huic
1032 3229 1165 3279 nubendo
1175 3231 1358 3278 satiraeomnem
1376 3245 1430 3277 ms·

278 3293 383 3348 delectu,
404 3303 431 3342 ut
447 3293 549 3347 videtur,
567 3307 608 3357 pro
633 3294 735 3358 vulgari,
754 3294 837 3342 litteris
869 3296 950 3344 teriem
962 3294 1126 3361 suppeditasse
1138 3294 1238 3343 videtur.

279 3357 400 3406 mandare.
439 3358 503 3405 Nove
518 3367 628 3419 praecepta
647 3361 801 3408 versabantur
811 3358 837 3407 iu
873 3378 875 3383 ·
904 3361 995 3416 1213.
1013 3361 1094 3424 Longa
1112 3359 1281 3424 quiduis-thebe
1297 3360 1353 3414 orie,
1371 3367 1431 3407 cett.

278 3419 425 3484 designando
445 3437 530 3478 rerum,
547 3437 560 3469 e
579 3422 667 3485 quibus
678 3423 748 3471 laute
759 3422 837 3488 epulae
870 3423 933 3472 Satis
949 3432 1051 3480 constet,
1072 3424 1097 3471 in
1118 3422 1196 3482 crenis
1217 3422 1281 3487 apud
1304 3423 1431 3471 Romanos

279 3493 423 3548 pararentur,
443 3485 522 3542 modo,
541 3484 579 3534 vel
598 3502 716 3543 mensura,
766 3486 838 3536 ndere
869 3488 972 3552 primum
985 3504 1026 3535 oon
1041 3495 1067 3535 et
1083 3498 1225 3552 postremum
1241 3487 1303 3533 mo
1319 3487 1431 3598 {pposita

278 3555 335 3596 cett.
345 3550 377 3596 iu
386 3550 493 3613 quidem,
503 3561 531 3599 ut
542 3551 610 3617 plura
622 3551 720 3600 tortasse
749 3551 836 3606 revius,
870 3568 930 3608 esse,
953 3551 1018 3599 unde
1035 3559 1117 3599 natum
1135 3560 1172 3599 est
1190 3551 1251 3598 illud
1267 3566 1324 3614 prov
1368 3551 1430 3605 ium,

277 3615 342 3676 signo
360 3616 522 3664 tautummodo
539 3615 620 3679 aliquo
631 3619 711 3677 posito,
725 3624 834 3664 notaren-
868 3619 952 3663 ebonis
967 3631 1037 3678 mque
1052 3618 1084 3663 nd
1100 3618 1162 3662 nnio
1178 3618 1247 3679 (sup.
1262 3617 1313 3662 Sat.
1324 3613 1342 3668 i,
1355 3616 1430 3675 ³1⁷)-

279 3687 324 3732 tur,
346 3677 380 3726 uti
399 3678 447 3728 lere
466 3679 551 3728 medici
572 3679 646 3727 nostri
668 3679 837 3744 componendis
869 3680 965 3743 Itaque,
993 3678 1034 3743 qui
1058 3695 1122 3728 nunc
1147 3678 1178 3727 de
1205 3679 1283 3743 epulis
1310 3679 1431 3726 subtiliter

279 3740 455 3806 miscendisque
465 3742 661 3792 medicaminibus
667 3747 733 3806 signa
741 3751 833 3792 tantum
867 3743 1014 3792 aestimandis
1024 3751 1095 3808 atque
1105 3742 1268 3807 dijudicandis
1279 3744 1351 3790 verba
1361 3742 1431 3799 lecit,

277 3822 359 3867 poam
378 3807 464 3854 solent.
502 3807 576 3864 Noun,
600 3808 681 3870 qualia
702 3821 717 3854 a
740 3807 835 3857 nemine
868 3817 967 3862 servato,
995 3823 1044 3871 quo
1071 3808 1120 3855 illas
1148 3807 1172 3854 in
1201 3821 1273 3855 coena
1303 3822 1330 3854 se
1363 3804 1430 3854 exci-

280 3870 357 3919 sdhuc
369 3869 489 3937 proposita
498 3880 563 3918 sunt.
868 3887 923 3937 pere
938 3872 1056 3928 solebant,
1068 3871 1161 3924 ordine,
1172 3871 1275 3934 primum
1285 3869 1430 3918 seutentiam

312 3936 336 3983 3.
354 3939 470 4000 Anytique
489 3949 562 3989 reum,
583 3936 719 3993 Socratem
745 3936 837 4000 Anytus
869 3951 936 3983 suam
948 3936 994 3983 tert
1011 3935 1041 3984 de
1057 3939 1114 3983 oab.
1148 3935 1429 4000 (lontnngettircieifflu-

279 4000 341 4047 enim
353 4015 417 4048 unus
428 3998 532 4048 Socratis
543 4007 707 4046 accusatorum
718 3999 773 4048 luit.
871 4001 982 4048 tabantur
997 4007 1023 4049 et
1039 4000 1118 4049 adhuc
1137 4007 1253 4064 putantur
1262 4000 1367 4046 sitellam
1380 4014 1430 4046 ιιια-

312 4067 336 4111 4.
348 4064 422 4120 Laeno,
435 4063 577 4128 importuno.
871 4081 918 4111 rem
939 4063 1060 4113 continere
1072 4063 1136 4127 (vid.
1148 4063 1215 4110 Pliu.
1226 4065 1260 4110 Η.
1270 4064 1304 4111 Ν.
1315 4078 1339 4120 x,
1352 4064 1393 4118 74,
1405 4071 1432 4113 et

312 4130 337 4176 6.
349 4129 506 4184 interemerit,
524 4125 604 4175 animo
615 4125 737 4181 exciderit,
753 4127 837 4174 efflux-
870 4128 1002 4177 Columell.
1013 4127 1063 4182 viii,
1075 4131 1100 4182 5,
1116 4130 1156 4182 ll,
1168 4127 1250 4192 ibique
1262 4126 1395 4188 Gesner.);
1406 4135 1432 4175 et

280 4192 331 4240 erit.
868 4192 928 4256 quie
947 4191 1056 4241 vitellum
1077 4207 1166 4241 marem
1186 4191 1332 4240 circumfluit
1351 4191 1433 4239 resina

313 4259 337 4304 7.
353 4259 404 4305 Siue
424 4266 456 4303 est
478 4265 576 4310 nature,
594 4261 651 4302 cett.
671 4254 721 4302 sive
740 4253 792 4302 haec
813 4253 838 4302 in
869 4256 988 4312 callosior,
1010 4256 1050 4306 vel
1070 4255 1150 4321 liquor
1171 4255 1269 4320 spissior
1284 4264 1310 4303 et
1329 4255 1431 4303 emesior

280 4321 416 4370 memoriam
434 4320 515 4368 audita
533 4317 658 4367 revocandi
679 4317 780 4367 facultas
800 4327 837 4368 est
869 4321 937 4384 (uos,
954 4323 992 4367 ein
1007 4322 1130 4385 gattigter,
1142 4322 1247 4386 steifem
1255 4319 1431 4377 &tomum

280 4401 316 4434 rcs
327 4384 391 4433 insiti
408 4384 451 4432 tibi
466 4382 563 4447 ingenii,
578 4385 624 4430 sine
641 4385 708 4438 ortis,
719 4382 835 4432 exercita·
869 4383 949 4448 longa,
961 4393 989 4432 ut
1003 4385 1107 4433 melioris
1123 4384 1214 4449 saporis
1230 4391 1255 4432 et
1270 4393 1299 4431 ut
1314 4383 1368 4447 plus
1384 4382 1430 4430 ali-

281 4449 361 4503 tionis,
373 4449 454 4505 studii,
470 4458 496 4497 tu
508 4462 566 4495 sane
580 4447 603 4494 in
616 4454 716 4511 utroque
726 4446 835 4496 excellis.
868 4449 942 4497 menti
959 4448 1098 4513 praebentia,
1116 4447 1222 4497 rotundis
1237 4447 1431 4513 praelerebantur.

281 4513 408 4575 cogitasse
419 4513 513 4561 videtur
524 4519 594 4577 poeta
605 4511 634 4559 de
646 4521 695 4560 arte
706 4512 834 4566 memorie,
867 4513 1025 4574 Mngbutmn,
1036 4528 1089 4569 nos,
1101 4515 1164 4561 metr
1178 4514 1292 4567 nithrmd,
1307 4513 1430 4576 antelata.
