3150 5200
316 342 381 403 414
735 343 1059 410 SATIRARUM

403 493 512 559 Uncta
527 496 605 559 satis
620 496 734 579 pingui
748 509 910 581 ponentur
925 498 1073 563 oluscula
1087 500 1201 564 lardo?

335 596 377 657 65
400 595 432 658 0
448 606 560 659 noctes
576 618 744 680 coenaeque
762 599 882 675 Deilni,
899 602 1020 683 quibus
1035 602 1106 685 ipse
1121 604 1252 687 meique

400 693 489 761 Ante
505 697 624 762 Larem
638 701 807 783 propritim
822 722 947 778 vescor,
963 724 1145 787 vernasque
1159 726 1315 788 procaces

400 798 506 863 Prisco
520 798 629 862 libatis
645 800 797 884 dapibus.
844 800 949 867 Prout
962 804 1081 888 cuique
1094 805 1198 870 libido
1212 818 1278 883 est,-

400 899 508 965 Siccat
522 902 698 985 inaequales
714 903 831 968 calices
846 906 980 969 conviva
995 904 1122 969 solutus

400 1002 547 1088 Legibus
562 1005 696 1081 insanis,
713 1028 770 1069 seu
786 1007 859 1089 quis
875 1007 963 1090 capit
976 1008 1065 1071 acria
1079 1006 1173 1072 fortis

335 1104 378 1167 70
399 1103 534 1182 Pocula,
551 1128 609 1170 seu
623 1107 759 1172 modicis
773 1109 897 1172 uvescit
912 1108 1029 1172 laetius.
1075 1109 1169 1194 Ergo

399 1206 513 1272 Sermo
529 1209 631 1271 oritur
645 1230 710 1273 noii
725 1210 767 1273 de
783 1209 865 1273 villis
879 1210 1070 1275 domibusve
1085 1210 1209 1287 alienis,

397 1308 482 1386 Nec,
499 1310 581 1373 male
594 1332 695 1374 necne
711 1310 823 1394 Lepos
839 1310 952 1387 saltet,
975 1312 1045 1388 sed,
1061 1312 1151 1395 quod
1166 1314 1269 1396 magis
1282 1313 1326 1377 atl
1341 1336 1401 1378 nos

399 1409 557 1487 Pertinet,
573 1422 607 1475 et
621 1413 746 1477 nescire
761 1412 880 1475 malum
892 1422 954 1488 est,
969 1414 1147 1497 agitamus:
1170 1426 1322 1479 utrumne

399 1512 531 1575 Divitiis
546 1513 703 1590 homines,
720 1536 761 1577 an
778 1515 843 1577 sint
856 1516 977 1578 virtute
992 1515 1102 1579 beatil

333 1614 376 1677 75
398 1614 529 1686 Quidve
544 1615 586 1677 ad
602 1615 769 1692 amicitias,
786 1636 865 1679 usus
880 1624 1058 1692 rectumne,
1072 1615 1181 1680 trahat
1195 1621 1276 1682 nosl

398 1714 445 1779 Et
460 1738 533 1799 quae
550 1717 592 1779 sit
606 1727 723 1780 natura
737 1718 826 1793 boni,
843 1738 1066 1800 summumque
1081 1718 1161 1800 quid
1175 1718 1270 1801 ejus?

398 1816 538 1881 Cervius.
548 1815 620 1881 liaec
636 1818 719 1882 inter
735 1820 860 1883 vicinus
875 1819 977 1902 garrit
992 1818 1094 1883 aniles

396 1918 452 1981 Ex
466 1941 501 1983 re
516 1919 660 1984 fabellas.
706 1920 741 1983 Si
756 1921 830 2005 quis
845 1943 919 1984 nam
934 1919 1046 1984 laudat
1060 1918 1165 1984 Arelli

396 2019 558 2086 Sollicitas
574 2023 705 2106 ignarus
721 2044 813 2106 opes,
830 2022 876 2087 sic
890 2023 1022 2106 incipit:
1047 2020 1135 2085 Olim

331 2122 375 2185 80
395 2120 553 2189 Rusticus
568 2125 728 2187 urbanum
743 2146 866 2187 murem
881 2146 952 2187 mus
964 2144 1109 2207 paupere
1124 2121 1229 2186 fertur

394 2222 574 2309 Accepisse
589 2248 680 2299 cavo,
695 2236 836 2290 veterem
851 2236 944 2289 vetus
960 2224 1080 2309 hospes
1096 2226 1253 2299 amicum3

394 2323 505 2409 Asper
520 2337 553 2391 et
568 2337 712 2393 attentus
728 2328 884 2411 quaesitis,
901 2337 938 2389 ut
953 2338 1061 2389 tamen
1075 2337 1201 2391 arctum

310 2527 379 2573 livia:
392 2526 506 2577 Horatius
514 2529 631 2591 cogitasse
642 2530 735 2582 videtui
745 2531 774 2579 de
787 2531 866 2584 latha,
900 2528 1022 2578 nonum
1035 2528 1085 2576 siva
1099 2527 1469 2595 moiliniperator(viil.sup.sd
1566 2555 1567 2566 ¹

308 2605 322 2638 e
344 2589 566 2663 quo'advenientss
589 2595 685 2646 Umbras
712 2595 777 2662 apud
799 2594 868 2658 virg.
900 2593 949 2644 Od.
970 2594 987 2652 i,
1008 2595 1033 2648 4,
1056 2592 1110 2655 ta),
1131 2601 1278 2658 compotores
1299 2594 1468 2670 pruciiptuin

310 2655 370 2702 AEn.
382 2670 415 2709 vi,
427 2656 484 2710 714,
502 2673 590 2705 secum
606 2661 683 2708 tarmei
698 2669 720 2708 et
742 2663 811 2724 longa
829 2662 868 2706 ob·
899 2658 1041 2723 cyathorum
1051 2672 1176 2706 numerum
1186 2672 1236 2704 uno
1247 2664 1329 2708 tsnors
1338 2658 1469 2710 exhaurire

309 2718 365 2765 lirin
382 2727 463 2780 potare
480 2718 605 2769 dicuntur:
624 2738 678 2788 sup.
690 2723 768 2788 Epod.
785 2727 810 2780 2,
827 2725 868 2780 36,
898 2723 1013 2786 jubebat:
1027 2722 1060 2770 ci.
1071 2737 1125 2786 sup.
1137 2721 1168 2770 sd
1178 2723 1231 2770 Sat.
1241 2721 1267 2777 ii,
1279 2723 1305 2778 2,
1319 2724 1375 2774 12³.
1391 2725 1468 2772 Acria

308 2791 360 2846 post
374 2792 495 2833 enarratis
514 2784 568 2834 vitas
586 2785 680 2836 rustice
694 2788 867 2851 jucunditates,
902 2787 1005 2836 Pacata.-
1024 2784 1126 2851 proprie,
1140 2785 1182 2851 qni
1200 2785 1290 2834 foratu
1311 2795 1404 2851 potant,
1425 2787 1467 2836 di-
1565 2826 1566 2829 η

310 2847 368 2900 Qua
383 2864 429 2896 acii
440 2851 705 2912 maturamquasnmm·
715 2852 867 2906 casalata,
901 2859 988 2899 cuntur
997 2859 1163 2912 wsspotom,
1174 2858 1202 2898 ut
1216 2849 1260 2897 int.
1271 2851 1323 2898 Sat.
1335 2850 1361 2906 ii,
1373 2853 1398 2908 8,
1415 2853 1468 2910 ³63
1565 2876 1566 2909 ,

308 2910 364 2959 Her
376 2914 438 2960 inter
446 2915 605 2962 obliviscitur?
902 2930 954 2971 nos,
975 2915 1051 2964 stiirlts
1073 2913 1172 2962 Triiiloer
1184 2932 1193 2972 ,-
1219 2913 1282 2963 idem
1304 2913 1378 2978 igitur
1397 2931 1469 2964 nanc

339 2977 381 3025 6³.
394 2975 456 3026 Fata
467 2978 604 3042 Pythagora
614 2989 710 3044 cogitata
721 2997 728 3026 :
740 2977 800 3027 inter
811 2994 869 3028 cau·
900 2981 998 3041 poculis,
1009 2978 1075 3042 quod
1085 2979 1217 3042 potoribus,
1228 2977 1348 3027 tribuitur.

308 3053 390 3097 sess
426 3041 497 3091 uibus
516 3042 657 3108 Pythagora
675 3042 811 3108 discipline
827 3043 870 3092 ad·
936 3044 976 3093 ⁷0.
997 3044 1096 3097 Unsscit,
1105 3041 1302 3108 uvidus(ilyptc)
1313 3043 1466 3101 ostoradus

307 3103 366 3154 dicti
383 3107 406 3173 f
432 3109 451 3154 ir
477 3107 595 3157 abstinere
620 3106 746 3160 debebant,
773 3106 869 3156 affertur
901 3106 998 3173 cl.sup.
1011 3104 1142 3162 adoaii,
1155 3108 1195 3161 19,
1209 3108 1248 3154 ia.

307 3183 404 3235 quoque
423 3171 483 3227 haec,
505 3171 570 3236 quod
586 3171 736 3236 Pythagoras
747 3171 821 3236 salias
837 3171 867 3219 ad
934 3173 974 3219 tt.
986 3173 1072 3232 Lapa:
1084 3170 1167 3219 Scliol.
1177 3173 1263 3233 Ciuq„
1273 3187 1352 3218 amsa
1362 3174 1465 3234 insignia

308 3233 438 3283 anisiaruni
454 3244 599 3285 mortuamni
615 3235 765 3299 receptacula
780 3236 867 3285 retuls-
898 3237 1024 3290 saltatoris,
1038 3237 1124 3284 Crassi
1132 3238 1209 3298 groti,
1221 3237 1366 3290 archimimi,
1378 3240 1421 3298 qui
1430 3241 1467 3284 sii.-

307 3296 344 3345 iit.
377 3298 459 3346 Schol.
478 3301 563 3363 cinq„
588 3299 715 3348 Dubitabnt
739 3303 800 3347 enini
818 3301 867 3363 Py·
899 3302 1030 3362 appellatur
1054 3310 1096 3355 ert,
1118 3303 1177 3362 qaod
1190 3302 1298 3362 jucunde
1318 3309 1342 3346 et
1361 3302 1465 3349 adluat

307 3361 424 3425 tingeret,
441 3379 472 3410 aa
490 3367 516 3412 ia
535 3381 560 3410 eo
574 3379 665 3426 corpora
685 3362 767 3428 (laba)
786 3365 869 3412 lateret
899 3365 1005 3412 saltaret.

306 3427 385 3472 naimo
401 3429 477 3486 putria
494 3430 540 3482 rai,
562 3445 593 3475 ait
616 3429 713 3476 ulterius
733 3431 865 3490 propinqui,
932 3428 972 3476 76.
992 3427 1181 3484 Ussautilitasz
1196 3436 1294 3482 reatum,
1310 3426 1395 3484 virtus,
1417 3428 1462 3476 ho·
1564 3466 1565 3469 η

306 3505 350 3549 qao
362 3491 390 3537 ds
401 3506 427 3537 rs
436 3493 496 3539 ridet
508 3507 559 3539 eum
571 3492 683 3542 Horatius
695 3501 716 3541 st
728 3496 776 3554 <jus
786 3509 866 3554 sequa·
899 3499 988 3540 nutas.

305 3567 340 3599 aer
361 3551 534 3620 (discipulos);
554 3557 635 3622 jocose
656 3564 718 3605 certe
741 3555 814 3620 hujus
833 3556 867 3604 isi
931 3555 1038 3604 77-79.
1056 3557 1152 3605 Cercius
1170 3556 1216 3602 lise
1236 3558 1307 3611 tator,
1329 3562 1387 3604 cett
1429 3557 1464 3605 Et

305 3625 414 3681 respectu
430 3618 510 3667 habito
525 3620 640 3670 Horatius
647 3619 720 3686 sabas
730 3626 800 3669 vocat
817 3621 866 3683 Py·
897 3618 955 3693 duni
973 3620 1026 3669 liisc
1041 3619 1073 3670 ds
1090 3620 1161 3668 robus
1178 3618 1209 3666 sti
1226 3633 1270 3666 nos
1288 3617 1464 3692 pertinentibus

305 3679 405 3744 tangore
415 3693 531 3759 cognatm.
556 3748 580 3759 ..
671 3748 700 3760 ..
721 3749 726 3758 ι
898 3683 1044 3757 familiariter
1058 3684 1218 3748 disputamus,
1231 3684 1341 3794 Captus,
1356 3699 1463 3796 vilcinffi1

337 3746 379 3858 iil
397 3746 866 3878 ttttttlttt‘stffttttt‘j..
898 3749 1091 3868 ttlf‘ttt‘lt‘
1121 3749 1463 3865 ttlffitttt.

305 3888 346 3922 cos
364 3873 499 3952 miscentes.
531 3879 608 3952 Supra
629 3891 725 3942 quoque
745 3876 823 3943 Epod.
840 3879 865 3932 2,
898 3876 952 3951 quis
972 3877 1076 3942 exempli
1097 3890 1171 3925 causa
1189 3874 1343 3950 wlff*
1365 3875 1462 3932 hudst,

303 3938 389 4053 tat
405 3941 866 4068 nemausense
897 3938 1463 4078 :stantemstantem

304 4065 375 4116 Iam
897 4069 1003 4117 fabulam
1015 4079 1101 4117 narrat.
1133 4069 1227 4116 Arelliis
1243 4083 1269 4115 in
1281 4076 1403 4117 vicinitate
1419 4068 1461 4117 fu·

336 4133 377 4180 67.
395 4133 487 4182 Litoris
506 4136 612 4195 tombis,
627 4133 706 4183 adesis
726 4147 741 4181 a
758 4133 864 4190 domino,
896 4132 943 4182 isse
953 4133 1047 4183 videtur
1063 4133 1135 4181 lioino
1147 4132 1223 4188 dives,
1236 4141 1268 4187 et,
1281 4142 1308 4180 ut
1318 4133 1464 4182 cinneslers

303 4211 403 4260 quarum
424 4198 536 4262 reliquias
553 4213 631 4246 verine
649 4197 711 4247 inter
727 4213 824 4246 coenam
841 4207 867 4247 et
896 4197 991 4253 divites,
1011 4197 1042 4246 da
1060 4211 1144 4246 secura
1161 4211 1234 4262 opum
1252 4210 1347 4245 suarum
1365 4212 1461 4270 posses·

348 4261 637 4310 tcoenamcoinodebant.
672 4263 866 4324 Praatunasyl·
897 4261 964 4311 sione
982 4261 1110 4310 admodum
1129 4262 1323 4317 sollicitantem
1340 4275 1405 4308 enini
1423 4261 1464 4310 la·

303 4275 358 4373 lilia
370 4326 583 4391 pronunciandum.
896 4327 954 4374 bula
969 4325 1092 4375 reserenda
1108 4324 1190 4374 estad
1206 4323 1393 4372 sollicitudinem
1409 4341 1463 4390 qua
1562 4340 1563 4355 ¹

335 4391 376 4438 66.
404 4389 537 4453 inequales,
572 4391 622 4439 sive
650 4389 786 4454 grandiores
813 4390 863 4440 sive
896 4390 980 4440 misere
991 4390 1129 4439 cruciantur
1139 4389 1233 4438 divites.

302 4451 413 4502 minores.
929 4457 971 4503 st.
996 4457 1101 4518 Propero
1118 4471 1190 4504 cuno:
1214 4469 1291 4508 mnus,
1308 4453 1347 4500 vel
1367 4468 1462 4506 cacam,

335 4518 377 4566 69.
400 4517 500 4581 Legibus
518 4521 613 4576 insanis,
633 4517 722 4583 quibus
741 4527 862 4585 compota·
896 4519 926 4568 ils
943 4519 1045 4569 latibulo
1061 4517 1144 4576 muris,
1156 4525 1183 4566 ut
1201 4517 1245 4566 inl.
1257 4516 1335 4582 Epist.
1346 4517 1363 4572 i,
1379 4517 1405 4573 7,
1416 4517 1463 4574 33,
