3150 5200
562 358 725 424 Linus
749 359 795 437 11,
817 360 866 423 n.
1178 339 1182 346 '
1231 359 1288 422 ιιι

397 512 513 587 Obire,
532 511 709 588 Maecenas,
724 532 868 575 mearum

440 612 577 677 Grande
593 613 693 677 decus
708 612 921 695 columenque
936 634 1054 676 rerum.

302 716 322 779 5
355 713 430 779 Ah!
455 726 487 779 te
502 736 583 779 meae
599 715 626 777 si
641 725 766 798 partem
781 716 896 777 enimse
910 714 996 798 rapit

355 816 521 881 Maturior
536 816 594 892 vis,
611 815 691 898 quid
704 838 813 879 moror
827 815 950 880 alterat

398 918 472 983 Nec
486 940 580 983 carus
596 940 701 1001 oeque,
717 939 777 982 nec
793 927 959 1002 superstes

441 1020 585 1105 Integer.
634 1018 692 1083 Ille
707 1018 778 1083 dies
793 1030 965 1101 utramque

355 1123 466 1188 Ducet
480 1122 615 1185 minam.
662 1119 741 1185 Nou
752 1142 815 1205 ego
828 1120 992 1205 perfidum

295 1224 334 1288 10
356 1224 437 1287 Dixi
452 1233 706 1289 sacramentum:
731 1222 860 1299 ibimus,
876 1224 1007 1297 ibimus,

401 1326 578 1408 Utcunque
592 1324 772 1408 praecedes,
789 1346 975 1409 supremum

442 1427 585 1511 Carpere
600 1426 663 1490 iter
678 1427 811 1490 comites
825 1426 941 1509 parati.

359 1528 417 1593 Me
432 1550 492 1593 nec
508 1527 679 1592 Chimoerae
696 1528 829 1612 spiritus
843 1528 959 1612 igneae,

357 1629 442 1706 Nec,
459 1632 486 1693 si
501 1638 651 1715 resurgat
668 1629 867 1693 centimanus
882 1628 1009 1713 Gyges,

298 1732 335 1794 15
401 1730 544 1796 Direliet
559 1752 711 1814 unquam.
759 1730 814 1795 Sic
828 1732 954 1815 potenti

445 1832 590 1897 Justitiae
607 1833 825 1917 placitumque
842 1832 965 1898 Parcis.

358 1934 425 1997 Seu
441 1934 554 2011 Libra,
572 1957 630 1998 seu
644 1956 695 1997 me
711 1934 868 2018 Scorpius
883 1934 1024 2018 adspicit

358 2034 612 2113 Formidolosus‚
628 2058 705 2120 pars
721 2036 891 2100 violentior

136 2170 197 2219 vite
207 2176 306 2219 servate
320 2168 436 2217 beneficio
450 2168 584 2226 reddendis,
596 2169 703 2233 cogitau-
736 2168 777 2218 cui
793 2185 862 2233 eque
878 2185 907 2217 ac
923 2169 968 2217 tibi
984 2183 1054 2217 carus
1069 2175 1094 2217 et
1113 2167 1215 2217 dilectus
1236 2169 1299 2228 sim3

136 2235 198 2283 dam
209 2250 272 2283 esse.
737 2250 778 2282 occ
789 2244 900 2295 superstes
912 2233 1014 2327 fereper,
1026 2233 1122 2281 sublata
1132 2248 1217 2297 nempe
1227 2234 1301 2282 ultera

177 2301 248 2347 1-4.
269 2298 399 2354 Eremmon,
419 2298 513 2361 gravius
531 2313 583 2363 pro,
603 2298 705 2354 crucias,
739 2297 825 2345 anime
836 2305 911 2362 parte.
948 2298 1075 2360 diramque
1089 2298 1145 2362 (pro
1160 2298 1299 2363 utriusque)

138 2362 382 2419 manummerias,
399 2378 500 2411 enecare.
534 2362 640 2416 Queretis
649 2366 705 2419 tuis,
739 2364 808 2410 ducet
829 2364 933 2416 ruinam,
955 2360 1075 2411 communi
1096 2376 1153 2409 casu
1175 2369 1301 2426 utramque

139 2427 220 2476 sede
248 2426 366 2492 ropinqua
376 2426 420 2475 tibi
431 2434 513 2475 morte.
547 2428 703 2475 Constatau-
737 2425 848 2475 detmdet
866 2426 897 2474 ad
915 2426 1012 2481 interos,
1028 2442 1070 2491 pro
1087 2424 1189 2499 uulgari,
1207 2433 1300 2473 utrum-

139 2445 377 2549 tem,1daecemtem
396 2505 459 2555 sepe
477 2491 627 2556 multumque
648 2506 704 2539 cum
737 2506 783 2553 que
802 2506 831 2539 ex
849 2490 895 2539 hac
912 2489 962 2538 vita
979 2490 1190 2553 scientamque
1209 2490 1302 2553 parabit

138 2554 241 2605 eduens
250 2553 553 2606 valetudiueconflictatum
561 2571 625 2606 esse:
638 2555 704 2605 Plin.
737 2554 867 2604 interitum.
916 2554 1096 2610 Sacramentum,
1121 2553 1300 2619 jus‘unudnm,

140 2619 187 2677 vii,
198 2623 238 2676 52,
249 2621 391 2674 Quitrirdam
407 2631 517 2683 perpetua
524 2621 602 2686 febris
618 2632 659 2678 est,
676 2633 704 2670 ut
737 2621 801 2694 quod
811 2620 944 2676 militasse
954 2619 1155 2683 uunquumformi
1173 2619 1219 2667 'uis
1229 2634 1303 2669 causa

142 2685 224 2732 Citrio
245 2685 373 2734 Meceaatr'.
406 2684 455 2732 Nec
473 2685 517 2732 Dis
537 2687 644 2742 amicum,
664 2703 706 2734 nec
737 2700 806 2748 signa
825 2684 958 2735 deserturos
977 2700 1037 2742 esse,
1054 2683 1151 2739 dabant,
1170 2685 1232 2732 bene
1248 2684 1299 2748 jam
1382 2707 1384 2711 ¹

141 2750 210 2806 mar,
219 2759 240 2797 te
251 2751 325 2810 prius,
335 2757 392 2797 cett.
404 2763 448 2796 nec
460 2748 515 2804 diis,
529 2763 572 2797 uec
583 2749 642 2797 mihi
653 2750 705 2815 pla·
737 2750 876 2799 transfertur
889 2748 920 2798 cd
936 2748 1007 2796 fidem
1023 2763 1096 2812 quum
1112 2749 1227 2796 Horatius
1238 2749 1301 2796 Mu-

139 2821 192 2870 cet,
208 2821 232 2860 te
247 2812 311 2877 prius
326 2813 400 2872 mori;
416 2811 463 2860 diis
479 2828 564 2878 nempe
581 2812 707 2878 displicere
738 2814 826 2871 cenati,
839 2829 930 2862 seeum
945 2829 975 2860 ne
991 2814 1130 2862 morientem
1146 2811 1242 2874 quidem
1259 2812 1302 2862 de·

139 2875 262 2926 debebant
273 2876 424 2933 Mcceuntis,
437 2877 477 2924 cui
493 2878 584 2940 longior
593 2877 643 2926 rita
652 2877 706 2927 des·
739 2886 855 2926 sertumm
872 2876 1049 2932 essedederat.
1084 2876 1302 2941 Utcaanqucquan-

140 2939 220 2990 tincta
235 2949 294 2996 erat,
306 2941 336 2989 de
353 2941 486 3006 propinquo
503 2949 578 2990 morte
593 2943 706 3006 querela,
739 2941 877 3007 docunque,
888 2950 915 2989 ut
933 2957 987 3004 sup.
1003 2941 1021 2996 i,
1036 2943 1078 2998 35,
1093 2941 1134 2988 2³.
1166 2942 1302 3002 Supremam

141 3013 169 3053 et
180 3005 279 3054 Horatio
293 3004 582 3060 eedemdebebantesse
601 3006 706 3054 tristissi-
741 3005 841 3068 Carpere
859 3009 919 3054 iter:
936 3003 1051 3060 similiter,
1067 3011 1094 3051 ut
1113 3004 1246 3052 observavit
1262 3005 1303 3053 cl.

142 3083 267 3125 moe,cum
281 3077 347 3117 tauta
378 3069 449 3118 ietote
463 3078 626 3126 eumamaret,
640 3079 708 3119 utue
740 3066 1302 3134 Mitsch.loquiturSoph.Antig.Blss,‘Opici

142 3142 220 3182 morte
235 3133 331 3198 quidem
349 3087 379 3182 ad
395 3149 423 3182 eo
438 3147 463 3182 se
477 3132 583 3198 disjungi
595 3149 708 3200 pessume
740 3135 853 3200 με-νάν
865 3133 958 3183 νεάταν
974 3131 1032 3181 ὁδὸν
1043 3131 1201 3195 στείχουσαν,
1213 3129 1304 3182 νέατον

140 3207 216 3247 esset.
244 3199 350 3246 Amicum
372 3209 413 3254 est,
436 3198 539 3246 Graece:
575 3198 631 3248 ίλον
648 3199 709 3255 ieri,
742 3197 804 3263 δὲφέ
839 3196 1143 3256 οςλεύσσονσανᾶιλὶου;
1159 3195 1305 3244 etSimmias

141 3261 238 3325 placet:
250 3261 298 3311 vid.
307 3261 418 3310 Lambin.
431 3261 462 3311 ad
474 3261 500 3309 h.
509 3262 527 3310 l.
553 3210 671 3319 detrimen,
685 3274 712 3313 ut
743 3218 826 3311 Rhod.
841 3261 873 3318 iv,
886 3264 910 3319 t,
924 3260 1025 3311 Anthol.
1040 3262 1121 3310 Graec.
1130 3260 1161 3308 T.
1179 3259 1198 3314 i,
1209 3275 1234 3340 p.
1247 3261 1302 3316 1³7,

140 3325 286 3374 Gracomm
294 3325 399 3392 βάθρον,
408 3327 506 3394 ἔρεισμα
515 3326 710 3390 (vid.Hemster-
744 3325 914 3392 ᾤχεογὰρπυ
939 3325 998 3376 'rav
1008 3325 1042 3384 tic
1052 3323 1200 3390 Ἀχέροντος
1209 3323 1277 3374 οδὸν.

143 3387 248 3437 {swod
264 3389 506 3440 Luctantimanm.
524 3390 621 3454 50)‚de
638 3407 667 3441 eo
687 3392 712 3440 iu
778 3391 883 3439 itt-16.
937 3407 1005 3438 enee
1025 3391 1149 3445 Chimera,
1168 3396 1224 3438 cett.
1245 3388 1305 3438 nihil

166 3453 287 3500 noomnis
303 3453 378 3528 posite
395 3464 431 3504 est
447 3470 503 3521 spes
517 3464 542 3504 et
556 3454 660 3504 fiducia:
678 3457 711 3505 cs.
744 3455 851 3512 omnino,
870 3471 913 3504 uec
932 3455 1061 3510 Chimaera,
1079 3454 1176 3518 iguem
1195 3471 1207 3502 s
1224 3453 1305 3503 iritum

172 3516 229 3564 crde
241 3516 350 3581 aang.
362 3520 472 3575 AEmxii,
485 3521 526 3569 59.
744 3519 837 3575 efflans,
857 3534 902 3568 uec
922 3521 1004 3585 Gyges
1022 3518 1173 3568 centimanus
1191 3470 1306 3594 (Korop-

145 3603 151 3608 ·
181 3583 273 3630 5-12
290 3581 383 3631 Partem
405 3587 495 3639 anima,
514 3583 540 3632 h.
550 3599 573 3632 e.
590 3585 711 3631 dimidium
744 3584 822 3650 χειρ),
834 3599 871 3632 me
882 3591 905 3632 te
917 3584 942 3631 iu
954 3585 1046 3633 Oreum
1056 3582 1208 3633 comitantem
1220 3599 1305 3632 esoci-

143 3648 239 3700 um'mae,
256 3653 283 3694 ut
304 3661 357 3712 sup.
374 3649 435 3697 Hor.
444 3648 462 3704 i,
475 3649 499 3704 3,
513 3649 537 3704 8,
549 3655 618 3697 vocat
629 3647 711 3711 Virgi-
744 3656 808 3698 etate
823 3656 867 3695 tua
882 3647 996 3698 divellere
1013 3656 1132 3714 poterunt.
1165 3647 1263 3697 Scilicet
1280 3648 1305 3696 iu

144 3709 222 3758 lium:
237 3714 353 3759 maturior
362 3715 404 3767 vis,
417 3729 479 3761 mors
490 3721 545 3761 ante
556 3711 712 3761 coustitutum
745 3714 836 3762 Orcum
845 3712 981 3762 descensuri
988 3713 1091 3762 incidere
1097 3711 1216 3762 debebant
1225 3713 1251 3761 in
1258 3712 1307 3761 duo

145 3773 203 3822 vite
219 3775 348 3824 terminum
365 3777 513 3836 accelerem
530 3777 576 3842 ipsi
593 3776 657 3825 euim
669 3776 712 3832 dii,
745 3777 791 3826 ista
809 3787 922 3834 monstra,
940 3777 1085 3828 Chimaeram
1102 3785 1127 3826 et
1143 3777 1239 3841 Gygen,
1258 3793 1308 3825 uus

147 3845 175 3886 ut
183 3855 207 3886 v.
222 3841 239 3887 2
255 3839 387 3896 dicebatur,
401 3841 560 3890 Maeceuatem
575 3849 630 3890 aute
649 3840 712 3890 diem
745 3859 800 3891 cum
819 3842 874 3890 aliis
890 3841 916 3890 iu
933 3843 992 3890 Orci
1008 3841 1126 3890 vestibulo
1142 3841 1304 3889 stabulantia:

144 3903 339 3952 moriuolebsnt.
376 3905 476 3954 Videtur
490 3905 561 3980 igitar
571 3913 641 3971 poeta
661 3921 710 3954 ms·
745 3906 1115 3970 rid.Virg.AEu.ri,285sq.
1142 3905 1308 3952 Dects'mcru

146 3967 241 4016 tutioris
252 3967 334 4017 mortis
341 3985 440 4018 causam
447 3969 473 4018 iu
485 3970 592 4026 nimiam,
603 3985 651 4034 qua
660 3985 710 4018 cor·
743 3970 793 4019 vid.
811 3985 840 4017 su
859 4003 866 4018 .
883 3970 914 4018 ad
931 3970 949 4024 i,
966 3971 1008 4024 27,
1024 3970 1066 4017 24.
1123 3977 1227 4030 margat,
1244 3967 1307 4014 mole

145 4030 610 4148 ermini
623 4033 714 4148 stu
744 3987 1037 4090 f
1054 4048 1092 4081 “²⁰
1252 4045 1307 4141 n

146 4159 284 4233 transferre.
306 4115 518 4220 Mmor,sc.iishis
527 4162 603 4211 terris.
621 4114 711 4218 Andro,
745 4178 801 4211 curn
813 4161 867 4209 aliis
882 4114 1022 4237 cedtimanis
1033 4112 1103 4209 ffi
1116 4157 1216 4236 {uimine
1226 4111 1305 4223 dedec-

146 4225 713 4364 sffiucuretgg,fggctttttr
745 4234 788 4402 {t
802 4223 1307 4362 turismundus

147 4361 714 4481 tttffltttttttttntttttt}
747 4353 879 4467 diiii?
895 4350 1307 4466 'diffnffiiuiffiii'idssl

149 4479 221 4529 vitum
243 4497 292 4529 nou
313 4483 417 4547 amplius
437 4483 570 4547 jucundam
591 4482 712 4531 ducam.”
747 4497 803 4532 nere
820 4488 845 4530 et
861 4481 991 4544 assignare,
1010 4479 1035 4530 in
1052 4482 1140 4545 vulgus
1157 4490 1257 4529 notum:
1275 4480 1308 4530 cf.

151 4543 269 4608 Equidem
277 4545 376 4594 malim:
394 4563 450 4596 cum
461 4547 564 4596 uemoin
574 4547 623 4595 vita
635 4553 714 4602 restet,
748 4549 831 4597 cmm.
848 4555 926 4596 antec.
938 4563 961 4595 v.
974 4548 1016 4598 39.
1050 4545 1169 4595 Preciare
1186 4553 1265 4595 autem
1282 4545 1308 4592 in
