3150 5200
700 350 996 422 CARMINUM

497 510 543 573 Et
558 509 675 573 cadum
688 507 793 572 Marsi
808 525 980 570 memorem
995 502 1107 579 duelli,

502 611 695 694 Spartacum
710 610 737 673 si
752 631 817 691 qua
832 606 939 691 poluit
953 614 1124 688 vagantem

436 714 479 776 20
800 707 926 772 Fallere
941 715 1035 770 testa.

501 812 567 876 Dic
582 822 616 875 et
630 820 755 893 argutae
769 817 924 893 properet
938 805 1069 870 Neaerae
1086 853 1088 856 -

499 911 694 996 Myrrheum
708 911 795 974 nodo
809 908 963 972 cohibere
976 908 1114 971 crinem:

498 1014 535 1076 Si
549 1035 609 1097 per
623 1012 760 1075 invisum
774 1031 865 1074 mora
875 1009 1049 1090 janitorem

797 1110 881 1186 Fiet,
898 1109 999 1172 abito.

435 1217 479 1279 25
502 1215 599 1279 Lenit
613 1213 782 1278 albescens
798 1212 920 1274 animos
936 1209 1072 1293 capillus

502 1315 624 1380 Litium
636 1323 669 1377 et
684 1314 765 1377 rixae
781 1311 919 1396 cupidos
934 1319 1113 1393 protervae:

500 1421 574 1479 Non
588 1436 650 1498 ego
665 1415 728 1480 hoc
743 1414 863 1480 ferrem
878 1410 1002 1476 calidus
1013 1411 1159 1493 juventa,

809 1512 951 1578 Consule
967 1511 1100 1576 Planco.

705 1831 913 1898 CARMEN
939 1831 1017 1895 XV.

676 2063 749 2110 AD
788 2057 1063 2109 CHLORIN.

504 2223 609 2286 Uxon
623 2222 777 2306 pauperis
793 2219 896 2303 lbyoi,

544 2322 695 2386 Tandem
708 2322 862 2406 nequitie
877 2318 942 2404 lige
957 2319 1088 2384 modum
1103 2329 1180 2394 tum,

504 2422 715 2506 Pomosisque
728 2421 913 2487 laboribus:

545 2522 679 2588 Maturo
695 2526 829 2609 propior
844 2522 957 2586 desine
972 2521 1079 2585 fimeri

287 2656 379 2706 bellum
394 2657 527 2706 Marsicum
540 2656 617 2705 sariit
628 2658 761 2714 eondbum,
772 2657 845 2707 adeo·
879 2656 1028 2705 Hermesian.
1046 2655 1115 2719 Eleg.
1133 2671 1158 2701 v.
1177 2654 1218 2701 78.
1252 2652 1362 2714 Properat
1381 2656 1447 2700 uodo

288 2736 335 2786 que
351 2720 546 2769 vetustissimum.
570 2721 609 2769 Da
626 2722 684 2769 bello
703 2721 812 2777 Marsico,
832 2735 847 2767 a
878 2722 987 2775 cubitem,
1005 2717 1156 2768 lestinann'us
1174 2716 1199 2766 in
1218 2714 1307 2764 nodum
1324 2714 1445 2778 colligat:

288 2784 387 2841 Marsis,
398 2784 526 2849 praecipuis
535 2784 589 2847 ejus
600 2784 746 2842 auctoribus,
758 2784 792 2834 ita
804 2799 846 2849 ap·
879 2784 911 2831 cl.
923 2799 977 2848 sup.
989 2783 1007 2830 l.
1018 2784 1035 2831 l.
1046 2800 1070 2832 v.
1082 2784 1123 2830 al.
1147 2781 1294 2844 Mys-rituam,
1305 2778 1332 2825 h.
1343 2794 1365 2828 e.
1376 2794 1446 2843 myr-

288 2848 386 2912 pellato,
398 2849 445 2903 vel,
461 2857 489 2896 ut
505 2847 569 2896 idern
585 2848 663 2896 vocari
679 2848 748 2903 solet,
763 2848 847 2896 Italico
879 2848 931 2904 rho,
944 2845 1050 2910 utVirg.
1063 2848 1123 2895 AEn.
1136 2844 1238 2901 xii,100
1254 2842 1286 2889 de
1301 2858 1371 2891 coma
1388 2842 1445 2891 dix·

289 2926 332 2961 seu
351 2913 443 2970 Sectuli,
462 2912 527 2977 qnod
545 2912 579 2961 U.
589 2912 620 2961 C.
637 2928 704 2961 ncsx
721 2911 847 2977 usquead
879 2910 907 2966 it,
919 2913 1061 2959 madentem:
1079 2908 1157 2957 minus
1175 2908 1235 2956 bene
1252 2906 1293 2953 elii
1310 2922 1325 2954 a
1341 2907 1446 2971 myrrha

289 2990 381 3023 annum
396 2992 487 3025 uosxn
501 2975 590 3040 insigni
605 2977 728 3025 atrocitate
745 2976 775 3023 cle
789 2974 848 3023 civi·
880 2975 959 3023 colore
969 2974 999 3022 ad
1017 2974 1110 3021 luscum
1123 2971 1196 3021 crinis
1212 2971 1315 3019 colorem
1326 2969 1446 3019 Mutant.

288 3039 345 3087 tatia
357 3040 412 3104 jura
429 3048 522 3104 gestura
538 3049 583 3097 est,
602 3038 650 3088 vid.
668 3040 734 3088 Plor.
751 3038 786 3095 iii,
810 3040 849 3085 la.
883 3037 993 3093 invisum,
1017 3038 1137 3085 difficilem
1160 3050 1253 3099 nempe.
1286 3034 1357 3082 Leus't
1379 3036 1445 3082 elbe-

290 3102 395 3152 Videtur
405 3112 486 3154 autem
496 3104 579 3152 vinum
589 3104 654 3152 bellu
664 3101 754 3152 Sociali
765 3111 848 3151 natum
881 3117 952 3157 scens,
963 3108 1020 3150 cell.
1031 3116 1104 3165 quam
1115 3098 1243 3164 proaulam!
1269 3097 1294 3144 in
1313 3098 1375 3145 hanc
1393 3098 1448 3147 lere

350 3168 425 3216 untia
436 3184 480 3216 sua
489 3167 597 3232 inprimis
608 3166 689 3216 nobile
699 3166 781 3222 fuisse,
794 3180 848 3214 eum
881 3164 1035 3213 sententiam
1053 3163 1167 3229 juvenilis
1178 3162 1242 3211 enim
1257 3160 1300 3211 ille
1310 3162 1384 3217 calor,
1394 3178 1447 3225 quo

308 3231 417 3281 uvenalis
428 3246 525 3295 quoquo
536 3246 559 3286 r,
569 3232 668 3287 ahava
679 3233 743 3278 tellis
752 3230 848 3278 Sociuli·
881 3228 998 3291 ejusmodi
1016 3243 1094 3277 moras
1112 3242 1160 3276 nou
1178 3225 1295 3283 tulissem,
1314 3224 1444 3281 deferbuit,

289 3296 332 3341 tus
342 3298 436 3342 colem
446 3310 502 3342 cum
513 3293 738 3342 laudamentionem
749 3293 846 3342 lecerit:
881 3298 906 3339 et
923 3299 992 3341 aetate
1011 3291 1133 3355 mitigatus
1150 3298 1194 3339 est.
1229 3290 1323 3337 Fercem
1339 3304 1389 3354 pro,
1400 3298 1443 3337 tu·

290 3356 323 3404 ei.
339 3357 373 3403 ibi
388 3357 429 3405 cl.
441 3357 545 3423 Rupert.
563 3356 589 3403 in
606 3357 742 3404 Commeat.
754 3356 785 3403 ad
796 3357 820 3403 h.
831 3356 848 3403 l.
882 3354 971 3403 lissem.
1008 3356 1105 3403 Consule
1120 3355 1217 3409 Planco,
1236 3355 1269 3402 U·
1288 3354 1319 3401 C.
1339 3368 1441 3409 nccxn,

289 3418 457 3479 δραηωιιπιεί
470 3437 516 3481 quo
529 3421 605 3479 potuit
620 3430 742 3481 aqualem
757 3420 848 3468 Fallere
879 3418 972 3482 collega
991 3418 1031 3467 M.
1052 3417 1153 3466 AEmilio
1172 3416 1281 3482 Lepido,
1307 3416 1353 3465 luit
1367 3416 1443 3479 igitur

289 3490 356 3537 testu,
365 3482 386 3528 si
396 3496 446 3544 qua
455 3482 547 3530 ratione
555 3481 605 3529 lieri
615 3482 699 3545 potuit,
711 3491 738 3531 nt
746 3482 847 3531 circum-
881 3482 994 3530 Horatius
1006 3482 1051 3529 aab
1061 3480 1147 3530 Planci
1157 3480 1281 3530 consulatu
1288 3479 1386 3544 juvenis
1397 3494 1442 3527 an-

290 3552 417 3605 vagantem
428 3545 570 3609 Spartacum
584 3544 668 3593 laum
678 3546 733 3594 vino
748 3545 792 3594 illo
804 3545 848 3593 im·
881 3559 965 3594 norum
977 3545 1050 3595 terme
1061 3542 1145 3609 viginti
1156 3544 1235 3593 trium.

289 3606 355 3679 pleta
373 3607 493 3671 amphora.
516 3608 556 3656 De
572 3608 681 3681 Spartaco
697 3609 848 3673 perniciosis·

288 3669 844 3733 simrillinsinltaliabellr(U.C.ncnxxrx),
1044 3672 1196 3721 CARMEN
1215 3672 1273 3719 XV.

289 3731 354 3796 quod
370 3732 458 3782 &ulls
470 3749 501 3798 ap
532 3734 586 3783 llari
604 3734 673 3791 solet,
693 3736 845 3793 concitatore,
911 3735 975 3783 Cum
986 3736 1091 3793 Chloris,
1101 3735 1217 3799 licetjam
1228 3748 1288 3781 anus
1300 3732 1371 3790 heta,
1389 3749 1442 3783 arn-

290 3809 328 3842 res
344 3803 416 3843 nota:
434 3796 484 3870 vid.
497 3749 564 3846 liu.
580 3796 607 3852 ii,
622 3799 664 3855 20,
681 3798 745 3847 Flor.
756 3799 792 3857 iii,
804 3801 846 3849 20.
879 3797 964 3847 bitiose
975 3806 1054 3847 umen
1065 3806 1090 3848 al
1105 3806 1211 3864 proterve
1221 3796 1282 3845 inter
1292 3798 1386 3861 puellas
1397 3798 1442 3846 ad·

292 3858 355 3916 Qua,
365 3874 401 3907 ec.
413 3868 513 3917 rauone,
524 3876 575 3926 pro,
585 3860 653 3910 sorte.
880 3862 928 3910 huc
941 3861 1025 3920 nitere,
1035 3870 1061 3911 et
1069 3863 1179 3926 juvenes,
1191 3868 1219 3909 ut
1229 3860 1295 3917 olim,
1306 3861 1393 3909 amoris
1403 3864 1442 3911 sni

323 3924 430 3972 al—as.
446 3924 494 3971 Dic
511 3932 534 3973 et
551 3934 643 3989 argute
657 3936 771 3987 properet,
792 3933 848 3975 cett.
881 3924 998 3974 illecebris
1010 3926 1099 3974 irretire
1107 3924 1229 3984 studeret;
1240 3932 1311 3988 poeta
1321 3923 1344 3972 ei
1353 3924 1380 3973 in
1395 3925 1442 3974 hue

290 3985 362 4059 plane
370 3986 405 4034 uti
416 4002 472 4052 sup.
483 3985 510 4043 ii,
522 3988 562 4045 ll,
572 3990 605 4036 22
622 4002 686 4063 sqq„
702 3989 744 4037 ubi
761 3988 849 4054 pariter
880 3989 993 4045 carmine,
1002 3997 1030 4037 ut
1040 3988 1110 4037 modo
1121 3988 1215 4037 tandem
1228 3988 1342 4061 nequitie
1353 3989 1442 4052 poulo,

290 4048 554 4123 adhalaraeonvirinrn
570 4066 657 4100 arcessi
670 4052 768 4116 jubetur
782 4053 848 4117 psal·
880 4060 905 4100 et
923 4052 1039 4116 partibus,
1059 4066 1120 4127 quas
1139 4052 1196 4100 olim
1215 4058 1296 4125 egent,
1316 4050 1372 4099 filie
1390 4067 1441 4101 suas

290 4121 336 4160 tna
350 4112 427 4175 Lyde,
438 4128 494 4178 qun
511 4114 543 4162 ad
553 4114 704 4179 psaltriarum
716 4116 846 4172 levitatem,
881 4114 980 4164 Pholon
996 4116 1096 4172 traditis,
1112 4115 1138 4163 in
1154 4116 1259 4163 lanificio
1275 4115 1363 4179 potius,
1375 4116 1443 4180 quod

290 4184 316 4223 et
333 4190 431 4225 cauam
448 4176 528 4234 simul,
546 4193 576 4226 ex
596 4194 646 4242 qua
667 4178 715 4227 illae
735 4178 847 4228 advocari
880 4192 919 4225 ma
936 4178 956 4226 's
973 4180 1059 4229 deceat
1076 4179 1192 4235 vetulam,
1212 4192 1308 4243 operam
1328 4192 1398 4227 suam
1415 4188 1443 4227 et

290 4238 408 4295 solebant,
420 4239 581 4296 indicandam,
591 4242 731 4290 mumibi
741 4251 847 4291 vocetur.
880 4192 986 4290 studium
1003 4250 1085 4307 ponat,
1101 4257 1150 4291 non
1168 4243 1220 4292 sine
1235 4256 1316 4289 amaro
1331 4241 1380 4289 risu
1399 4242 1443 4291 dat

291 4304 396 4365 Arguta,
416 4302 442 4351 h.
460 4319 483 4352 e.
503 4318 611 4352 canora:
636 4303 785 4354 notissimum
812 4313 848 4355 est
880 4304 1016 4355 consilium.
1050 4306 1163 4354 Similiter
1175 4305 1289 4354 Homtius
1302 4320 1356 4370 sup.
1368 4304 1385 4361 i,
1397 4307 1441 4362 25,

291 4364 352 4412 illud
374 4365 481 4430 Virgilii,
506 4378 601 4431 argutos
619 4370 761 4430 immernpit
781 4385 848 4417 auser
880 4370 972 4432 Lyden,
986 4376 1011 4417 et
1029 4369 1074 4419 iul.
1089 4369 1123 4424 iv,
1141 4370 1180 4426 13,
1197 4369 1283 4432 laycae,
1301 4377 1330 4417 ut
1346 4369 1443 4418 vetulas

290 4428 377 4501 olorey
394 4430 502 4479 similiter
516 4430 580 4496 apud
597 4430 695 4479 Grecos
709 4432 736 4479 in
751 4432 847 4481 laudem
879 4433 959 4495 inepte
975 4432 1095 4481 amoribus
1108 4431 1186 4481 adhuc
1202 4431 1303 4487 deditas,
1315 4441 1441 4481 contume-

291 4505 380 4553 passrm
391 4493 583 4552 diciturldlooo·
600 4492 650 4541 rid.
666 4494 798 4545 Ruhnken.
814 4493 847 4542 ad
880 4494 940 4545 liose
957 4496 1068 4547 traducit.
1103 4498 1216 4545 Ceterum
1233 4494 1257 4543 iu
1274 4494 1320 4545 hoc
1338 4502 1442 4545 tractato
