3150 5200
702 297 996 368 CARMINUM

488 454 645 520 Condidit
660 453 799 532 Lunum,
814 476 920 538 neque
934 464 1025 519 certa
1038 452 1165 539 fulgent

752 596 755 603 ·
790 556 907 621 Sidera
920 556 1046 620 nautis:

436 661 457 723 5
489 659 603 724 Otium
617 657 704 722 bello
718 656 842 733 furiosa
855 655 999 733 Thrace,

490 761 604 826 Otium
618 757 713 824 Medi
728 756 883 843 pharetra
897 757 1020 833 decori,

489 862 658 946 Grosphe,
672 882 737 925 non
752 860 897 943 gemmis,
913 880 1020 943 neque
1033 880 1182 945 purpura
1196 883 1250 925 ve-

789 958 874 1037 nale,
889 982 995 1044 neque
1010 982 1101 1025 auro.

489 1065 569 1130 Non
583 1065 669 1129 enim
683 1083 783 1147 gazae,
799 1084 906 1146 neque
921 1062 1100 1126 consularis

428 1171 469 1234 10
490 1169 668 1232 Submovet
681 1164 776 1229 lictor
791 1164 925 1228 miseros
940 1164 1097 1228 tumultus

492 1270 628 1345 MentiS,
643 1277 678 1332 et
692 1266 797 1329 Cures
810 1266 962 1349 laqueata
975 1268 1096 1330 circum

795 1367 902 1433 Tecta
915 1366 1072 1432 volantes.

493 1473 625 1539 Vivitur
639 1492 740 1555 parvo
754 1471 851 1546 bene,
867 1469 920 1533 cui
932 1480 1104 1553 paternum

492 1574 651 1659 Splendet
665 1573 699 1636 in
712 1593 825 1636 mensa
837 1572 929 1635 tenui
943 1570 1097 1635 salinum:

430 1678 470 1741 15
491 1677 564 1741 Nec
578 1677 666 1742 leves
681 1696 809 1740 somnos
824 1672 939 1736 Timor
952 1684 1011 1737 sut
1023 1673 1155 1758 Cupido

793 1773 955 1839 Sordidus
971 1774 1089 1839 aufert.

278 1913 351 1963 animi
364 1910 570 1977 tranquillitatem,
582 1927 661 1977 neque
674 1926 780 1979 purpura
793 1924 837 1960 ne·
869 1910 912 1960 ssd
931 1926 997 1959 nuuc
1018 1908 1131 1975 intelligit
1155 1908 1270 1959 Horatius
1290 1925 1332 1984 per
1356 1912 1434 1959 otiare

295 1995 326 2027 us
343 1993 401 2027 suro
418 1976 535 2032 venalem,
551 1976 650 2026 summis
667 1975 798 2024 honoribus
813 1984 839 2024 et
869 1975 944 2023 enimi
972 1974 1179 2039 tranquillitatem,
1207 1982 1235 2022 ut
1260 1983 1318 2023 saus
1342 1972 1434 2025 docent

276 1996 414 2091 duriorum
436 2039 561 2107 splendore
578 2039 712 2105 conspicui.
746 2040 838 2088 Verum
869 2041 1005 2103 sequeutia.

276 2106 343 2157 euim
358 2122 414 2155 vera
430 2104 504 2154 ammi
520 2104 680 2169 tranquillitas
697 2103 728 2151 iis
744 2109 839 2151 tantum
901 2105 993 2153 9-12.
1010 2104 1064 2151 Non
1073 2106 1270 2157 rnin,cett.narn
1282 2116 1360 2167 nsque
1367 2102 1435 2152 diri·

277 2169 467 2235 coutingit,qui,
482 2168 622 2227 modica,in
639 2184 689 2233 qua
705 2167 755 2216 nati
773 2175 838 2225 suut,
871 2166 911 2216 tire
936 2183 1015 2231 nsque
1039 2168 1157 2215 horrorum
1178 2166 1283 2231 insignit
1304 2182 1375 2215 curus
1398 2182 1435 2216 ex

278 2243 341 2284 torte
362 2234 477 2288 contenti,
497 2248 574 2297 neque
595 2232 690 2281 divitias
714 2240 839 2306 appetunt,
870 2231 1146 2297 animopellereralent.
1173 2230 1435 2281 ConsularirSolnrrooet

279 2315 357 2363 neque
375 2297 480 2347 studiose
499 2312 540 2346 eas
556 2297 582 2344 ia
601 2298 685 2345 exteris
703 2295 840 2370 regionibus
870 2296 952 2344 lictor:
970 2295 1074 2345 suaviter
1084 2299 1151 2343 lictar
1161 2297 1298 2349 muniaris,
1310 2295 1353 2357 qui
1365 2296 1435 2345 Coa·

278 2369 398 2427 quaeruut,
410 2361 517 2424 adeoque
533 2362 605 2415 curis,
617 2358 718 2409 assiduis
732 2359 782 2407 rllis
796 2374 838 2408 cu·
870 2360 919 2408 suli
932 2360 958 2408 in
970 2360 1014 2408 riis
1029 2360 1121 2427 preire,
1133 2367 1157 2407 et
1171 2358 1247 2423 plebis
1263 2357 1297 2405 ibi
1314 2361 1434 2408 tunultu·

278 2426 405 2491 piditaturu
416 2424 553 2481 comitibus,
561 2423 631 2471 vacui
641 2431 706 2471 sunt.
734 2424 839 2472 Animus
870 2426 932 2472 antis
948 2425 1042 2473 turbam
1057 2426 1186 2471 salmom
1200 2423 1301 2477 solebat,
1314 2423 1366 2487 jum
1383 2439 1435 2473 uon

279 2488 423 2551 tranquillus
433 2486 464 2535 de
474 2486 512 2543 iis,
526 2503 580 2551 quae
591 2486 688 2543 adsunt,
700 2487 803 2545 lretstur,
815 2496 840 2537 et
870 2491 951 2537 arentis
972 2490 1086 2537 tumultur
1105 2490 1241 2543 totamm,
1257 2486 1282 2534 h.
1296 2503 1319 2535 e.
1337 2502 1385 2536 uon
1403 2504 1436 2538 ea

280 2553 342 2602 sicut
354 2552 432 2600 lutura
441 2565 489 2599 nou
499 2550 619 2607 curstita
628 2551 746 2600 fortunam
756 2552 838 2602 sdru-
870 2568 925 2616 quie
940 2553 1021 2602 turbas
1036 2551 1062 2600 in
1078 2551 1157 2600 emmo
1171 2559 1275 2607 movent.
1287 2551 1337 2601 sive
1352 2566 1435 2612 curas,

279 2631 331 2666 som
349 2615 469 2664 moderate
488 2616 541 2672 lert,
561 2630 626 2674 curn,
646 2613 705 2662 nihil
724 2616 756 2664 ab
774 2617 839 2665 omni
871 2616 966 2681 abigere
976 2631 1046 2682 posse
1055 2615 1151 2664 dicitur.
1172 2615 1357 2664 ctttiuenin
1368 2616 1435 2667 hunc

279 2689 345 2746 parte
359 2681 457 2728 beatum
472 2693 532 2733 esse.
545 2678 582 2728 rel
593 2676 698 2727 Achillis
708 2688 733 2728 et
742 2680 840 2729 Tithoni
870 2681 1012 2730 senteuuam
1037 2688 1159 2746 comparat
1182 2681 1267 2728 Senes.
1289 2681 1367 2746 Epist.
1388 2683 1434 2739 94,

279 2760 349 2794 exem
366 2743 390 2791 la
407 2745 465 2792 satis
483 2742 599 2791 doceant:
620 2741 683 2790 alius
701 2743 756 2799 hoc,
776 2743 840 2793 alius
872 2744 925 2793 Non
942 2757 983 2802 est,
994 2748 1054 2809 quod
1071 2748 1114 2793 titi
1127 2746 1306 2806 tranquillitatis
1322 2745 1434 2810 tassar-

280 2809 328 2858 slio
349 2806 460 2856 elicitstis
475 2821 560 2871 genere
572 2805 674 2870 gaudet,
691 2815 726 2863 tu,
738 2823 753 2854 o
764 2808 838 2856 Gros-
870 2811 955 2857 tidiirnr
965 2809 1048 2874 faeiat
1065 2811 1114 2866 ille,
1130 2811 1172 2856 rub
1187 2809 1238 2856 illis
1246 2808 1361 2874 sardine,
1372 2825 1434 2871 pur·

279 2872 334 2940 phe,
347 2870 459 2929 ssdirss,
467 2871 589 2936 egoparri
600 2869 672 2935 agelli
682 2887 735 2919 sum
745 2887 839 2936 posses-
868 2889 932 2934 pura
950 2875 1042 2922 cultw
1057 2890 1104 2921 narr
1120 2883 1162 2928 ert,
1177 2874 1237 2935 quad
1246 2872 1378 2938 feliciorem
1386 2876 1436 2936 ju·

278 2937 378 2994 sor,sed
388 2945 466 3011 poeta,
477 2935 837 3000 ultravulgiinridismelutus.
870 2939 939 2994 dicen
958 2941 997 2985 cui
1017 2941 1169 2992 manat,
1188 2953 1257 3000 qrranr
1278 2953 1343 3000 quera
1364 2939 1438 2986 lictor

280 2999 320 3050 Sic
341 3000 452 3067 equidem
474 2999 499 3048 in
521 3001 566 3050 hoc
587 2999 699 3057 carmine,
721 3000 748 3048 in
768 3001 838 3065 cujus
869 3003 1049 3064 senitadeiicit.
1084 3001 1305 3048 Curae-oolanter:
1320 3000 1351 3050 de
1363 3002 1439 3051 Coris

279 3065 404 3116 sententiis
417 3065 478 3114 iuter
487 3081 513 3114 se
527 3063 651 3114 nectendis
661 3064 730 3113 valde
745 3064 838 3114 lubora-
869 3065 939 3114 alatis
951 3065 1044 3130 egimus
1054 3064 1079 3113 iu
1090 3065 1226 3114 Commeat.
1237 3063 1268 3112 de
1278 3065 1358 3113 Alatis
1368 3065 1437 3114 lma-

280 3137 331 3178 tum
349 3138 394 3187 est,
410 3128 491 3178 omnis
506 3127 538 3178 sd
554 3129 690 3184 consilium,
728 3144 758 3177 uo
776 3128 839 3178 illud
870 3127 976 3193 ginibus,
995 3145 1020 3194 p.
1041 3131 1074 3178 29
1102 3128 1192 3192 (Goth.
1219 3128 1306 3191 1706).
1339 3130 1438 3178 Circum

279 3194 394 3260 scriptum
414 3209 465 3243 esse
485 3193 597 3248 diximus,
615 3146 738 3242 commode
760 3193 841 3242 reterri
872 3204 931 3242 tecta
946 3196 1061 3257 laqueata,
1071 3193 1179 3256 intellige
1189 3192 1344 3241 tricliniorum
1359 3193 1437 3258 inpri-

280 3273 350 3322 passe
371 3257 490 3306 existimo.
528 3257 568 3305 De
589 3256 705 3322 Pompeio
728 3257 840 3323 Grospho
872 3256 918 3306 mis
933 3265 1005 3314 tecta,
1022 3273 1077 3322 que
1094 3258 1201 3321 laqueata
1216 3256 1255 3305 rel
1272 3259 1392 3320 laquearia
1409 3267 1437 3307 et

280 3322 375 3390 copiose
385 3321 434 3385 egit
443 3320 594 3370 Sansdonius
604 3337 658 3387 sup.
669 3319 700 3369 td
711 3321 754 3368 lib.
765 3321 791 3377 ii,
804 3322 828 3370 7.
871 3323 994 3370 bonnaria
1007 3321 1129 3377 dicuntur,
1143 3320 1208 3384 quod
1222 3335 1304 3369 eorum
1320 3323 1384 3370 heus
1394 3323 1435 3370 rel

314 3387 387 3436 1-e.
405 3385 485 3432 Otium
496 3385 522 3432 iu
533 3384 616 3433 latiore
626 3399 707 3442 seusu,
717 3394 745 3432 ut
752 3385 804 3448 jem
814 3386 841 3435 in
872 3387 960 3434 muna
974 3387 1027 3449 (die
1038 3385 1174 3450 Fillungen
1191 3384 1368 3451 dergetiifelterr
1378 3385 1435 3434 Fel-

280 3456 419 3514 srgumenlo
433 3447 590 3505 ostendimus,
601 3455 650 3496 tam
660 3447 691 3497 de
706 3448 840 3508 securitate,
872 3449 930 3513 der)
943 3464 1010 3506 auro,
1027 3465 1097 3516 opere
1113 3449 1199 3498 celato
1216 3457 1241 3496 et
1253 3448 1353 3513 picturis
1366 3465 1435 3498 exor-

281 3529 349 3579 psce,
360 3521 385 3563 et
394 3512 483 3578 quiete,
494 3528 568 3577 quam
578 3513 608 3561 de
618 3512 691 3561 animi
705 3513 842 3578 tranquilli·
874 3521 938 3562 tratre
954 3521 1027 3578 atque
1045 3512 1164 3561 dutinctrs
1181 3512 1294 3572 luerunt;
1316 3513 1438 3578 ejusmodi

280 3585 329 3626 tate
340 3577 460 3645 positum
477 3577 558 3641 ltaque
569 3577 634 3626 notio
645 3576 732 3642 cuique
743 3585 839 3626 senun-
871 3581 925 3626 tecti
945 3579 1046 3640 laqueati
1061 3577 1101 3626 vel
1117 3579 1237 3626 lacunaris
1252 3576 1381 3642 descriptio
1398 3587 1438 3626 est

280 3641 320 3690 tire
350 3649 405 3707 apta
435 3639 491 3690 iude
518 3640 573 3690 elici
602 3641 682 3690 debet.
730 3641 839 3691 Prerrsur.
872 3641 937 3706 apud
956 3642 1057 3707 loseph.
1076 3643 1111 3690 A.
1127 3641 1178 3697 viii,
1196 3643 1221 3698 3,
1240 3642 1266 3696 2,
1286 3641 1328 3688 ubi
1345 3642 1435 3690 tabule

185 3746 190 3758 ,
281 3707 371 3754 Prendi
386 3713 411 3754 et
426 3707 537 3766 deprendi
550 3703 643 3770 proprie
652 3704 682 3754 de
698 3705 786 3762 usutis,
798 3707 841 3769 qui
872 3705 931 3754 tecti
941 3705 1055 3755 dicuntur
1072 3706 1144 3754 luisse
1157 3703 1283 3769 ἐξεσμέναι
1292 3704 1327 3763 εἰς
1336 3705 1435 3772 φαινό-

281 3770 361 3819 subite
378 3775 517 3834 tempestate
535 3769 561 3816 in
580 3767 639 3816 mari
658 3769 838 3833 opprimuntur:
872 3787 941 3835 ματα
952 3770 993 3819 rai
1006 3770 1192 3835 προσκόλλησιν
1200 3770 1303 3834 χρυσοῦ.

280 3833 330 3883 rid.
342 3834 425 3884 Bentl.
435 3847 488 3899 sup.
501 3832 531 3881 ad
543 3832 561 3890 i,
576 3835 615 3888 rt,
626 3833 657 3881 10
668 3832 724 3944 qubi
740 3832 769 3880 iis
784 3849 840 3897 qus
906 3835 1010 3882 ts—ls.
1029 3835 1113 3890 Parra,
1133 3849 1158 3884 re
1177 3833 1286 3894 modics3
1301 3842 1436 3896 paternum,

281 3899 376 3948 anobis
390 3895 668 3952 adsentatiunculas
685 3913 726 3945 um
737 3905 774 3946 est
785 3897 840 3956 hoc,
872 3905 1049 3962 tanquampars
1057 3897 1201 3964 patrimonii,
1211 3899 1314 3960 splendet
1322 3900 1436 3954 salinam,

282 3961 461 4029 ‘'deprensa'').
490 3960 604 4018 Certa,sd
615 3977 671 4026 quse
683 3969 762 4010 utute
774 3963 842 4011 navis
874 3961 905 4010 ad
922 3970 1044 4011 externam
1061 3963 1125 4011 enim
1144 3961 1286 4010 munditiem
1303 3961 1436 4010 salinorum

280 4041 376 4076 cursum
387 4035 438 4076 tuto
448 4026 549 4091 dirigere
559 4033 667 4092 possunt,
675 4033 740 4085 tuts3
751 4025 843 4074 Tibull.
873 4025 982 4091 inprimis
997 4029 1059 4076 bene
1072 4027 1200 4092 politorum
1210 4025 1322 4092 splendor
1331 4025 1436 4089 pertine·

281 4089 300 4148 i,
319 4093 345 4148 9,
367 4092 407 4146 10,
430 4091 529 4140 Ducunt
552 4091 668 4138 instabiles
687 4093 763 4139 sidero
782 4101 844 4139 certa
873 4091 931 4139 bat:
956 4090 1005 4140 vid.
1028 4092 1120 4140 Meurs.
1142 4091 1173 4140 ud
1196 4089 1316 4155 Lycophr.
1335 4105 1360 4138 v.
1381 4091 1437 4139 1³5.

281 4166 352 4205 rates.
386 4155 451 4204 Bello
461 4155 566 4219 furiosa,
577 4154 685 4203 bellandi
704 4153 842 4220 cupiditate,
875 4156 1022 4219 Compursut
1044 4156 1112 4204 Pers.
1132 4155 1168 4213 iii,
1193 4155 1235 4211 tt,
1260 4169 1316 4201 rure
1339 4163 1438 4215 paterno

281 4227 396 4285 tauquam
412 4219 488 4268 furore
506 4218 618 4281 quodem,
636 4234 661 4267 se
679 4219 763 4282 agitari
779 4219 840 4284 pati·
874 4219 915 4267 Est
933 4221 976 4267 tibi
985 4219 1033 4284 far
1050 4223 1171 4276 meduan,
1182 4235 1269 4280 purum
1284 4227 1307 4265 et
1321 4220 1371 4266 siae
1386 4219 1438 4266 late

281 4299 334 4339 ens,
352 4281 550 4340 bellicosissima‘;
567 4283 622 4331 hinc
638 4283 722 4348 Eurip.
739 4283 800 4331 Hec.
816 4301 841 4332 v.
872 4285 982 4332 salinum.
1015 4283 1045 4331 lrr
1055 4285 1219 4340 mensatrnrri,·
1236 4281 1293 4330 hinc
1304 4280 1347 4330 inl.
1357 4281 1437 4336 Sati,

283 4349 355 4406 1090,
368 4349 473 4398 Thraces
484 4345 554 4412 'Apri
569 4347 678 4411 κάτοχον
688 4346 759 4412 γένος
772 4346 842 4396 dixit.
874 4348 899 4402 3,
924 4348 963 4404 13,
985 4349 1016 4396 rit
1034 4349 1092 4395 arilli
1112 4364 1190 4396 merua
1208 4348 1279 4408 tripes
1300 4355 1322 4393 et
1344 4347 1438 4393 Correlra

283 4411 358 4468 Medi,
374 4411 467 4468 Parthi,
481 4412 593 4474 pharetra
608 4413 693 4466 decori,
708 4411 843 4476 sagittiferi.
874 4413 929 4461 salit
947 4415 1013 4474 puri,
1031 4418 1087 4460 cett.
1127 4412 1205 4466 Leues,
1226 4409 1321 4466 molles,
1343 4409 1438 4460 faciles.

283 4475 337 4523 Non
368 4479 455 4534 oenak,
479 4475 543 4541 quod
563 4489 610 4524 non
642 4475 721 4542 peruri
746 4483 842 4542 potest,
875 4473 1371 4526 Sordidnsresersdsordidumtrarititm.
