3150 5200
716 358 1013 425 CARMINUM

507 510 666 576 Sordibns
682 513 771 588 tecti,
787 522 877 576 caret
892 510 1066 576 invidenda

805 613 943 677 Sobrius
958 611 1042 676 aula.

505 715 630 779 Saevius
646 716 750 780 ventis
765 716 909 798 agitatur
923 715 1037 798 ingens

444 818 485 880 10
507 816 629 881 Pinus:
654 828 687 882 et
702 816 798 881 celsae
813 818 960 900 graviore
973 837 1052 879 casu

507 918 675 984 Decidunt
691 930 818 983 turres:
842 918 1026 1001 feriuntque
1042 938 1182 981 summos

806 1019 951 1104 Fulgura
965 1030 1102 1083 montes.

506 1126 622 1208 Sperat
637 1124 774 1199 infestis,
790 1123 906 1186 metuit
921 1122 1073 1186 secundis

505 1225 652 1291 Alteram
668 1236 787 1290 sortem
801 1226 886 1288 bene
901 1232 1119 1308 praeparatum

445 1327 484 1390 15
508 1328 639 1393 Pectus.
686 1326 845 1391 Informes
859 1325 982 1390 hiemes
996 1324 1125 1389 reducit

805 1427 948 1512 Jupiter,
964 1427 1051 1491 idem

509 1531 696 1596 Submovet.
743 1530 833 1606 Non,
850 1530 877 1591 si
892 1527 974 1592 male
989 1549 1086 1604 nunc,
1102 1537 1135 1591 et
1150 1525 1225 1589 olim

508 1634 563 1698 Sic
578 1635 656 1697 erit:
680 1631 844 1716 quondam
858 1629 983 1694 cithara
997 1638 1158 1694 tacentem

507 1735 651 1798 Suscitat
667 1734 810 1809 Musam,
825 1753 932 1815 neque
947 1753 1074 1815 semper
1087 1750 1196 1793 arcum

440 1835 485 1899 20
807 1833 933 1897 Tendit
947 1831 1080 1916 Apollo.

508 1939 624 2003 Rebus
640 1940 786 2023 angustis
802 1936 964 2000 animosus
979 1945 1077 2018 atque

509 2041 617 2106 Fortis
632 2043 771 2126 adpare:
797 2039 961 2122 sapienter
975 2037 1061 2101 idem

293 2224 316 2273 dl
324 2224 380 2288 βίος
389 2223 535 2291 κεκραμένος
546 2223 721 2284 δίκαιόςέστιν.
754 2224 850 2289 Αὑτάρ-
882 2221 1012 2272 morat
1021 2223 1064 2272 ta.
1099 2222 1218 2276 Quondam
1229 2221 1320 2268 cithara
1331 2230 1442 2268 tacentem

293 2306 345 2338 reia
361 2290 410 2354 γὰρ
431 2294 494 2354 πρὸς
514 2292 592 2340 πᾶσιν
610 2290 688 2350 ἡδονὴ
706 2289 796 2339 δικαία·
818 2288 850 2336 cl.
883 2288 983 2335 Suscitut
1002 2288 1102 2342 Musam,
1117 2294 1174 2335 cett.
1190 2300 1239 2333 non
1256 2299 1349 2348 semper
1367 2283 1445 2332 tendit

292 2353 389 2401 Pallad.
408 2354 454 2417 Ep.
466 2352 546 2411 cxxiv,
565 2354 590 2402 in
607 2354 708 2403 Anthol.
725 2354 806 2403 Grec.
821 2352 852 2399 Τ.
883 2366 964 2399 arcum
976 2351 1075 2415 Apollo,
1088 2350 1129 2399 sed
1143 2349 1207 2398 idem
1220 2348 1335 2398 citharam
1346 2364 1443 2412 quoqne

293 2416 328 2473 iii,
340 2434 365 2481 p.
377 2418 433 2465 140.
577 2428 581 2435 ·
883 2415 1002 2464 interdum
1013 2415 1101 2480 pulsat,
1114 2414 1139 2462 h.
1151 2430 1173 2462 e.
1184 2429 1233 2461 non
1247 2427 1340 2477 semper
1354 2411 1443 2459 tristem

325 2481 415 2528 9—12.
442 2480 574 2543 vulgarem
598 2480 748 2536 sententiam,
774 2479 851 2527 “noli
883 2487 908 2527 et
917 2478 1186 2537 iratum,sedserenum
1197 2492 1294 2542 quoque
1308 2475 1448 2544 placidung

292 2543 364 2607 igitur
374 2544 437 2591 ultra
445 2544 632 2593 mediocritatem
640 2561 778 2609 assurgere,
795 2559 851 2592 nam
884 2560 932 2608 que
942 2558 1115 2608 nonnunquam
1128 2542 1223 2591 vultum
1240 2557 1289 2608 prae
1304 2556 1330 2588 se
1345 2540 1392 2587 t'ert
1406 2540 1442 2587 A·

293 2623 343 2680 qno
354 2608 409 2672 quis
419 2607 444 2655 in
459 2609 542 2658 altiore
558 2610 611 2658 loco
625 2619 663 2658 est
672 2610 773 2721 positus,
787 2609 852 2656 ineo
884 2608 959 2673 pollo.
994 2609 1094 2656 Tendere
1109 2622 1194 2672 nempe
1205 2623 1284 2654 arcum
1296 2604 1387 2679 Apollo
1398 2605 1442 2652 fin·

293 2687 383 2745 majore
393 2671 637 2737 periculoversatur‚’¹
648 2675 669 2722 al
681 2673 781 2738 egoricis
792 2673 852 2720 ima·
884 2671 957 2736 gitur,
968 2672 1066 2736 quando
1080 2672 1116 2720 ira
1131 2677 1265 2720 commotus
1283 2677 1377 2734 sagittis
1394 2669 1443 2718 ruis

292 2736 389 2800 gimbus
399 2735 498 2801 pulchre
512 2738 643 2786 exornavit.
675 2739 767 2793 Savium.
780 2737 850 2784 saevi·
925 2745 972 2784 tem
988 2745 1013 2785 et
1027 2736 1187 2785 calamitatem
1204 2733 1325 2782 immittit:
1343 2734 1444 2782 Homer.

293 2816 333 2849 ore
353 2808 378 2849 et
397 2799 571 2850 vehementiore
597 2801 629 2849 im
661 2810 696 2851 tu.
737 2800 851 2864 Vulgaria
908 2797 1312 2874 ym.inhpoll.3,etlliad.i,59;
1326 2805 1445 2845 aturricus

293 2865 373 2922 lectio,
385 2869 474 2926 sepius,
487 2866 564 2930 ln'get.
597 2867 782 2931 Cesoegrnuiore
797 2882 852 2912 curu
882 2881 959 2923 tuum,
980 2874 1007 2914 ut
1027 2882 1053 2913 ιιι
1077 2867 1158 2915 Carm.
1181 2862 1269 2912 Sucul.
1291 2863 1323 2910 3³
1343 2860 1444 2919 dicitur,

294 2930 412 2978 Decidrmt
422 2940 511 2978 turres:
530 2930 617 2980 Claud.
626 2931 650 2979 in
660 2930 720 2980 Rus.
729 2929 747 2986 i,
756 2931 798 2985 2⁴2,
807 2931 851 2977 tol·
883 2931 970 2986 condit,
983 2929 1080 2994 quando
1095 2932 1158 2977 mitit
1168 2929 1319 2990 placidusque
1335 2941 1368 2990 ap
1401 2934 1445 2974 ret.

292 2995 377 3042 luutur
387 2997 412 3042 iu
424 2996 507 3052 ultum,
523 2995 554 3042 Ut
565 2997 631 3058 lapsu
643 2998 750 3059 grauiore
761 3002 849 3042 minut:
882 2993 1001 3042 Taemtem
1023 2995 1116 3042 Illarum
1137 2996 1257 3046 suscitare,
1277 3007 1319 3055 pro
1338 3007 1353 3038 v
1428 2990 1445 3046 ',

293 3057 326 3107 cl.
338 3058 439 3108 Mitsch.
467 3059 567 3107 Surum
575 3071 667 3116 montes,
676 3074 770 3108 summa
780 3072 848 3105 mon·
881 3056 1015 3106 intermissa
1031 3057 1137 3106 carmina
1150 3063 1292 3114 retractam
1308 3054 1339 3102 da
1354 3054 1445 3103 Graeco

292 3123 352 3170 tium
364 3123 499 3181 cacumina,
509 3125 540 3173 τὰ
551 3125 623 3187 ἄκρα.
882 3120 997 3185 loquendi
1008 3137 1094 3186 genere
1103 3121 1195 3169 Menum
1201 3122 1320 3175 suscitare,
1331 3117 1445 3183 ἐγείρειν,

327 3189 430 3236 13-17.
443 3188 524 3250 Sperat
534 3189 632 3253 infertis,
643 3189 726 3236 notuit
735 3186 849 3242 ueundir,
881 3184 1006 3250 ἐρεθίζειν,
1025 3194 1083 3235 cett.
1105 3185 1154 3234 vid.
1175 3183 1277 3233 Miuch.
1311 3184 1444 3240 camum,

292 3259 349 3300 cett.
370 3267 470 3302 sensus:
499 3250 592 3300 animus
616 3251 707 3300 virtutis
727 3249 852 3315 preceptis
883 3265 1065 3315 nonnunquam,
1087 3249 1221 3298 interdum:
1246 3247 1316 3311 Virg.
1338 3248 1400 3294 AEn.
1418 3246 1446 3305 ii,

292 3314 353 3364 bene
364 3317 470 3364 munitus
484 3324 509 3364 et
521 3317 674 3364 continuatus
688 3331 765 3380 neque
777 3315 804 3362 in
814 3330 850 3363 re·
883 3314 941 3371 tot,
960 3315 1080 3369 Quondam
1095 3317 1164 3362 etium
1183 3315 1249 3361 uictis
1264 3315 1324 3360 redit
1340 3314 1368 3360 iu
1380 3329 1445 3375 ρκ-

292 3378 338 3426 bus
355 3379 447 3428 infestis
461 3379 578 3446 desperat,
596 3395 674 3444 neque
689 3379 715 3427 in
729 3378 851 3435 secundis,
883 3382 962 3427 cordia
973 3383 1057 3429 virtus.

291 3443 378 3491 timens
389 3444 478 3510 quippe
490 3444 589 3493 lorttmae
606 3443 797 3498 inconstantiam,
813 3443 850 3491 in·
916 3445 1023 3502 21-24.
1040 3446 1160 3492 Auiumtur
1167 3441 1264 3502 adpare:
1279 3441 1341 3488 bene
1350 3455 1445 3505 praepa·

291 3504 408 3556 solentius
429 3525 454 3557 se
473 3509 549 3572 gerit;
571 3508 618 3557 scit
636 3507 709 3566 enim,
728 3507 852 3571 utriusque
883 3514 961 3554 ratum
973 3517 1065 3573 peetus,
1077 3515 1104 3554 ut
1115 3523 1138 3554 v.
1151 3506 1182 3551 lt
1192 3503 1325 3560 dicebatur,
1334 3505 1444 3563 ostende,

292 3569 393 3619 fortune
414 3573 514 3622 eandem
537 3589 565 3622 ac
585 3573 694 3621 tristioris
710 3579 735 3620 et
754 3571 853 3620 laetioris
884 3571 959 3619 animi
974 3573 1046 3620 robur
1060 3579 1085 3619 et
1095 3567 1253 3619 constantium
1280 3569 1347 3616 roba.
1382 3569 1444 3616 Con-

291 3635 795 3701 annitemporisvicissitudinemesse,cett.
809 3637 852 3683 At·
885 3638 962 3684 tratur
970 3646 1036 3684 uento
1046 3638 1143 3682 nimium
1156 3635 1253 3681 mundo
1285 3634 1373 3696 urgidu
1383 3635 1446 3682 uela.

292 3709 372 3756 ter-am,
390 3702 541 3760 contrariam,
560 3700 696 3750 adversam:
715 3699 756 3764 qui
774 3700 798 3748 in
815 3716 852 3749 re·
885 3701 1005 3748 Carminis
1023 3699 1101 3748 exitus
1117 3699 1178 3747 bene
1194 3697 1248 3760 ejus
1263 3696 1331 3745 initio
1345 3711 1446 3761 respon·

290 3763 336 3811 bus
356 3764 467 3813 secundis
486 3767 573 3815 metuit
590 3765 710 3820 adversas,
729 3765 851 3826 eleganter
881 3764 939 3825 det;
957 3765 1079 3827 vulgarem
1097 3760 1248 3816 sententiam,
1267 3761 1392 3809 “lortunu
1407 3777 1446 3810 se·

291 3827 336 3876 inf.
348 3830 398 3877 Sat.
409 3827 434 3886 ii,
446 3831 471 3887 2,
485 3831 529 3878 lll
548 3833 645 3890 topace
663 3831 777 3890 sapienter
793 3830 850 3876 hello
881 3828 961 3877 cunda
987 3829 1030 3876 tibi
1052 3827 1168 3876 arridente
1187 3841 1312 3890 compesce
1334 3824 1448 3873 animum

291 3895 371 3940 idonea
379 3902 461 3954 aptore
471 3893 565 3942 dicitur.
600 3893 719 3960 luscrmes,
728 3891 785 3956 quia
797 3892 850 3941 tris·
882 3892 1069 3957 tuum,’'pariter
1076 3891 1180 3954 imagine
1190 3905 1205 3936 a
1213 3889 1366 3954 navigatione
1371 3889 1449 3938 dueta

291 3966 338 4004 tem
347 3957 445 4004 formam
457 3967 548 4007 natunn
559 3956 672 4006 induunt.
694 3957 850 4018 Jiptmcct.
882 3957 978 4005 extulit.
1007 3957 1163 4005 Namnantre
1171 3969 1277 4018 quoque,
1290 3953 1449 4018 siprohibere

291 4037 346 4086 sup.
359 4021 375 4079 i,
391 4023 428 4078 lt,
445 4022 482 4079 15,
494 4031 519 4071 et
529 4022 556 4078 ii,
565 4023 589 4080 6,
601 4023 640 4070 17.
686 4021 848 4070 ldemsntmo-
880 4022 966 4069 volunt
977 4037 1008 4068 ne
1018 4019 1112 4084 lougius
1128 4019 1250 4068 auferatur
1259 4017 1328 4066 navis
1341 4018 1448 4066 soeuudi

290 4095 335 4132 vet.
372 4085 413 4135 Cl.
425 4085 526 4135 Mitsch.
539 4087 607 4136 affert
618 4087 697 4135 locum
709 4101 738 4134 ex
752 4085 848 4148 Fragm.
880 4085 944 4134 venti
962 4085 1059 4141 adflatu,
1078 4082 1216 4133 contrahere
1231 4081 1320 4131 debent
1336 4083 1392 4130 vela
1408 4082 1449 4129 ni·

291 4149 385 4199 Comici
407 4149 471 4214 apud
493 4152 562 4201 Grot.
582 4152 608 4199 in
626 4151 728 4199 Excurs.
747 4165 771 4213 p.
790 4151 847 4206 913,
881 4149 956 4198 mium
968 4157 1039 4198 vento
1052 4147 1187 4212 turgentia:
1205 4148 1233 4196 rh
1247 4150 1344 4196 nimium
1362 4144 1449 4210 aptius

252 4233 256 4238 “
290 4213 796 4328 resultet-‘titutotlt..
809 4277 848 4326 s..
881 4210 1451 4342 ἒῖἷῖἕέΫιῃὲῗΐᾱιῑᾷῖᾚῗῗῖἱὶέἓὲ

423 4313 429 4326 ·
456 4322 457 4325 =
503 4316 509 4336 r
648 4315 649 4318 ¹
682 4316 688 4336 ι
952 4314 959 4326 ·
1001 4314 1008 4335 r
1048 4315 1054 4334 ι
1126 4314 1133 4334 r

288 4347 348 4392 erit.-
373 4342 491 4391 notissimi
509 4343 534 4392 in
554 4344 616 4391 hanc
635 4342 775 4392 sententiam
793 4349 851 4390 sunt
881 4345 937 4390 uelit
949 4343 1060 4405 Aquilone
1077 4339 1451 4398 seeundo‚·1t¹mtamenauver·

289 4423 372 4455 versus
391 4406 510 4456 Theocriti
530 4407 563 4464 iv,
582 4409 611 4455 41
632 4417 655 4456 et
674 4409 720 4454 43:
742 4407 851 4470 θαρσεῖν
882 4409 912 4454 ria
928 4416 1018 4454 etatem
1032 4409 1137 4454 ducimur
1148 4407 1250 4453 Austris.
1283 4403 1405 4465 Exempla
1416 4403 1451 4452 de

290 4473 348 4534 χρὴ,
358 4471 412 4535 φίλε
428 4471 514 4522 Βάττε·
527 4469 582 4534 τάχ’
594 4472 681 4535 αὔριον
694 4471 767 4520 ἔσσετ’
784 4473 849 4534 ἅμα·
882 4470 1003 4519 locutione
1019 4471 1125 4523 nautica.
1136 4471 1187 4517 uela
1201 4470 1344 4522 contrahere,
1356 4467 1387 4515 ud
1400 4467 1450 4514 im·

290 4553 347 4586 utu.
382 4537 424 4584 Χὼ
436 4539 494 4595 Ζεὺς
505 4537 600 4586 ἄλλοκα
611 4537 657 4600 μὲν
668 4535 735 4586 πέλει
747 4536 849 4600 αἴθριος,
882 4545 962 4599 petum
987 4535 1061 4583 animi
1081 4533 1241 4582 cohibendum
1264 4532 1389 4589 translata,
1416 4546 1450 4580 ex
