3150 5200
299 332 363 395 ese
716 329 1041 434 snurnnnuu

387 482 555 547 Interdum
569 482 697 557 urbani,
713 483 877 565 parcentis
892 483 1026 559 viribus,
1043 494 1141 568 atque

387 584 607 649 Extenuantis
622 606 678 647 ees
694 584 853 649 consulto.
900 583 1088 648 Ridiculum
1103 586 1171 649 acri

325 688 364 751 15
385 688 517 751 Fortius
532 698 566 751 et
581 686 694 750 melius
709 707 844 769 magnas
859 685 1050 770 plerumque
1065 698 1155 751 secat
1169 708 1233 751 res.

384 790 447 867 llli,
464 790 585 874 scripta
599 790 718 873 quibus
734 788 897 852 comoedie
910 788 1019 872 prisea
1033 788 1111 852 viris
1126 798 1188 867 est,

385 893 461 958 Hoc
477 894 617 969 stabant,
633 891 696 956 hoc
710 901 785 954 sunt
800 889 959 966 imitandi,
975 912 1057 973 quos
1072 911 1179 975 neque
1193 890 1330 974 pulcher

385 994 610 1079 Hermogenes
625 1016 768 1078 unquam
782 993 872 1077 legit,
887 1014 995 1077 neque
1009 992 1121 1056 simius
1136 993 1210 1070 iste,

383 1096 443 1160 Nil
457 1106 577 1181 praeter
593 1095 728 1160 Calvum
743 1106 777 1159 et
792 1095 910 1159 doctus
924 1104 1056 1159 cantare
1070 1095 1244 1160 Catullum.

319 1199 362 1262 20
382 1197 431 1262 At
444 1219 596 1283 magnum
610 1195 697 1275 fecit,
714 1197 803 1281 quod
817 1198 925 1260 verbis
941 1195 1061 1261 Graeca
1076 1196 1203 1260 Latinis

384 1300 531 1365 Miscuit.
577 1298 610 1362 Ο
626 1300 691 1363 seri
706 1299 904 1364 studiorum!
928 1299 1027 1381 quine
1042 1300 1165 1383 putetis

384 1402 527 1467 Difficile
542 1412 576 1465 et
592 1400 718 1478 mirum,
735 1400 870 1464 Rhodio
885 1399 974 1483 quod
990 1400 1190 1465 Pitholeonti

384 1504 551 1587 Contigit?
596 1501 645 1567 At
661 1524 766 1567 senno
781 1502 894 1587 lingua
907 1501 1085 1566 concinnus
1100 1513 1239 1587 utraque

358 1594 364 1603 ⁵
385 1607 533 1682 Suavior,
549 1616 586 1669 ut
601 1604 685 1669 Chio
700 1615 777 1669 note
792 1604 820 1667 si
834 1604 1008 1668 commixta
1021 1604 1151 1668 Falerni
1165 1616 1227 1669 est.

235 1784 237 1788 ¹
318 1709 362 1773 25
384 1709 496 1783 Quum
511 1730 624 1773 versus
639 1706 751 1785 facies,
768 1718 801 1771 te
816 1707 922 1791 ipsum
937 1716 1123 1790 percontor,
1139 1728 1182 1770 an
1196 1716 1230 1770 et
1244 1728 1345 1790 quum

383 1812 480 1876 Dura
493 1810 553 1873 tibi
568 1810 756 1893 peragenda
769 1809 818 1873 rei
834 1810 875 1871 sit
891 1830 990 1872 cause
1005 1807 1134 1872 Petillii

328 2000 353 2055 9,
373 1999 412 2045 10.
435 1997 488 2045 Neu
508 2012 531 2045 re
551 1996 755 2058 impedimentis
775 1996 854 2051 tuem,
887 1995 1185 2060 poetarup.Sat.i,2,3,
1204 1995 1298 2059 etjam
1316 2004 1443 2054 mortuum,

295 2064 443 2111 merentibus
451 2078 527 2119 auree,
537 2076 583 2109 neu
594 2057 709 2124 impedita
719 2068 744 2107 et
755 2059 855 2107 molesta
886 2074 960 2116 nunc,
988 2068 1017 2107 ut
1042 2059 1124 2108 virum
1151 2058 1239 2113 adhue,
1267 2059 1371 2115 inducit.
1393 2061 1443 2111 rid.

296 2126 409 2176 reddatur
429 2125 503 2174 nimie
517 2125 643 2175 verborum
662 2137 732 2172 eures
751 2122 853 2187 fatigan-
886 2123 1012 2171 Heindorf.
1024 2139 1079 2188 sup.
1093 2122 1125 2171 ad
1143 2123 1194 2171 Sat.
1205 2122 1223 2179 i,
1235 2124 1261 2178 4,
1273 2124 1314 2172 72.
1346 2126 1445 2174 sines:

296 2191 356 2240 tium
367 2190 522 2240 abundantia.
885 2202 928 2251 per
943 2191 1037 2235 rimium
1053 2195 1125 2254 poeta
1139 2184 1278 2251 designasse
1290 2188 1387 2237 videtur
1400 2200 1444 2239 aut

338 2256 442 2304 ll-lt.
471 2255 552 2310 Tristi,
578 2267 668 2303 severo.
713 2250 856 2317 Defendente
887 2250 1070 2309 modulatorem,
1090 2250 1133 2317 qni
1155 2252 1219 2301 simii
1243 2252 1319 2300 instar
1343 2253 1444 2304 ridicule

296 2323 366 2368 uicem
377 2323 449 2377 modo,
460 2320 592 2367 sustinente
604 2316 675 2365 modo
686 2324 764 2381 partes
775 2315 853 2364 rheto·
885 2314 1023 2365 imitabatur
1033 2316 1108 2365 Herm
1153 2330 1217 2372 nem,
1228 2325 1272 2364 ant
1281 2316 1358 2365 ulium
1367 2334 1443 2382 quen·

297 2383 338 2440 ris,
349 2392 407 2433 cett.
418 2384 452 2432 sic
463 2394 539 2445 portes
548 2384 631 2431 actoris
639 2382 761 2447 defendere
771 2380 816 2428 inl.
828 2380 853 2428 in
885 2380 941 2427 darn
964 2380 1054 2454 pusilla
1074 2387 1099 2428 et
1128 2378 1185 2428 σιὼ
1209 2380 1284 2429 forma
1306 2381 1442 2444 insignem:

297 2447 376 2512 Epist.
395 2446 570 2495 adrianus.
589 2448 644 2495 194.
678 2445 800 2493 Interdum
810 2462 851 2492 ur·
884 2452 1035 2507 posteriorem
1043 2444 1444 2509 explicationemconfirmatsehol.

296 2512 359 2567 dorsi,
382 2510 485 2560 hominis
501 2510 532 2559 ad
551 2510 719 2567 urbanitatem,
740 2509 766 2557 h.
782 2524 805 2557 e.
823 2508 854 2558 ed
886 2509 972 2572 Cruq„
990 2519 1056 2557 notet
1086 2509 1122 2556 Μ.
1149 2510 1260 2571 orientem
1288 2510 1441 2569 Demetrion,

190 2621 193 2628 Α
293 2573 450 2640 elegantiores
461 2590 546 2632 mores,
562 2574 594 2622 ad
608 2572 744 2624 comitatem
761 2584 785 2624 et
795 2573 854 2623 faoi-
885 2588 950 2636 quem
966 2575 1059 2622 timiam
1077 2575 1181 2622 nominet
1193 2584 1288 2636 propter
1306 2575 1443 2640 deformite-

296 2639 387 2689 litatem
399 2656 451 2688 corn
483 2640 522 2688 siti
533 2639 577 2702 (de
591 2653 648 2687 voce
663 2642 767 2687 urbanus
778 2648 802 2688 et
812 2657 855 2686 ur·
886 2648 930 2686 tem
946 2649 968 2685 et
978 2641 1065 2686 brevem
1074 2648 1206 2696 staturum,-
1220 2650 1272 2688 erut
1286 2649 1364 2688 autem
1382 2639 1442 2703 δρα-

295 2703 444 2752 dom'tervid.
478 2711 550 2752 mest.
560 2703 587 2750 in
597 2701 668 2751 cuv.
678 2701 761 2762 cm),
773 2703 795 2751 is
806 2703 850 2766 igi-
882 2704 1018 2767 uororoidc
1035 2703 1059 2750 h.
1078 2717 1100 2751 e.
1117 2705 1254 2760 modulator,
1271 2705 1361 2760 niorto,
1379 2716 1444 2754 octor

295 2775 334 2815 tur
343 2771 420 2830 parcit
429 2770 526 2822 uiribua,
538 2768 564 2815 h.
574 2782 597 2816 e.
607 2780 646 2821 ea,
657 2781 711 2830 quie
721 2766 817 2828 gravius
827 2775 852 2816 et
875 2768 1019 2831 fututurum
1028 2783 1037 2824 ,·
1054 2765 1089 2815 sic
1099 2766 1204 2830 pusillus
1214 2776 1240 2816 et
1247 2766 1360 2815 delonnis
1370 2767 1444 2818 homo

295 2833 404 2881 acerbius
413 2832 462 2882 dici
479 2831 579 2898 possint,
589 2835 705 2894 temperet
716 2838 740 2877 et
750 2833 852 2879 consulto
884 2830 948 2879 aud
974 2831 1073 2879 Greoos
1099 2831 1218 2891 πίθηκοςε
1245 2830 1353 2895 exempla
1373 2833 1445 2882 dedit

294 2907 417 2946 estenuet:
433 2913 474 2964 per
488 2900 545 2945 uires
564 2893 671 2957 intellige
688 2891 783 2942 dicendi
804 2895 852 2942 vim
895 2894 1038 2968 'eiodorflus
1054 2895 1085 2944 sd
1102 2894 1129 2943 lt.
1139 2895 1172 2942 1.:
1190 2894 1220 2943 de
1234 2894 1314 3006 Kriore
1331 2897 1442 2961 expliea-

294 2961 475 3026 etgravitatem.
885 2959 1224 3016 tione,ubirimimvelsimio
1250 2958 1441 3010 eridionloimi-

331 3027 369 3076 ld.
386 3027 461 3083 Senot,
471 3025 569 3081 dirimit,
587 3032 614 3072 ut
631 3022 674 3071 inl.
691 3023 768 3088 Epist.
780 3023 799 3078 i,
813 3026 852 3082 16,
884 3031 959 3072 tutore
972 3023 1069 3080 dicitnr,
1084 3022 1194 3107 exempla
1211 3022 1309 3086 collegit
1324 3024 1440 3074 fornelli-

295 3092 336 3148 tu,
351 3093 402 3146 Quo
416 3093 494 3139 nrulte
506 3105 637 3154 magnoque
652 3098 759 3136 secuntur
768 3091 853 3148 judice
884 3102 931 3135 nus
947 3103 969 3135 s.
986 3104 1010 3135 v.
1024 3089 1104 3135 Simia.
1140 3087 1183 3134 llil
1200 3098 1284 3148 preter
1301 3089 1401 3137 &toan
1418 3103 1442 3140 et

295 3157 354 3204 liter.
387 3158 492 3206 Sensus:
510 3154 535 3202 in
554 3155 624 3202 rebus
641 3150 721 3216 magni
739 3152 852 3201 momenti
883 3154 962 3200 doetus
978 3161 1073 3200 contere
1092 3152 1221 3207 Catullum,
1241 3150 1310 3199 nulla
1328 3153 1378 3200 alie
1395 3155 1440 3203 nisi

290 3218 431 3268 dirimendis
446 3221 500 3284 pius
516 3233 549 3266 so
591 3216 681 3281 jocosis
714 3230 769 3262 uam
786 3217 850 3266 salse
882 3216 954 3264 Calvi
973 3224 997 3264 et
1014 3216 1106 3264 Catulli
1121 3214 1229 3263 carmina
1243 3215 1440 3268 decantaredoe·

290 3283 364 3331 dictis
385 3284 494 3333 efficitur.
557 3283 682 3342 lorumque,
696 3232 764 3328 laud
787 3295 849 3338 raro,
883 3288 929 3328 tus.
957 3279 1372 3329 Susuissimehecvertitvossiur:
1389 3287 1441 3332 eder

292 3344 787 3474 “n”ininitmtii¹⁴;i⁹⁵n
833 3410 838 3420 ·
881 3343 1302 3457 neminemne
1315 3347 1440 3460 “nort

292 3474 330 3522 illi
347 3474 399 3530 uiri,
415 3446 518 3540 qiiibus;
535 3474 614 3540 plone,
631 3482 658 3522 ut
668 3489 723 3539 sup.
733 3425 848 3530 Satiff,
882 3473 976 3521 Caluus
993 3471 1081 3521 nobilis
1098 3471 1145 3520 luit
1166 3481 1244 3537 poeta,
1267 3473 1310 3536 qni
1332 3476 1441 3524 nimina

290 3541 318 3596 2,
342 3539 417 3602 Atque
441 3541 494 3595 ulii,
520 3542 770 3602 quorum—uirorum,
796 3553 849 3603 pro,
878 3536 963 3601 jocosa
980 3544 1005 3585 et
1024 3537 1139 3586 amatoria
1157 3536 1298 3601 composuit·
1336 3539 1440 3589 Ovidius

292 3603 482 3668 atquealiiriri,
511 3619 614 3665 uorum;
631 3601 738 3651 ubivide
753 3618 850 3668 quoque
881 3616 914 3666 qu
946 3617 978 3649 ue
988 3600 1014 3648 in
1024 3601 1098 3650 Trist.
1112 3601 1138 3656 ii,
1150 3602 1207 3657 tel,
1220 3601 1441 3667 Celuumparemet

292 3667 324 3717 de
351 3621 549 3718 nscacomoiia.
882 3665 985 3713 simiem
1005 3667 1099 3715 Caudio
1114 3664 1182 3713 tacit.
1215 3664 1383 3715 Modulatores
1393 3668 1439 3731 igi-

328 3685 432 3782 i7-19.
459 3733 509 3782 lloe
530 3735 631 3788 student,
651 3729 676 3778 in
695 3731 740 3778 hac
760 3743 784 3776 re
805 3727 851 3776 sibi
883 3738 921 3778 tur
929 3729 974 3784 illi,
983 3729 1134 3794 Hermogenes
1145 3732 1256 3777 etsimiut
1266 3733 1317 3786 iste,
1327 3745 1376 3778 nou
1386 3747 1440 3780 ear·

292 3799 442 3855 constabant,
454 3796 498 3846 has
510 3805 587 3864 partes
597 3803 734 3845 constanter
747 3792 848 3842 tueban-
880 3792 947 3842 mina
957 3793 1066 3856 graviore
1080 3802 1104 3842 et
1118 3809 1209 3848 serem,
1220 3792 1263 3841 sed
1280 3792 1368 3843 leviore
1384 3804 1440 3844 tan-

294 3871 349 3924 tur;
377 3862 424 3911 nisi
443 3861 497 3927 quis
514 3861 633 3927 explicare
655 3859 730 3916 malit,
757 3857 803 3904 hac
823 3873 849 3906 re
881 3867 932 3906 tom
948 3867 973 3904 et
986 3856 1071 3922 jocosa
1086 3858 1173 3922 legere,
1185 3856 1299 3916 ediscere,
1310 3867 1336 3907 et
1349 3858 1440 3908 decan·

293 3927 428 3994 placebant.
455 3926 495 3975 Sic
507 3927 589 3976 Sobel.
602 3926 669 3980 Aer..
679 3941 703 3972 eo
714 3925 761 3985 ipso
771 3923 847 3982 plece-
880 3931 931 3971 ture
940 3921 1057 3970 solebant.

292 3995 357 4048 dont,
373 3994 431 4056 quod
447 3993 550 4040 Minnio
571 4007 596 4040 eo
618 3991 691 4052 mogi:
710 3989 848 4043 morderent,
913 3989 953 4034 20.
970 3987 1003 4034 At
1023 4001 1134 4048 magnum
1166 3988 1220 4042 erit,
1238 3993 1295 4034 oett.
1327 3986 1364 4035 At
1386 3989 1439 4036 Lu·

292 4059 466 4122 quomn'uorio
475 4057 632 4118 protulissent.
660 4050 850 4162 Scilicetisadula
879 4048 959 4107 cilius,
970 4049 1036 4115 quod
1045 4049 1116 4098 verbs
1154 4065 1217 4099 ruca
1233 4049 1329 4098 Latinis
1345 4051 1440 4100 immis-

290 4133 352 4171 store
366 4120 494 4177 dieitur,si
508 4121 539 4168 ab
555 4119 623 4167 initio
639 4135 655 4166 ιι
685 4131 746 4164 uea
777 4113 848 4162 finem
880 4114 939 4170 cuit,
951 4114 1008 4163 lecit
1016 4111 1109 4177 aliquid
1121 4128 1209 4176 magno
1218 4122 1289 4178 poeta
1299 4114 1411 4178 dignum.

290 4186 402 4252 plausum
416 4185 474 4234 lert:
493 4184 542 4232 rid.
558 4181 646 4232 Heind.
703 4180 729 4228 h.
739 4180 757 4227 l.
787 4178 847 4226 Pul·
911 4180 954 4226 21.
971 4179 1048 4226 Orsi-i
1063 4179 1227 4234 studiorumo
1241 4193 1283 4226 ros
1297 4178 1439 4228 leviterad-

290 4253 357 4299 cder:
374 4251 473 4298 fortasse
483 4249 542 4313 quia
555 4249 717 4310 Hermogenes
728 4241 848 4306 Tigellius
879 4242 927 4290 hue
938 4242 1052 4291 doctrine
1066 4240 1161 4297 stodiis,
1171 4241 1202 4290 ad
1216 4258 1271 4339 lm
1287 4257 1340 4292 sero
1356 4259 1440 4294 acees-

289 4317 386 4376 pulcher
393 4314 467 4363 rideri
478 4313 581 4366 volebat,
590 4312 628 4359 vel
640 4308 734 4375 pulchri
741 4306 846 4374 speciem
876 4307 942 4356 sistis
956 4306 1122 4372 (ὀψιμαθεῖς),
1133 4305 1234 4355 imbuti.
1256 4310 1325 4370 quine
1341 4313 1439 4368 punto,

290 4379 389 4428 ridicule
409 4378 550 4428 affectabatr
568 4375 629 4424 serio
647 4381 711 4423 certe
731 4372 846 4421 Horatius
878 4387 952 4420 vosne
962 4372 1062 4446 putetis,
1074 4378 1146 4444 cett:
1163 4371 1275 4446 esempla
1291 4371 1321 4419 de
1337 4371 1384 4420 hoc
1402 4375 1440 4422 lo·

235 4452 243 4461 ’
290 4439 847 4569 lfflilr'ldllildlldliil'dg‘liii
879 4435 1439 4562 lilld'ln'dllffllilri‘lffiil‘lsm
