3150 5200
249 321 313 385 438
624 310 1020 380 EPISTOLARUM

270 472 313 535 85
335 466 533 534 Festinantis
547 464 636 543 heri3
660 465 713 529 cui
729 465 756 527 si
771 464 886 528 vitiose
899 463 1003 527 libido

335 571 464 635 Fecerit
479 568 669 651 auspicium,
686 588 757 631 cros
773 564 969 628 ferramenta
982 562 1132 627 Teanum

335 671 485 745 Tolletis,
501 668 595 731 fubri.
642 668 765 731 Lectus
780 664 916 750 genialis
930 665 964 726 in
979 662 1053 726 auls
1069 672 1139 727 ests

335 770 394 835 Nil
409 772 455 834 uit
467 792 539 833 esse
554 770 658 853 prius,
672 766 786 831 melius
801 765 847 829 nil
861 764 975 829 caelibe
989 765 1074 840 vitu3

335 873 372 936 Si
386 894 451 936 non
466 881 527 947 est,
538 872 628 954 juret
641 872 725 933 bene
741 866 817 931 solis
831 888 903 930 esse
917 866 1051 928 maritis.

270 973 314 1037 90
336 974 412 1047 Quo
428 984 553 1037 teneam
568 971 676 1035 vultus
690 977 867 1033 mutantem
879 966 1001 1029 Protea
1015 964 1128 1027 nodo?

337 1074 428 1148 Quid
443 1076 589 1159 paupert
613 1072 682 1134 ride
696 1094 704 1133 :
727 1078 831 1131 mutat
845 1066 1023 1141 coenacula,
1038 1064 1153 1138 lectos,

336 1174 471 1251 Balnea,
486 1184 650 1237 tonsores:
674 1169 839 1235 conducto
851 1168 981 1252 navigio
993 1186 1089 1249 aeque

336 1276 486 1339 Nauseat
501 1294 538 1337 uc
552 1271 708 1355 locuples,
724 1290 822 1355 quem
836 1268 928 1332 ducit
941 1269 1033 1351 privs
1049 1266 1200 1330 triremis.

337 1376 375 1439 Si
388 1385 520 1439 curatus
535 1372 685 1457 inoequoli
701 1382 832 1435 tonsore
848 1368 982 1452 capillos

271 1477 315 1540 95
337 1475 497 1550 Occurro,
514 1475 618 1538 rides:
644 1474 670 1535 si
685 1471 770 1536 forte
786 1469 945 1533 subucula
961 1490 1055 1554 pexae

338 1577 434 1640 Trito
449 1576 562 1639 subest
576 1575 705 1650 tunicae,
720 1570 771 1635 vel
787 1572 814 1634 si
829 1580 907 1653 toga
921 1570 1060 1634 dissidet
1073 1568 1189 1653 impar,

251 1780 368 1894 pspmtpr
396 1779 523 1845 transigere
552 1786 652 1843 possunt
682 1776 809 1843 probantes
841 1775 957 1887 alliga?
967 1772 1400 1885 ”w’gilifflglffimh

238 1860 282 1894 '08
299 1860 337 1895 em
1048 1872 1054 1892 s
1293 1872 1300 1885 ·

284 1909 389 1957 83-87.
418 1906 506 1955 Nullus
531 1910 557 1955 in
584 1907 635 1954 orbe
656 1908 728 1960 sinus,
750 1910 808 1951 cett.
872 1904 914 1951 90.
1018 1910 1115 1956 tenentes,
1137 1908 1195 1947 cett.
1224 1915 1273 1963 qno
1299 1901 1399 1951 vinculo

251 1972 365 2021 Horatius
374 1971 426 2045 jam
443 1970 552 2034 exemplu
569 1967 672 2017 levitatis
689 1976 713 2017 et
729 1974 807 2015 muts-
840 1963 946 2022 divitem,
958 1966 1053 2018 formes,
1065 1978 1125 2027 ques
1135 1961 1222 2016 induit,
1234 1964 1315 2013 Protei
1325 1964 1400 2015 instar

241 2034 307 2083 bilis
317 2036 440 2083 homnem
457 2033 530 2082 animi
543 2032 620 2081 affert.
653 2034 757 2081 Sensus:
775 2029 807 2077 si·
840 2038 980 2085 mutantem,
1005 2028 1160 2076 constrictum
1193 2030 1304 2075 tenesml
1331 2029 1356 2077 b.
1374 2044 1399 2081 e.

250 2098 331 2147 mulso
347 2098 515 2162 homosliqnis
529 2097 596 2145 dives
608 2095 677 2151 dixit,
689 2094 809 2142 “Nullus
841 2093 960 2157 quomodo
980 2106 1128 2156 compescam
1155 2091 1297 2140 mutabilem
1317 2092 1399 2141 dicitis

252 2161 277 2209 in
289 2170 338 2211 toto
350 2172 463 2211 terrerum
478 2162 534 2211 orbe
545 2160 612 2209 sinus
627 2159 694 2207 Baiis
706 2158 809 2206 smoenis
841 2157 965 2205 animuml
989 2158 1110 2220 SupSst.
1120 2153 1398 2211 ii,3,⁷l,mslusdebi·

251 2225 374 2290 pulchrius
385 2224 584 2291 exsplendescit,'’
601 2222 680 2271 stutirn
691 2221 733 2270 ille
745 2236 809 2269 umo-
842 2229 878 2269 tor
888 2222 933 2269 sub
945 2219 1017 2269 variis
1028 2218 1116 2273 lormis,
1128 2218 1152 2266 b.
1161 2233 1183 2265 e.
1193 2218 1288 2268 callidis
1298 2222 1398 2279 artibus,

252 2304 311 2346 sem,
323 2306 371 2353 quo
383 2290 497 2339 Beisrurn
515 2287 653 2337 smoenitete
669 2293 753 2351 coptus
765 2293 809 2340 est,
842 2283 981 2333 creditorem
998 2283 1107 2339 eludens,
1126 2282 1222 2330 Proteus
1238 2294 1345 2340 vocetur,
1357 2286 1397 2333 ubi

252 2352 526 2407 declamtlestinstione,
538 2367 586 2416 qus
594 2352 646 2416 jem
657 2350 754 2415 (ierus)
766 2348 809 2397 do·
842 2348 891 2396 rid.
911 2358 992 2397 notate
1004 2367 1009 2395 :
1028 2348 1060 2395 cl.
1078 2360 1173 2411 quoque
1183 2346 1213 2394 de
1223 2347 1307 2395 fabule
1319 2349 1398 2397 Protei

252 2416 332 2463 minus
342 2430 367 2464 et
377 2416 466 2464 locutor
477 2416 500 2464 in
514 2416 591 2463 littore
601 2415 697 2463 domum
709 2412 734 2460 in
745 2428 811 2461 mure
844 2412 914 2474 virg.
933 2414 995 2462 Geo.
1013 2412 1045 2468 iv,
1061 2411 1108 2459 387
1150 2426 1175 2473 q.
1191 2418 1215 2457 et
1227 2427 1282 2474 quse
1300 2412 1335 2459 ibi
1348 2412 1397 2460 dis·

251 2490 424 2543 procurrentem
436 2480 535 2528 fundere
547 2488 572 2527 et
581 2488 701 2528 exstruere
710 2478 793 2542 incipit
800 2495 807 2537 3
841 2484 912 2540 putet
926 2475 1043 2540 lleynius.
1079 2475 1137 2547 Apu
1167 2474 1269 2537 Virg.v.
1283 2477 1332 2523 ³96
1349 2476 1397 2549 Cy-

252 2550 277 2590 st
294 2542 314 2589 si
331 2542 375 2590 hoc
393 2545 541 2608 repentinum
553 2542 679 2591 consilium
690 2550 766 2589 ortum
779 2540 810 2589 sit
842 2540 979 2589 renefiliurn
993 2555 1063 2588 suum
1073 2539 1204 2586 Anstrenm
1212 2538 1344 2603 alloquitur
1354 2556 1399 2598 src,

251 2621 281 2655 ex
291 2607 342 2654 sols
352 2605 460 2663 libidine,
470 2607 509 2655 cui
518 2607 718 2655 inconsideranter
729 2605 808 2653 indul·
841 2605 889 2653 Hic
899 2608 950 2661 tibi,
961 2615 1024 2659 note,
1034 2606 1099 2665 prius
1116 2604 1198 2650 uinclis
1214 2607 1338 2666 copiurdns
1348 2608 1399 2668 (sc.

281 2671 330 2726 bat,
349 2679 399 2716 tum
417 2679 509 2718 mutato
530 2670 629 2718 consilio
650 2670 697 2716 'am
733 2679 809 2718 ostero
842 2670 967 2730 Proteus),
985 2677 1010 2716 et
1026 2685 1051 2716 v.
1068 2669 1125 2721 405,
1140 2666 1231 2723 Verum,
1250 2670 1290 2714 ubi
1306 2685 1398 2730 correp-

270 2733 291 2782 'e
303 2733 396 2782 fabrilia
407 2733 564 2781 instrumenta
576 2735 614 2794 (in
630 2734 701 2780 aium
715 2687 807 2796 docum)
840 2741 890 2780 sum
907 2736 1011 2780 monibus
1026 2734 1150 2792 tinctisque
1161 2733 1261 2778 terrm:
1278 2731 1341 2780 hsnc
1351 2732 1398 2795 igi-

251 2797 359 2846 Tssnnm
376 2799 418 2858 (ut
433 2797 467 2844 ibi
486 2795 564 2862 potius
578 2797 675 2844 domurn
694 2796 808 2857 edificet)
841 2804 879 2844 tur
889 2796 995 2844 lebulrm
1006 2796 1037 2845 de
1048 2797 1141 2858 Cyrene
1150 2802 1175 2843 et
1186 2795 1298 2851 Arbtreo,
1312 2805 1339 2843 ut
1346 2796 1399 2860 jam

251 2861 404 2925 transportari
418 2861 521 2926 jubebit.
554 2859 610 2908 Huc
628 2858 729 2940 pertinet
741 2860 810 2909 locus
842 2860 975 2909 observavit
998 2861 1129 2914 Gesnerus,
1153 2859 1283 2924 respexisse
1306 2859 1400 2909 ridetur

251 2939 305 2989 sup.
322 2923 370 2973 Od.
389 2924 416 2980 ii,
437 2927 477 2978 18.
496 2927 526 2974 19
543 2940 596 2988 sqq.
615 2924 754 2971 'lu-struis
769 2927 809 2971 do·
841 2923 965 2973 Horatius.

251 3005 304 3046 mos,
334 2990 451 3052 Musisque
478 2989 543 3036 Baiis
568 2989 714 3048 obstrepentis
741 3002 810 3050 urges
873 2989 914 3035 91.
939 2989 1002 3042 Quid
1020 2989 1125 3048 pauper?
1148 2989 1213 3034 ride:
1239 2996 1296 3036 cett.
1329 2989 1397 3044 Quo·

251 3051 383 3102 Submouere
401 3056 490 3110 littora,
512 3054 600 3101 Parum
622 3051 720 3111 locuples
737 3054 810 3098 couts'·
842 3050 912 3099 modo
922 3061 1002 3099 sutem
1012 3051 1220 3114 sugeritpsuperl
1236 3051 1399 3110 ridemecum,

251 3128 318 3166 mose
340 3120 409 3178 ripen
432 3125 456 3168 et
475 3116 523 3165 Od.
541 3115 575 3172 iii,
592 3115 609 3171 i,
628 3115 660 3162 34
677 3127 730 3178 sqq.
750 3115 808 3162 Coo-
841 3115 981 3174 blerenss3
1008 3129 1098 3179 pauper
1118 3113 1183 3163 enim
1205 3114 1307 3163 ridiculo
1327 3116 1399 3164 modo

251 3187 327 3229 teneto
337 3183 406 3242 pisces
415 3197 505 3243 equos-s
522 3182 634 3233 sentiunt,
645 3178 718 3225 Jnctr's
735 3181 759 3225 irs
770 3179 808 3225 sl·
841 3193 909 3240 eque
936 3178 1075 3227 inconstans
1097 3186 1134 3227 est
1158 3192 1186 3226 sc
1209 3176 1295 3238 dives;
1322 3190 1398 3228 nutes

251 3253 301 3291 tum
318 3245 412 3292 molibus
422 3263 430 3302 ;
454 3245 499 3292 luc
507 3243 619 3307 frequens
639 3243 751 3290 Carmenta
768 3245 808 3290 de-
840 3242 904 3289 enim
920 3243 1039 3291 cenaculo
1054 3249 1111 3290 cett.
1143 3243 1292 3290 Censorium
1308 3241 1395 3308 (tersa

250 3309 324 3355 mittit
349 3311 462 3356 redemtor
486 3308 544 3353 Cum
557 3307 668 3371 famulis,
691 3308 807 3353 dominus·
840 3305 1033 3372 dov),superior
1049 3305 1134 3354 sedium
1186 3321 1208 3352 rs
1226 3306 1306 3369 (obers
1323 3305 1398 3371 Etsgs

250 3386 294 3431 qus
320 3381 388 3418 tem
417 3371 565 3418 Fastidiosus·
610 3369 676 3416 Boiis
699 3372 807 3430 praelucet
839 3371 865 3416 iss
883 3373 954 3417 ciuem
975 3371 1079 3430 Hause),
1095 3370 1136 3418 ubi
1170 3368 1294 3418 sbitsbsnt
1313 3387 1396 3420 cecus·

250 3434 500 3490 amarmurmultus
517 3431 696 3498 anteponendus
707 3441 745 3481 est
755 3434 805 3482 Be·
838 3433 945 3497 beneque
966 3433 1077 3498 inquilini
1106 3433 1156 3481 sive
1184 3448 1314 3498 pauperes:
1342 3436 1397 3482 Lir.

251 3495 289 3544 iis.
838 3498 919 3554 xxxix,
935 3499 972 3553 ll,
986 3499 1136 3546 cenaculum
1151 3514 1219 3558 super
1233 3500 1290 3545 ades
1305 3508 1338 3546 cst
1352 3503 1396 3547 ds-

284 3561 325 3607 94.
341 3562 453 3618 Amorem,
466 3561 579 3625 injectum
595 3559 673 3608 subito
687 3577 716 3608 cn
734 3559 805 3608 idita·
838 3568 905 3617 tum,·
928 3562 1013 3610 Cicero
1025 3562 1085 3624 Agr.
1096 3562 1123 3617 ii,
1135 3563 1175 3616 35,
1189 3561 1260 3608 lionis
1274 3565 1397 3612 merlis

251 3629 299 3670 tem
309 3625 444 3673 exstruendi
462 3625 564 3674 amoenis
582 3623 650 3673 Baiis
668 3577 805 3674 aedidciurn.
836 3639 944 3686 suspensa
960 3635 1028 3688 osque
1043 3626 1144 3674 sublato.
1179 3626 1299 3689 Psupores
1314 3625 1396 3688 igitur,

251 3688 321 3734 Amor
336 3686 475 3752 simpliciter
494 3704 540 3736 non
561 3704 612 3738 raro
630 3703 691 3745 enm,
709 3689 738 3737 de
759 3703 808 3752 qus
840 3703 908 3751 eque
926 3689 1053 3736 mutabiles
1070 3704 1098 3736 ec
1114 3689 1208 3743 divites,
1220 3698 1396 3738 mutantem·

250 3765 326 3798 sermo
340 3760 384 3806 est,
396 3767 426 3800 cu
445 3751 549 3802 iditetem
560 3752 684 3815 designst3
701 3752 736 3800 sic
753 3767 807 3816 sup.
838 3755 901 3808 culs,
922 3753 992 3801 modo
1013 3753 1057 3800 boc
1075 3752 1145 3799 modo
1163 3751 1224 3800 illud
1242 3752 1395 3801 conducunt:

251 3813 328 3878 Epod.
350 3817 374 3872 2,
402 3817 443 3872 ³,
470 3817 527 3870 Quis
544 3835 588 3865 non
608 3819 731 3872 molarum,
751 3832 808 3878 quas
839 3815 887 3862 vid.
907 3817 978 3864 Vsrr.
994 3816 1024 3865 de
1043 3818 1074 3863 L.
1092 3818 1123 3865 L.
1140 3817 1173 3872 iv,
1191 3833 1216 3881 p.
1233 3817 1275 3865 65.
1309 3818 1397 3874 udos,

249 3897 311 3926 umor
326 3895 393 3926 cerrus
412 3881 487 3936 belet,
507 3881 561 3929 Her
576 3883 637 3929 inter
652 3881 807 3928 obliviscitur:
840 3879 927 3942 quibus
942 3879 1107 3928 discumbitur.

250 3941 283 3990 cl.
295 3942 373 4008 Epist.
383 3958 421 4007 sq.
432 3945 472 3992 ³7.
872 3944 913 3998 92,
924 3945 967 3992 9³.
985 3945 1082 4000 Bubus,
1099 3943 1207 4006 intellige
1224 3943 1330 4008 publicu,
1341 3944 1396 4008 qui·

282 4007 323 4055 86.
336 4007 445 4063 Teanum,
455 4007 596 4062 Sidicinum,
606 4007 719 4072 oppidum
732 4008 805 4056 Cum·
838 4007 885 4054 bus
902 4007 1030 4056 utebantur
1045 4022 1176 4073 pauperes3
1193 4022 1249 4054 nem
1268 4007 1353 4056 divites
1370 4009 1397 4058 in

241 4070 337 4134 paule,
361 4085 409 4117 non
431 4071 624 4120 confundendum
640 4085 695 4119 cum
714 4073 805 4129 Teano,
838 4069 888 4117 suis
902 4070 1004 4136 quisque
1018 4071 1129 4120 domibus
1145 4071 1398 4121 exstructshsbebsnt

249 4134 337 4198 oppido
349 4133 454 4198 Apuliae.
837 4134 933 4182 balnea.
960 4137 1080 4184 Tomores:
1097 4151 1152 4183 cum
1163 4135 1243 4200 plnres
1254 4136 1280 4184 in
1291 4135 1341 4183 loro
1352 4151 1396 4200 ps-

282 4198 323 4246 87.
336 4198 418 4246 Lectus
444 4199 525 4244 cerialis
536 4201 561 4245 tn
571 4199 628 4244 suls
638 4209 684 4246 est.-
696 4198 716 4246 si
730 4200 807 4248 lectus
838 4206 915 4246 terent
925 4199 1046 4248 tonstrina
1053 4199 1145 4248 tonderi
1154 4199 1313 4262 cupientibus,
1324 4199 1398 4248 alium

249 4260 382 4325 conjugnlis
402 4213 533 4310 collocutus
554 4269 589 4310 est
615 4261 640 4307 in
662 4263 735 4322 etrio;
763 4277 806 4328 pro
838 4277 894 4310 cum
904 4263 953 4310 ulia
963 4263 999 4311 illi
1010 4280 1052 4328 pro
1070 4263 1149 4311 lubitu
1167 4272 1260 4312 mutere
1278 4273 1397 4328 pounns.

249 4325 349 4388 vulgari,
367 4325 387 4373 si
402 4325 456 4390 quis
470 4332 507 4373 est
520 4323 627 4372 meritus.
667 4325 749 4374 Lectus
762 4343 804 4390 gs·
839 4326 1397 4391 ConductonooigioequeNuuseutccloruples,

249 4391 319 4436 ululis
339 4389 463 4453 (Festus),
479 4391 519 4452 qui
539 4390 628 4449 nisptiis
645 4393 759 4438 sternitur
778 4394 805 4438 in
836 4404 927 4454 pauper
942 4407 1010 4455 eque
1028 4406 1057 4438 sc
1075 4392 1130 4439 locu
1148 4390 1191 4447 les,
1209 4407 1295 4447 nrum,
1306 4391 1397 4455 quibus

249 4453 352 4502 tenuem
363 4453 441 4508 Genii,
454 4455 515 4500 uude
526 4453 666 4515 appellatur.
836 4452 919 4512 utitur,
939 4455 1047 4520 oppletur
1067 4454 1122 4504 lusti
1140 4455 1178 4516 ὀς
1193 4454 1395 4518 quomadmodum
