3150 5200
490 951 494 961 .
532 832 915 966 Pennino

450 1303 736 1359 EDITIONIS
764 1305 993 1365 QUARTAE.

139 1997 229 2062 Hmc
255 2009 407 2084 quartum
429 1999 568 2084 repetita
597 1997 728 2064 Horatii
754 1999 940 2066 Carminum
970 2000 1164 2088 Lyricorum
1191 2005 1293 2073 editio

16 2161 20 2188 t
140 2117 216 2183 ideo
239 2117 445 2202 praeferenda
464 2129 514 2182 est
540 2118 656 2194 tertiae,
676 2118 766 2201 quod
789 2130 929 2204 purgata
952 2131 1003 2185 est
1029 2123 1116 2185 vitiis
1139 2133 1293 2208 typogra-

139 2234 258 2319 phicis,
279 2237 398 2320 quibus
418 2235 472 2299 illa
491 2235 631 2320 turpiter
652 2245 755 2300 scatet
764 2237 795 2300 ³.
841 2236 981 2309 Quoties
996 2248 1104 2302 autem
1118 2236 1294 2304 Horatium

138 2376 248 2418 meum
276 2354 398 2439 relego,
427 2354 523 2418 toties
546 2355 580 2417 in
608 2353 680 2418 looa
708 2353 814 2416 minus
837 2364 926 2418 recte
953 2377 973 2419 a
997 2376 1049 2419 me
1071 2355 1235 2421 intellecta
1257 2369 1292 2422 et

139 2472 291 2556 exposita
319 2471 463 2537 incidere
492 2471 591 2536 soleo.
652 2471 938 2544 Quemadmodum
964 2472 1064 2556 igitur
1091 2494 1132 2537 ea
1164 2474 1200 2537 in
1228 2473 1291 2539 hac

140 2602 258 2676 quarta
286 2590 420 2656 Horatii
453 2591 596 2656 editione
628 2590 749 2655 rectius
777 2590 1006 2655 constituenda
1033 2601 1068 2655 et
1095 2591 1291 2676 explicanda

139 2711 252 2774 curavi
267 2709 362 2791 (nam,
379 2722 416 2773 ut
431 2709 591 2774 Horatius
604 2710 649 2773 ait
662 2708 771 2794 Epist.
784 2709 807 2786 i,
818 2710 868 2785 16,
884 2708 939 2785 24,
955 2708 1128 2773 Stultomm
1142 2710 1291 2774 incurata

132 2829 244 2913 pudor
262 2829 364 2892 malus
382 2829 492 2892 okera
515 2828 638 2909 celat),·
660 2828 707 2890 ita
726 2826 791 2903 illa,
811 2848 886 2910 quae
906 2827 1032 2891 acutius
1052 2826 1205 2891 viderunt
1223 2826 1290 2905 alii,

137 2947 285 3011 modeste
300 2948 334 3010 in
348 2968 417 3011 rem
430 2968 534 3011 meam
548 2945 705 3009 vertenda
718 2944 842 3028 putari.
886 2943 928 3007 Id
941 2944 1064 3009 factum
1076 2944 1223 3029 inprimis
1237 2954 1289 3009 eat

137 3065 173 3127 in
196 3064 339 3129 editione
361 3064 494 3129 Horatii
518 3065 652 3140 minore,
674 3084 759 3146 quae,
783 3063 933 3127 absterso
956 3062 1075 3126 sudore
1095 3060 1179 3142 (mea
1202 3061 1289 3126 enim

136 3182 236 3267 culpa
255 3181 354 3266 paulo
374 3183 497 3247 diutius
521 3184 583 3247 sub
602 3180 694 3266 prelo
716 3179 869 3263 sudavit),
886 3180 971 3243 viam
988 3179 1032 3243 ad
1051 3177 1183 3242 Horatii
1203 3198 1289 3241 ama·

137 3310 238 3377 tores,
265 3300 387 3363 tirones
409 3301 559 3377 maxime,
582 3298 747 3363 adfectare
772 3297 959 3361 meditatur.
1003 3295 1043 3359 ln
1068 3317 1108 3359 aa
1130 3294 1288 3380 proposui
1407 3357 1410 3363 .

137 3418 221 3482 duas
258 3419 512 3496 emendationes,
542 3438 625 3502 quas
654 3415 827 3480 memorari
855 3435 986 3511 quoquc
1015 3414 1049 3477 in
1077 3413 1139 3478 hac
1169 3422 1287 3497 quartu

137 3534 271 3601 Horatii
285 3537 439 3603 editione.
469 3536 536 3603 Pro
551 3536 694 3621 quamvis
708 3556 837 3617 nempe,
854 3532 922 3597 od.
938 3533 961 3609 i,
978 3532 1033 3608 28,
1046 3532 1096 3608 ll,
1109 3529 1287 3615 legendum

136 3668 211 3719 esse
234 3655 423 3739 conjectari,
447 3655 594 3739 quoniam
612 3654 658 3729 is,·
677 3665 711 3717 et
732 3652 801 3717 Od.
817 3651 863 3727 iii,
882 3652 933 3727 ll,
953 3651 1002 3727 18,
1017 3670 1078 3734 pro
1093 3650 1162 3734 ejas
1177 3646 1287 3731 (quam

135 3772 307 3838 lectionem
332 3794 442 3837 omnes
465 3772 672 3837 emunctioris
695 3772 782 3834 naris
809 3770 1004 3853 interpretes
1027 3765 1168 3830 Horatio
1190 3763 1286 3849 plane

136 3891 304 3975 indignam
329 3890 543 3975 judicarunt),
572 3898 679 3953 aeatas.
734 3886 863 3952 Verum
890 3885 1069 3971 probandae
1098 3906 1140 3947 an
1167 3883 1287 3966 impro-

135 4007 255 4072 bandae
280 4010 345 4073 sint
366 4009 419 4073 hae
440 4009 515 4073 duae
535 4007 788 4090 emendationes,
807 4005 950 4069 virorum
971 4003 1142 4065 doctorum
1160 3999 1286 4084 judicio

173 4292 201 4366 Γ
221 4294 373 4347 Editionem
387 4304 473 4347 tamen
486 4294 558 4346 illam
571 4302 688 4364 quartam
702 4291 866 4356 Carminum,
877 4297 908 4341 ut
919 4297 945 4341 et
956 4285 1098 4340 secundam
1108 4284 1249 4337 Satirarum
1260 4293 1288 4336 et

137 4395 326 4466 Epistularum,
337 4398 401 4451 vitia
413 4398 601 4469 typographica
618 4410 667 4449 nec
679 4411 764 4467 pauca
775 4411 824 4448 nee
835 4392 903 4447 levia
918 4390 1060 4456 maculant,
1070 4404 1087 4441 a
1097 4387 1195 4457 quibus
1205 4386 1287 4440 editio

16 4502 20 4584 Ἰ
136 4498 191 4551 hac
203 4509 242 4552 est
254 4501 385 4571 purgata]
