3150 5200
547 343 713 411 LIBER
735 349 798 424 ΙΙΙ,
826 352 874 416 16.

300 496 419 560 Portas
434 496 483 558 vir
496 494 650 573 Macedo,
666 508 700 561 et
715 499 844 564 subruit
858 501 990 566 oemulos

238 598 280 660 15
302 598 413 681 Reges
428 597 627 660 muneribus.
674 598 815 664 Munera
830 604 958 665 navium

557 697 669 762 Saevos
686 699 864 782 illaqueant
879 703 990 768 duces.

301 799 510 862 Crescentem
526 800 673 880 sequitur
687 821 766 862 cura
778 805 961 885 pecuniam,

301 899 529 982 Majorumque
545 898 656 963 fames.
701 899 784 964 «lure
798 903 970 984 perhorrui

299 1001 383 1064 Late
397 1001 609 1083 conspicuum
623 1000 736 1064 tollere
751 1004 915 1080 verticem,

234 1102 279 1164 20
559 1101 737 1177 Maecenas,
753 1103 898 1186 equitum
913 1106 1025 1171 decus.

301 1204 435 1275 Quanto
449 1203 588 1286 quisque
604 1202 667 1265 sibi
681 1202 776 1285 plura
790 1208 968 1288 negaverit,

298 1303 355 1368 Ab
369 1303 433 1367 Dis
448 1303 543 1388 plura
557 1301 650 1368 feret.
696 1303 755 1366 Nil
769 1306 968 1389 cupientium

118 1451 180 1486 cum
200 1438 331 1503 reputaturi
346 1437 454 1492 inissem,
475 1438 509 1485 Ni
525 1441 616 1502 Quum
633 1439 688 1485 culo
720 1437 853 1511 Alexandri
873 1443 911 1490 M.
931 1449 1005 1508 pater,
1025 1442 1162 1510 Philippus,
1182 1445 1232 1510 qui,
1252 1457 1278 1498 ut

122 1501 241 1564 cutem
256 1504 353 1550 dedisset
368 1512 457 1564 opertu
490 1502 550 1550 Fore
563 1505 633 1558 enim,
650 1516 687 1548 sc.
719 1501 805 1551 Crcero
821 1505 854 1553 ait
869 1506 901 1554 ad
916 1507 993 1558 Attic.
1009 1507 1026 1564 i,
1040 1507 1079 1564 16,
1092 1512 1168 1556 omnia
1183 1514 1278 1560 castella

120 1563 186 1613 bene
206 1575 300 1621 norant,
322 1566 368 1622 vel,
389 1566 462 1631 probe
483 1565 568 1639 gnari5
599 1576 685 1622 tutum,
717 1572 847 1629 eapugnori
857 1587 918 1631 posse
926 1573 1024 1629 dicebat,
1034 1573 1058 1618 in
1067 1589 1115 1634 quc
1124 1575 1277 1624 modowllus

119 1627 189 1677 lsaud
202 1630 354 1678 interclusum
370 1645 386 1677 a
401 1628 551 1687 custodibus,
569 1629 680 1685 liberum,
714 1643 872 1681 cursonustus
882 1637 1015 1682 adscendere
1025 1645 1106 1697 posset.
1140 1637 1277 1687 Hincidem

120 1707 244 1742 weuram.
284 1695 390 1742 Pretium
400 1693 507 1758 apposite
517 1709 567 1758 pro,
580 1710 681 1751 aurum3
715 1694 779 1759 apud
793 1697 848 1744 Val.
865 1699 934 1746 Max.
946 1698 1014 1756 vii,2
1028 1708 1076 1748 ext.
1097 1701 1135 1756 10,
1152 1705 1237 1762 majore
1250 1719 1277 1750 es

119 1755 170 1804 hoc
193 1757 312 1806 vocabulo
331 1757 395 1806 enim
416 1773 454 1805 res
474 1773 530 1820 que
551 1757 576 1804 in
600 1758 683 1806 fabula
713 1770 781 1819 parte
800 1771 911 1809 mercator
933 1763 1027 1811 Grecis
1043 1781 1111 1825 quom
1128 1767 1201 1812 victor
1215 1764 1275 1813 dici-

120 1820 190 1876 latet,
207 1821 341 1870 eduturum
357 1835 443 1886 nempe
452 1821 516 1869 viam
530 1822 576 1869 sibi
587 1822 617 1870 ad
630 1823 682 1871 Da·
715 1830 767 1870 tur:
785 1825 818 1872 cl.
830 1825 903 1873 Diod.
914 1826 963 1875 Sic.
973 1827 1020 1883 xvi,
1032 1829 1073 1875 54.
1108 1827 1210 1890 Diffidet,
1222 1844 1275 1892 gra·

121 1899 195 1941 naen,
206 1884 346 1933 custodibus
355 1901 412 1934 auro
422 1885 460 1933 vel
472 1885 547 1950 pretio
555 1885 680 1950 corruptis,
712 1886 767 1934 vius
804 1903 837 1944 ro,
849 1890 962 1960 perrupit,
979 1880 1139 1964 expugnavit.'
1167 1891 1274 1951 Subruit,

120 1949 252 2013 aperuisse,
263 1949 335 1998 simul
346 1949 460 1998 innuitur.
490 1949 563 1997 Ovid.
576 1950 634 1998 Am.
645 1950 680 2005 iii,
713 1904 888 2012 signidcantrus
906 1969 947 2018 pro
962 1953 1063 2064 vulpan,
1076 1953 1149 2026 vicitj
1166 1957 1276 2065 talepore

1019 2033 1032 2064 e
1054 2033 1083 2065 eo
1100 2032 1142 2090 qu}
1159 2033 1211 2064 mac
1228 2034 1276 2066 nus

120 2014 147 2067 8,
160 2013 202 2068 ³0,
215 2014 309 2075 Jupiter
322 2016 461 2068 admonitus,
473 2015 533 2060 nihil
548 2030 592 2061 esse
602 2025 681 2075 poten·
714 2013 787 2071 enim,
806 2016 870 2078 quod
891 2016 983 2082 proprie

120 2079 171 2124 tius
187 2095 254 2133 auro,
272 2079 390 2140 Cormptae
402 2081 505 2139 pretium
521 2080 620 2141 uirginis
636 2080 683 2138 ipse
715 2078 753 2125 sel
763 2079 875 2142 operibus
885 2096 965 2128 muros
975 2079 1083 2136 destruit,
1093 2079 1188 2134 drcrtur,
1200 2097 1273 2146 appo-

112 2140 171 2204 fus't
179 2159 189 2199 ‚·
206 2149 232 2189 et
241 2140 298 2189 hinc
312 2141 376 2205 apud
383 2140 495 2197 eundem,
507 2143 568 2190 Met.
579 2142 612 2199 iv,
622 2143 680 2198 610,
713 2143 758 2190 site
774 2143 912 2192 transfertur
929 2144 959 2191 ad
975 2160 1030 2192 eum
1049 2143 1092 2207 qui
1109 2158 1167 2192 suro
1181 2153 1205 2192 ct
1220 2161 1273 2193 rnu-

120 2205 210 2252 Danae
229 2206 344 2254 Perseum
365 2208 445 2268 pluvio
465 2223 524 2252 auro
544 2205 683 2271 concepisse
713 2205 819 2261 neribus,
828 2214 941 2270 tanquam
953 2207 1079 2262 machinis,
1088 2206 1185 2255 ulterius
1195 2217 1274 2272 potes·

122 2267 220 2317 dicitur.
714 2277 787 2317 tatem
810 2271 934 2318 subvertit.
967 2272 1068 2318 Munera
1089 2273 1183 2317 suavium
1204 2273 1274 2321 Senos

154 2334 246 2381 9-16.
270 2336 336 2384 Iaca
354 2334 444 2383 similia
461 2334 492 2382 de
510 2338 565 2382 anri
580 2337 683 2396 potentio
715 2334 844 2396 illaqueant
862 2337 937 2388 duces,
951 2333 1049 2382 refertur
1063 2333 1093 2381 ad
1106 2334 1274 2394 Menodorum,

118 2395 171 2444 vid.
179 2399 244 2472 apud
252 2400 359 2510 interpp.
392 2400 450 2472 lluc
462 2398 564 2472 pertinet
574 2398 683 2462 inprimis
714 2397 753 2444 vel
773 2397 887 2471 Menam,
898 2399 941 2462 qui
960 2397 1098 2445 muneribus
1115 2407 1240 2464 conuptus
1259 2415 1274 2448 a

119 2469 240 2510 sententis
250 2478 322 2536 quana
350 2463 682 2572 caummunrtissrmatpun·
715 2460 840 2525 Pompeio,
849 2477 920 2526 cujus
932 2461 1140 2536 classipraelectus
1148 2461 1233 2536 luerat,
1243 2462 1273 2511 ad

118 2526 683 2654 tttffittttt'ttlffl.l²l?⁰¹-lttlt
715 2524 1274 2647 stultiut?&utsttllltltz

119 2655 270 2719 nninlxsa
282 2657 325 2704 eal
335 2654 439 2720 δεσμοὺς
451 2654 680 2718 χρυσὸςὸπανὸα-
714 2652 774 2708 xlix,
791 2656 812 2703 l.
845 2656 923 2709 Senos,
934 2654 960 2701 h.
973 2671 994 2703 e.
1006 2655 1085 2710 fortes,
1097 2660 1125 2701 ut
1135 2669 1207 2719 sepe.

119 2717 215 2782 μάτυρ.
248 2720 573 2776 rememorationem
589 2718 682 2767 scilicet
749 2719 853 2766 17-20.
871 2720 1010 2767 Crescentem
1033 2720 1136 2779 seqnitur
1154 2735 1212 2765 curo
1233 2734 1271 2778 pc-

120 2781 301 2847 eorrumpcndo.
332 2786 411 2837 Amat,
424 2786 496 2846 φιλεῖ,
507 2798 555 2831 non
565 2782 680 2846 simplici·
712 2783 823 2828 utninm:
839 2782 871 2832 cl,
883 2782 908 2829 in
920 2783 982 2830 hanc
993 2780 1133 2829 sententiam
1145 2795 1199 2845 sup.
1212 2780 1237 2836 ii,
1247 2785 1272 2838 2,

118 2853 157 2893 ter
171 2862 223 2910 pro,
233 2848 303 2902 solet,
316 2857 344 2895 ut
357 2847 488 2920 explicant,
499 2847 541 2895 sed
559 2846 631 2895 ltabet
647 2846 679 2894 si·
715 2846 754 2891 13.
788 2845 945 2893 Notissimum
962 2854 999 2894 est
1016 2844 1076 2891 illud
1093 2844 1206 2893 Juvenal.
1224 2846 1271 2901 xiv,

117 2909 172 2956 mul
187 2909 327 2984 adjunctam
344 2921 464 2959 notionem
478 2912 680 2975 voluptatisque
715 2910 769 2964 139,
788 2910 875 2957 Crescit
892 2926 956 2955 amor
973 2910 1069 2963 nummi,
1092 2918 1204 2969 putantum
1224 2912 1272 2970 ipsa

118 2987 204 3021 aurum
220 2976 281 3023 tnri
297 2991 343 3023 sua
356 2974 511 3031 ostendenda,
523 2982 638 3037 tanquam
654 2973 679 3019 in
709 2974 809 3032 pecunie
820 2974 910 3019 crescit.
943 2971 983 3020 Cl.
996 2970 1096 3019 Mitsclr.
1109 2968 1273 3020 laudatPaul.

118 3038 213 3103 proprio
221 3038 316 3103 sibique
324 3039 499 3103 jucundissimo
514 3037 617 3101 negotio,
628 3052 679 3085 ver·
712 3034 756 3081 Sil.
771 3034 836 3091 lxxv,
848 3036 872 3089 ³,
893 3034 993 3082 Anthol.
1005 3035 1085 3083 Graec.
1103 3034 1133 3080 T.
1144 3034 1177 3089 ir,
1189 3051 1212 3100 p.
1231 3037 1271 3091 71,

115 3109 193 3152 retur.
225 3104 294 3160 Saso,
312 3102 470 3151 munitissima
483 3116 595 3166 queque.
630 3103 679 3149 Au·
712 3100 831 3148 Illtot'trov
845 3099 912 3162 ἔχειν
927 3098 1000 3147 totta
1016 3098 1061 3147 τὸν
1076 3096 1229 3160 ἑπάρκιον·ἡ
1249 3098 1273 3147 dl

114 3169 186 3227 guris
195 3167 290 3231 Argivi,
307 3166 455 3231 Amphiarai,
473 3166 545 3230 cujus
561 3162 678 3220 interitus,
714 3165 819 3226 περισσὴ
840 3165 924 3227 θυμὸν
941 3162 978 3212 ἀεὶ
996 3159 1088 3211 κατέδει
1109 3166 1274 3225 χρυσομανής

117 3237 144 3276 et
163 3232 249 3287 omnis,
268 3248 323 3295 quse
342 3246 397 3278 enm
416 3237 498 3277 secuta
518 3228 680 3284 est,lan1ilite
712 3226 809 3289 μελέτη.
842 3226 1158 3290 Majorum‚sc.bonorum;
1174 3229 1271 3287 majora,

116 3307 171 3339 sne
187 3294 277 3348 clades,
288 3296 320 3342 ab
334 3309 407 3342 nureo
421 3293 512 3348 monili,
524 3307 573 3356 quo
587 3308 612 3339 se
626 3307 679 3339 cor·
713 3293 744 3339 τὰ
760 3292 871 3354 μείζονα,
891 3292 1004 3341 πλείονα·
1023 3298 1051 3337 ut
1063 3286 1145 3353 ἵμερος
1158 3289 1273 3340 πλεόνων

116 3358 200 3420 rumpi
304 3359 381 3406 luerat
397 3357 451 3420 ejus
466 3372 525 3405 uxor
539 3363 564 3404 et
584 3355 680 3404 Adrasti
712 3354 778 3430 apud
792 3355 972 3411 Theocritavi,
990 3356 1031 3403 65.
1066 3354 1201 3411 Perkos-rui,
1219 3370 1271 3417 gra-

115 3372 529 3533 satellicus.
546 3420 679 3531 ten
710 3420 938 3531 ΨΨΨ
1030 3419 1273 3531 usitantur

116 3499 509 3613 Thebantiniltproledturlstinsitarle
525 3501 604 3596 animo
619 3500 679 3611 Ppaent
710 3500 826 3595 ¹l'ertr'ceeiii
846 3498 1127 3620 tolleiemdnddtgaiiyltuelul
1150 3516 1273 3603 dicuntur:

115 3622 222 3674 ceperat,
233 3612 338 3661 evitandi
355 3628 429 3660 eausa
443 3627 469 3661 se
483 3611 636 3667 occultasset,
648 3612 679 3660 ab
711 3611 753 3676 qui
769 3626 833 3659 vana
852 3610 928 3674 gloria
948 3626 1019 3676 snper
1039 3610 1098 3658 ahos
1118 3626 1142 3657 se
1162 3610 1271 3667 efferent,

115 3674 193 3739 ipsius
204 3692 286 3733 uxore,
298 3692 371 3725 aureo
380 3676 472 3733 monili,
481 3676 546 3741 quod
556 3691 599 3739 per
605 3676 650 3723 Pol
669 3704 679 3713 -
711 3692 799 3740 eosque
810 3692 858 3739 pru
869 3692 895 3724 se
906 3682 1076 3724 contemnunt:
1094 3674 1126 3721 cl.
1138 3689 1192 3739 sup.
1203 3674 1220 3728 i,
1233 3676 1271 3730 ts,

116 3739 349 3789 nicemeioblaturn
358 3740 443 3797 luerat,
452 3740 588 3796 sollicitata,
600 3694 679 3804 prodi-
714 3742 752 3788 15.
786 3740 897 3804 Equitum
916 3742 997 3789 decus:
1013 3736 1120 3787 similiter
1136 3739 1217 3803 supi,
1230 3739 1271 3795 20,

116 3812 157 3851 tus
169 3813 193 3851 et
203 3805 305 3853 adillud
313 3804 403 3853 bellum
415 3812 546 3869 protractus
556 3811 601 3852 est.
623 3806 679 3862 Quo
711 3806 735 3860 3,
750 3805 909 3852 Maecenatem
920 3806 1009 3853 clarum
1019 3804 1114 3865 equitem
1126 3802 1240 3866 appellat.

116 3867 160 3915 abi
170 3876 239 3917 terra)
250 3869 338 3917 haustu
381 3869 605 3933 riisset,eJusfilius
618 3868 679 3917 Alc·
744 3870 851 3917 21-28.
870 3870 961 3922 Quanto
978 3870 1070 3930 quisquc
1087 3868 1130 3913 sttt
1146 3868 1217 3926 pluro
1232 3880 1271 3911 ne·

116 3947 196 3979 mnan
203 3933 287 3981 metris
295 3933 346 3981 irau
364 3949 401 3982 em
413 3932 551 3981 caedcultus
562 3940 612 3991 est;
628 3932 636 3979 i
708 3934 811 3994 gauerit,
820 3933 855 3977 At
863 3932 907 3978 Dis
917 3930 1069 3994 pluraseret:
1080 3943 1129 3992 quo
1140 3928 1216 3975 minor
1227 3926 1272 3975 ali-

115 4003 198 4043 autern
208 3997 240 4044 ob
253 3998 318 4046 idem
329 3996 419 4045 monile
429 4012 537 4052 aureum,
549 4011 605 4044 cum
616 3996 633 4042 il
645 3996 679 4044 ud
711 3994 782 4068 cujus
796 4002 833 4042 est
847 3994 982 4042 divitiarum
994 3991 1121 4057 cupiditas,
1133 4006 1161 4038 eo
1173 3990 1274 4054 majora

114 4060 148 4106 ab
158 4075 240 4115 uxore,
251 4076 325 4124 qnam
338 4060 509 4126 repudiaverat,
520 4059 679 4134 Alphesiboea
710 4060 756 4107 dits
766 4058 789 4106 ei
801 4058 945 4106 concedetur
953 4055 1068 4114 felicitas5
1086 4054 1112 4101 h.
1123 4070 1146 4101 e.
1159 4053 1201 4117 qui
1211 4064 1274 4103 sorte

115 4126 292 4236 ‘snit‘
311 4125 497 4236 ³
710 4118 1275 4235 ΨΜΨΨΨΨΨΨΨ

115 4204 166 4234 vt.
281 4204 359 4245 or.1n,
386 4224 425 4245 „
499 4206 524 4236 n.
553 4204 678 4236 a.xxnr.
727 4201 800 4239 tor„
865 4201 922 4239 m,u
964 4200 971 4231 r
1190 4216 1195 4228 .
1231 4218 1273 4239 ‚,

116 4203 230 4299 (Jortct'dito
246 4254 346 4299 desumo
368 4254 445 4307 esitio,
458 4204 608 4316 yegxlquisitius
627 4268 678 4316 pro,
712 4251 766 4297 Non
782 4265 827 4298 esse
839 4250 957 4310 cupidum,
968 4249 1067 4309 pecarnis
1079 4256 1126 4304 est,·
1143 4254 1274 4295 contentum

113 4316 224 4364 demersa
239 4324 276 4364 est
292 4317 374 4373 exitio,
386 4316 413 4363 h.
423 4332 445 4364 e.
457 4316 545 4364 corruit
561 4324 585 4363 et
595 4316 679 4364 exstir-
711 4331 764 4362 vero
777 4316 825 4361 suis
842 4314 908 4360 rebus
922 4312 1087 4369 essu-mutina
1103 4320 1158 4357 sunt
1173 4312 1273 4359 certissi-

114 4387 172 4443 pata
188 4387 234 4428 est.
268 4379 365 4441 Diffidtt
376 4382 470 4427 urbium
483 4381 564 4427 Portas
578 4383 615 4427 vir
626 4380 678 4426 Ma·
711 4395 795 4440 maeque
811 4378 898 4424 divitie
906 4377 1017 4424 r-rebus
1033 4375 1084 4424 suis
1099 4374 1205 4422 conteuti
1219 4376 1275 4422 sctis

113 4446 176 4491 cedo.
211 4443 314 4491 Fabulis
329 4443 441 4507 adjungit
456 4458 494 4492 res
509 4444 621 4491 historica
635 4443 682 4492 fide
713 4459 756 4491 esse
764 4452 860 4503 putant,
870 4444 928 4503 quod
938 4450 987 4497 est;
1005 4440 1065 4487 nihil
1076 4446 1196 4502 appetunt,
1205 4438 1274 4485 nullo

112 4517 137 4555 et
155 4508 303 4573 experientia
322 4508 481 4555 continuatas.
518 4508 560 4554 Vir
577 4508 681 4565 Macedo,
714 4524 738 4554 re
750 4515 825 4570 egent,
836 4507 895 4553 nihil
907 4508 949 4553 siti
962 4507 1033 4553 deesse
1043 4508 1152 4556 sentiunt.
1166 4502 1225 4551 nllll
1236 4518 1273 4551 re·
