<?xml version="1.0" encoding="UTF-8"?>
<!DOCTYPE html PUBLIC "-//W3C//DTD XHTML 1.0 Transitional//EN"
    "http://www.w3.org/TR/xhtml1/DTD/xhtml1-transitional.dtd">
<html xmlns="http://www.w3.org/1999/xhtml" xml:lang="en" lang="en">
 <head>
  <title>
</title>
<meta http-equiv="Content-Type" content="text/html;charset=utf-8" />
  <meta name='ocr-system' content='tesseract 3.04.00' />
  <meta name='ocr-capabilities' content='ocr_page ocr_carea ocr_par ocr_line ocrx_word'/>
</head>
<body>
  <div class='ocr_page' id='page_1' title='image "./operaomniaillus00horagoog_0112.png"; bbox 0 0 3150 5200; ppageno 0'>
   <div class='ocr_carea' id='block_1_1' title="bbox 718 346 1012 413">
    <p class='ocr_par' dir='ltr' id='par_1_1' title="bbox 718 346 1012 413">
     <span class='ocr_line' id='line_1_1' title="bbox 718 346 1012 413; baseline -0.003 0"><span class='ocrx_word' id='word_1_1' title='bbox 718 346 1012 413; x_wconf 87' lang='lat' dir='ltr'><strong>CARMINUM</strong></span> 
     </span>
    </p>
   </div>
   <div class='ocr_carea' id='block_1_2' title="bbox 384 485 1187 2295">
    <p class='ocr_par' dir='ltr' id='par_1_2' title="bbox 384 485 1187 2295">
     <span class='ocr_line' id='line_1_2' title="bbox 504 485 985 569; baseline -0.002 -19"><span class='ocrx_word' id='word_1_2' title='bbox 504 485 681 569; x_wconf 85' lang='lat' dir='ltr'><strong>Utcunque</strong></span> <span class='ocrx_word' id='word_1_3' title='bbox 695 494 820 549; x_wconf 88' lang='lat' dir='ltr'><strong>mutata</strong></span> <span class='ocrx_word' id='word_1_4' title='bbox 834 493 985 569; x_wconf 84' lang='lat' dir='ltr'><strong>potentes</strong></span> 
     </span>
     <span class='ocr_line' id='line_1_3' title="bbox 384 580 1067 668; baseline -0.012 -13"><span class='ocrx_word' id='word_1_5' title='bbox 384 638 385 641; x_wconf 63' lang='lat'><strong>,</strong></span> <span class='ocrx_word' id='word_1_6' title='bbox 545 587 650 653; x_wconf 88' lang='lat' dir='ltr'><strong>Veste</strong></span> <span class='ocrx_word' id='word_1_7' title='bbox 665 588 778 651; x_wconf 89' lang='lat' dir='ltr'><strong>domos</strong></span> <span class='ocrx_word' id='word_1_8' title='bbox 793 587 922 651; x_wconf 87' lang='lat' dir='ltr'><strong>inimica</strong></span> <span class='ocrx_word' id='word_1_9' title='bbox 935 580 1067 668; x_wconf 83' lang='lat' dir='ltr'><strong>linquis.</strong></span> 
     </span>
     <span class='ocr_line' id='line_1_4' title="bbox 392 687 1106 773; baseline -0.008 -18"><span class='ocrx_word' id='word_1_10' title='bbox 392 691 436 755; x_wconf 74' lang='lat'><strong>25</strong></span> <span class='ocrx_word' id='word_1_11' title='bbox 457 688 506 753; x_wconf 87' lang='lat' dir='ltr'><strong>At</strong></span> <span class='ocrx_word' id='word_1_12' title='bbox 519 688 635 773; x_wconf 86' lang='lat' dir='ltr'><strong>vulgus</strong></span> <span class='ocrx_word' id='word_1_13' title='bbox 650 687 787 752; x_wconf 87' lang='lat' dir='ltr'><strong>infidum</strong></span> <span class='ocrx_word' id='word_1_14' title='bbox 801 698 835 753; x_wconf 90' lang='lat' dir='ltr'><strong>et</strong></span> <span class='ocrx_word' id='word_1_15' title='bbox 849 687 1002 752; x_wconf 83' lang='lat' dir='ltr'><strong>meretrix</strong></span> <span class='ocrx_word' id='word_1_16' title='bbox 1017 697 1106 751; x_wconf 88' lang='lat' dir='ltr'><strong>retro</strong></span> 
     </span>
     <span class='ocr_line' id='line_1_5' title="bbox 460 788 1022 875; baseline -0.004 -20"><span class='ocrx_word' id='word_1_17' title='bbox 460 791 597 875; x_wconf 89' lang='lat' dir='ltr'><strong>Perjura</strong></span> <span class='ocrx_word' id='word_1_18' title='bbox 612 790 715 855; x_wconf 84' lang='lat' dir='ltr'><strong>cedit:</strong></span> <span class='ocrx_word' id='word_1_19' title='bbox 739 788 918 873; x_wconf 87' lang='lat' dir='ltr'><strong>diffugiunt</strong></span> <span class='ocrx_word' id='word_1_20' title='bbox 932 788 1022 853; x_wconf 83' lang='lat' dir='ltr'><strong>cadis</strong></span> 
     </span>
     <span class='ocr_line' id='line_1_6' title="bbox 501 890 943 967; baseline -0.007 -12"><span class='ocrx_word' id='word_1_21' title='bbox 501 892 585 955; x_wconf 91' lang='lat' dir='ltr'><strong>Cum</strong></span> <span class='ocrx_word' id='word_1_22' title='bbox 598 890 678 955; x_wconf 85' lang='lat' dir='ltr'><strong>saece</strong></span> <span class='ocrx_word' id='word_1_23' title='bbox 694 890 824 955; x_wconf 81' lang='lat' dir='ltr'><strong>siccatis</strong></span> <span class='ocrx_word' id='word_1_24' title='bbox 838 890 943 967; x_wconf 89' lang='lat' dir='ltr'><strong>amici,</strong></span> 
     </span>
     <span class='ocr_line' id='line_1_7' title="bbox 545 990 1040 1076; baseline -0.006 -19"><span class='ocrx_word' id='word_1_25' title='bbox 545 993 644 1057; x_wconf 88' lang='lat' dir='ltr'><strong>Ferre</strong></span> <span class='ocrx_word' id='word_1_26' title='bbox 655 995 773 1076; x_wconf 85' lang='lat' dir='ltr'><strong>jugum</strong></span> <span class='ocrx_word' id='word_1_27' title='bbox 787 994 909 1075; x_wconf 88' lang='lat' dir='ltr'><strong>pariter</strong></span> <span class='ocrx_word' id='word_1_28' title='bbox 924 990 1040 1055; x_wconf 77' lang='lat' dir='ltr'><strong>dolosi.</strong></span> 
     </span>
     <span class='ocr_line' id='line_1_8' title="bbox 457 1090 1085 1161; baseline -0.008 -2"><span class='ocrx_word' id='word_1_29' title='bbox 457 1096 576 1161; x_wconf 89' lang='lat' dir='ltr'><strong>Serves</strong></span> <span class='ocrx_word' id='word_1_30' title='bbox 592 1097 712 1158; x_wconf 92' lang='lat' dir='ltr'><strong>iturum</strong></span> <span class='ocrx_word' id='word_1_31' title='bbox 728 1094 893 1158; x_wconf 84' lang='lat' dir='ltr'><strong>Caeaarem</strong></span> <span class='ocrx_word' id='word_1_32' title='bbox 907 1093 940 1155; x_wconf 93' lang='lat' dir='ltr'><strong>in</strong></span> <span class='ocrx_word' id='word_1_33' title='bbox 954 1090 1085 1155; x_wconf 83' lang='lat' dir='ltr'><strong>ultimos</strong></span> 
     </span>
     <span class='ocr_line' id='line_1_9' title="bbox 393 1195 1110 1278; baseline -0.007 -18"><span class='ocrx_word' id='word_1_34' title='bbox 393 1199 436 1261; x_wconf 87' lang='lat'><strong>30</strong></span> <span class='ocrx_word' id='word_1_35' title='bbox 459 1198 562 1260; x_wconf 91' lang='lat' dir='ltr'><strong>Orbis</strong></span> <span class='ocrx_word' id='word_1_36' title='bbox 579 1196 765 1272; x_wconf 72' lang='lat' dir='ltr'><strong>Britannos,</strong></span> <span class='ocrx_word' id='word_1_37' title='bbox 782 1206 816 1259; x_wconf 89' lang='lat' dir='ltr'><strong>et</strong></span> <span class='ocrx_word' id='word_1_38' title='bbox 826 1195 982 1278; x_wconf 88' lang='lat' dir='ltr'><strong>juvenum</strong></span> <span class='ocrx_word' id='word_1_39' title='bbox 996 1215 1110 1258; x_wconf 90' lang='lat' dir='ltr'><strong>recens</strong></span> 
     </span>
     <span class='ocr_line' id='line_1_10' title="bbox 499 1295 941 1361; baseline -0.002 -1"><span class='ocrx_word' id='word_1_40' title='bbox 499 1298 649 1361; x_wconf 82' lang='lat' dir='ltr'><strong>Examen</strong></span> <span class='ocrx_word' id='word_1_41' title='bbox 665 1297 746 1361; x_wconf 89' lang='lat' dir='ltr'><strong>Eois</strong></span> <span class='ocrx_word' id='word_1_42' title='bbox 762 1295 941 1361; x_wconf 89' lang='lat' dir='ltr'><strong>timendum</strong></span> 
     </span>
     <span class='ocr_line' id='line_1_11' title="bbox 544 1398 1052 1480; baseline -0.002 -19"><span class='ocrx_word' id='word_1_43' title='bbox 544 1398 710 1475; x_wconf 90' lang='lat' dir='ltr'><strong>Partibus,</strong></span> <span class='ocrx_word' id='word_1_44' title='bbox 727 1399 928 1480; x_wconf 79' lang='lat' dir='ltr'><strong>Oceanoque</strong></span> <span class='ocrx_word' id='word_1_45' title='bbox 941 1398 1052 1461; x_wconf 85' lang='lat' dir='ltr'><strong>rubro.</strong></span> 
     </span>
     <span class='ocr_line' id='line_1_12' title="bbox 457 1498 1074 1582; baseline -0.005 -17"><span class='ocrx_word' id='word_1_46' title='bbox 457 1501 555 1565; x_wconf 89' lang='lat' dir='ltr'><strong>Eheu</strong></span> <span class='ocrx_word' id='word_1_47' title='bbox 571 1502 759 1566; x_wconf 78' lang='lat' dir='ltr'><strong>cicatricum</strong></span> <span class='ocrx_word' id='word_1_48' title='bbox 774 1511 808 1564; x_wconf 90' lang='lat' dir='ltr'><strong>et</strong></span> <span class='ocrx_word' id='word_1_49' title='bbox 823 1499 954 1564; x_wconf 87' lang='lat' dir='ltr'><strong>sceleris</strong></span> <span class='ocrx_word' id='word_1_50' title='bbox 969 1498 1074 1582; x_wconf 88' lang='lat' dir='ltr'><strong>pudet</strong></span> 
     </span>
     <span class='ocr_line' id='line_1_13' title="bbox 454 1599 1187 1687; baseline -0.005 -21"><span class='ocrx_word' id='word_1_51' title='bbox 454 1602 682 1687; x_wconf 88' lang='lat' dir='ltr'><strong>Fratrumque.</strong></span> <span class='ocrx_word' id='word_1_52' title='bbox 729 1601 822 1674; x_wconf 82' lang='lat' dir='ltr'><strong>Quid</strong></span> <span class='ocrx_word' id='word_1_53' title='bbox 836 1624 895 1665; x_wconf 92' lang='lat' dir='ltr'><strong>nos</strong></span> <span class='ocrx_word' id='word_1_54' title='bbox 910 1600 994 1665; x_wconf 89' lang='lat' dir='ltr'><strong>dura</strong></span> <span class='ocrx_word' id='word_1_55' title='bbox 1008 1599 1187 1684; x_wconf 83' lang='lat' dir='ltr'><strong>refugimus</strong></span> 
     </span>
     <span class='ocr_line' id='line_1_14' title="bbox 390 1701 1026 1786; baseline -0.002 -19"><span class='ocrx_word' id='word_1_56' title='bbox 390 1704 435 1767; x_wconf 85' lang='lat'><strong>35</strong></span> <span class='ocrx_word' id='word_1_57' title='bbox 499 1704 620 1768; x_wconf 71' lang='lat' dir='ltr'><strong>AEtast</strong></span> <span class='ocrx_word' id='word_1_58' title='bbox 643 1704 723 1786; x_wconf 93' lang='lat' dir='ltr'><strong>quid</strong></span> <span class='ocrx_word' id='word_1_59' title='bbox 738 1704 895 1767; x_wconf 87' lang='lat' dir='ltr'><strong>intactum</strong></span> <span class='ocrx_word' id='word_1_60' title='bbox 908 1701 1026 1767; x_wconf 79' lang='lat' dir='ltr'><strong>nefasti</strong></span> 
     </span>
     <span class='ocr_line' id='line_1_15' title="bbox 542 1803 1157 1888; baseline 0 -21"><span class='ocrx_word' id='word_1_61' title='bbox 542 1803 735 1888; x_wconf 76' lang='lat' dir='ltr'><strong>Liquimust</strong></span> <span class='ocrx_word' id='word_1_62' title='bbox 759 1804 846 1868; x_wconf 90' lang='lat' dir='ltr'><strong>unde</strong></span> <span class='ocrx_word' id='word_1_63' title='bbox 861 1826 991 1867; x_wconf 89' lang='lat' dir='ltr'><strong>manum</strong></span> <span class='ocrx_word' id='word_1_64' title='bbox 1001 1805 1157 1887; x_wconf 86' lang='lat' dir='ltr'><strong>juventus</strong></span> 
     </span>
     <span class='ocr_line' id='line_1_16' title="bbox 459 1904 1056 1988; baseline -0.002 -20"><span class='ocrx_word' id='word_1_65' title='bbox 459 1904 555 1968; x_wconf 91' lang='lat' dir='ltr'><strong>Metu</strong></span> <span class='ocrx_word' id='word_1_66' title='bbox 571 1904 719 1969; x_wconf 87' lang='lat' dir='ltr'><strong>Deorum</strong></span> <span class='ocrx_word' id='word_1_67' title='bbox 734 1905 914 1969; x_wconf 70' lang='lat' dir='ltr'><strong>continuit?</strong></span> <span class='ocrx_word' id='word_1_68' title='bbox 937 1906 1056 1988; x_wconf 90' lang='lat' dir='ltr'><strong>quibus</strong></span> 
     </span>
     <span class='ocr_line' id='line_1_17' title="bbox 455 2006 1023 2091; baseline -0.005 -19"><span class='ocrx_word' id='word_1_69' title='bbox 455 2008 607 2091; x_wconf 88' lang='lat' dir='ltr'><strong>Pepercit</strong></span> <span class='ocrx_word' id='word_1_70' title='bbox 622 2009 709 2072; x_wconf 75' lang='lat' dir='ltr'><strong>arist</strong></span> <span class='ocrx_word' id='word_1_71' title='bbox 752 2006 785 2071; x_wconf 97' lang='grc' dir='ltr'><strong>Ο</strong></span> <span class='ocrx_word' id='word_1_72' title='bbox 801 2008 925 2071; x_wconf 85' lang='lat' dir='ltr'><strong>utinam</strong></span> <span class='ocrx_word' id='word_1_73' title='bbox 939 2029 1023 2070; x_wconf 89' lang='lat' dir='ltr'><strong>nova</strong></span> 
     </span>
     <span class='ocr_line' id='line_1_18' title="bbox 499 2108 1001 2194; baseline -0.006 -21"><span class='ocrx_word' id='word_1_74' title='bbox 499 2108 622 2174; x_wconf 89' lang='lat' dir='ltr'><strong>Incude</strong></span> <span class='ocrx_word' id='word_1_75' title='bbox 638 2110 789 2194; x_wconf 83' lang='lat' dir='ltr'><strong>diffingas</strong></span> <span class='ocrx_word' id='word_1_76' title='bbox 807 2119 953 2172; x_wconf 89' lang='lat' dir='ltr'><strong>retusum</strong></span> <span class='ocrx_word' id='word_1_77' title='bbox 967 2109 1001 2171; x_wconf 96' lang='lat' dir='ltr'><strong>in</strong></span> 
     </span>
     <span class='ocr_line' id='line_1_19' title="bbox 390 2207 1106 2295; baseline -0.004 -20"><span class='ocrx_word' id='word_1_78' title='bbox 390 2212 434 2275; x_wconf 85' lang='lat'><strong>40</strong></span> <span class='ocrx_word' id='word_1_79' title='bbox 542 2209 748 2295; x_wconf 84' lang='lat' dir='ltr'><strong>Massagetas</strong></span> <span class='ocrx_word' id='word_1_80' title='bbox 764 2207 959 2291; x_wconf 87' lang='lat' dir='ltr'><strong>Arabasque</strong></span> <span class='ocrx_word' id='word_1_81' title='bbox 974 2208 1106 2273; x_wconf 84' lang='lat' dir='ltr'><strong>ferrum.</strong></span> 
     </span>
    </p>
   </div>
   <div class='ocr_carea' id='block_1_3' title="bbox 272 2391 1443 4573">
    <p class='ocr_par' dir='ltr' id='par_1_3' title="bbox 272 2391 1443 4573">
     <span class='ocr_line' id='line_1_20' title="bbox 282 2391 1441 2460; baseline 0.002 -19"><span class='ocrx_word' id='word_1_82' title='bbox 282 2394 365 2443; x_wconf 78' lang='lat' dir='ltr'><strong>adfuso</strong></span> <span class='ocrx_word' id='word_1_83' title='bbox 384 2396 507 2460; x_wconf 60' lang='lat' dir='ltr'><strong>liqugsccto</strong></span> <span class='ocrx_word' id='word_1_84' title='bbox 523 2398 623 2459; x_wconf 82' lang='lat' dir='ltr'><strong>plumbo,</strong></span> <span class='ocrx_word' id='word_1_85' title='bbox 643 2411 673 2444; x_wconf 80' lang='lat' dir='ltr'><strong>ne</strong></span> <span class='ocrx_word' id='word_1_86' title='bbox 690 2410 768 2443; x_wconf 81' lang='lat' dir='ltr'><strong>uncus</strong></span> <span class='ocrx_word' id='word_1_87' title='bbox 787 2394 843 2443; x_wconf 83' lang='lat' dir='ltr'><strong>indo</strong></span> <span class='ocrx_word' id='word_1_88' title='bbox 875 2402 938 2441; x_wconf 83' lang='lat' dir='ltr'><strong>runt.</strong></span> <span class='ocrx_word' id='word_1_89' title='bbox 973 2392 1137 2457; x_wconf 67' lang='lat' dir='ltr'><strong>Dotuisme,</strong></span> <span class='ocrx_word' id='word_1_90' title='bbox 1150 2391 1236 2440; x_wconf 69' lang='lat' dir='ltr'><strong>Graece</strong></span> <span class='ocrx_word' id='word_1_91' title='bbox 1292 2392 1441 2448; x_wconf 63' lang='lat' dir='ltr'><strong>‚anitium</strong></span> 
     </span>
     <span class='ocr_line' id='line_1_21' title="bbox 281 2454 1439 2523; baseline 0.002 -18"><span class='ocrx_word' id='word_1_92' title='bbox 281 2456 379 2505; x_wconf 81' lang='lat' dir='ltr'><strong>dissolvi</strong></span> <span class='ocrx_word' id='word_1_93' title='bbox 389 2468 467 2523; x_wconf 82' lang='lat' dir='ltr'><strong>posset</strong></span> <span class='ocrx_word' id='word_1_94' title='bbox 474 2475 589 2517; x_wconf 64' lang='lat' dir='ltr'><strong>,severas</strong></span> <span class='ocrx_word' id='word_1_95' title='bbox 602 2458 741 2513; x_wconf 87' lang='lat' dir='ltr'><strong>honendus‚</strong></span> <span class='ocrx_word' id='word_1_96' title='bbox 751 2473 843 2517; x_wconf 61' lang='lat' dir='ltr'><strong>aaron</strong></span> <span class='ocrx_word' id='word_1_97' title='bbox 875 2473 947 2520; x_wconf 85' lang='lat' dir='ltr'><strong>quarn</strong></span> <span class='ocrx_word' id='word_1_98' title='bbox 969 2465 996 2505; x_wconf 91' lang='lat' dir='ltr'><strong>ut</strong></span> <span class='ocrx_word' id='word_1_99' title='bbox 1015 2457 1106 2515; x_wconf 78' lang='lat' dir='ltr'><strong>terant3</strong></span> <span class='ocrx_word' id='word_1_100' title='bbox 1129 2454 1164 2504; x_wconf 86' lang='lat' dir='ltr'><strong>sic</strong></span> <span class='ocrx_word' id='word_1_101' title='bbox 1182 2454 1226 2504; x_wconf 81' lang='lat' dir='ltr'><strong>int.</strong></span> <span class='ocrx_word' id='word_1_102' title='bbox 1279 2463 1297 2504; x_wconf 84' lang='lat' dir='ltr'><strong>t.</strong></span> <span class='ocrx_word' id='word_1_103' title='bbox 1316 2456 1334 2511; x_wconf 91' lang='lat' dir='ltr'><strong>i,</strong></span> <span class='ocrx_word' id='word_1_104' title='bbox 1352 2459 1377 2513; x_wconf 84' lang='lat'><strong>4,</strong></span> <span class='ocrx_word' id='word_1_105' title='bbox 1398 2459 1439 2515; x_wconf 85' lang='lat'><strong>12,</strong></span> 
     </span>
     <span class='ocr_line' id='line_1_22' title="bbox 282 2517 1443 2595; baseline 0.003 -28"><span class='ocrx_word' id='word_1_106' title='bbox 282 2519 316 2568; x_wconf 83' lang='lat' dir='ltr'><strong>sic</strong></span> <span class='ocrx_word' id='word_1_107' title='bbox 329 2521 484 2570; x_wconf 76' lang='lat' dir='ltr'><strong>Eumenidum</strong></span> <span class='ocrx_word' id='word_1_108' title='bbox 494 2526 568 2571; x_wconf 77' lang='lat' dir='ltr'><strong>omnis</strong></span> <span class='ocrx_word' id='word_1_109' title='bbox 579 2523 644 2587; x_wconf 82' lang='lat' dir='ltr'><strong>apud</strong></span> <span class='ocrx_word' id='word_1_110' title='bbox 657 2522 725 2595; x_wconf 73' lang='lat' dir='ltr'><strong>Virg.</strong></span> <span class='ocrx_word' id='word_1_111' title='bbox 738 2524 799 2571; x_wconf 86' lang='lat' dir='ltr'><strong>AEn.</strong></span> <span class='ocrx_word' id='word_1_112' title='bbox 810 2521 842 2576; x_wconf 85' lang='lat' dir='ltr'><strong>vi,</strong></span> <span class='ocrx_word' id='word_1_113' title='bbox 873 2524 941 2585; x_wconf 81' lang='lat' dir='ltr'><strong>piger</strong></span> <span class='ocrx_word' id='word_1_114' title='bbox 959 2520 1029 2585; x_wconf 83' lang='lat' dir='ltr'><strong>serre</strong></span> <span class='ocrx_word' id='word_1_115' title='bbox 1056 2536 1106 2585; x_wconf 89' lang='lat' dir='ltr'><strong>pro,</strong></span> <span class='ocrx_word' id='word_1_116' title='bbox 1129 2518 1201 2568; x_wconf 85' lang='lat' dir='ltr'><strong>nimis</strong></span> <span class='ocrx_word' id='word_1_117' title='bbox 1222 2517 1289 2583; x_wconf 78' lang='lat' dir='ltr'><strong>piger</strong></span> <span class='ocrx_word' id='word_1_118' title='bbox 1309 2536 1383 2583; x_wconf 83' lang='lat' dir='ltr'><strong>quam</strong></span> <span class='ocrx_word' id='word_1_119' title='bbox 1412 2530 1443 2571; x_wconf 88' lang='lat' dir='ltr'><strong>ut</strong></span> 
     </span>
     <span class='ocr_line' id='line_1_23' title="bbox 281 2583 1440 2650; baseline 0.003 -18"><span class='ocrx_word' id='word_1_120' title='bbox 281 2584 338 2640; x_wconf 76' lang='lat'><strong>374,</strong></span> <span class='ocrx_word' id='word_1_121' title='bbox 350 2586 549 2636; x_wconf 70' lang='lat' dir='ltr'><strong>immedicitur:</strong></span> <span class='ocrx_word' id='word_1_122' title='bbox 568 2586 600 2635; x_wconf 80' lang='lat' dir='ltr'><strong>cf.</strong></span> <span class='ocrx_word' id='word_1_123' title='bbox 612 2586 772 2642; x_wconf 82' lang='lat' dir='ltr'><strong>Geo.ii1,37.</strong></span> <span class='ocrx_word' id='word_1_124' title='bbox 798 2584 844 2634; x_wconf 85' lang='lat' dir='ltr'><strong>His</strong></span> <span class='ocrx_word' id='word_1_125' title='bbox 876 2584 943 2634; x_wconf 83' lang='lat' dir='ltr'><strong>ferat.</strong></span> <span class='ocrx_word' id='word_1_126' title='bbox 981 2584 1080 2650; x_wconf 74' lang='lat' dir='ltr'><strong>Iugum,</strong></span> <span class='ocrx_word' id='word_1_127' title='bbox 1098 2584 1124 2634; x_wconf 88' lang='lat' dir='ltr'><strong>h.</strong></span> <span class='ocrx_word' id='word_1_128' title='bbox 1143 2600 1167 2633; x_wconf 87' lang='lat' dir='ltr'><strong>a.</strong></span> <span class='ocrx_word' id='word_1_129' title='bbox 1186 2583 1300 2649; x_wconf 83' lang='lat' dir='ltr'><strong>inopiam,</strong></span> <span class='ocrx_word' id='word_1_130' title='bbox 1322 2592 1440 2650; x_wconf 81' lang='lat' dir='ltr'><strong>tanquam</strong></span> 
     </span>
     <span class='ocr_line' id='line_1_24' title="bbox 280 2647 1439 2714; baseline 0.005 -19"><span class='ocrx_word' id='word_1_131' title='bbox 280 2649 391 2698; x_wconf 89' lang='lat' dir='ltr'><strong>omnibus</strong></span> <span class='ocrx_word' id='word_1_132' title='bbox 416 2659 496 2700; x_wconf 77' lang='lat' dir='ltr'><strong>autam</strong></span> <span class='ocrx_word' id='word_1_133' title='bbox 521 2652 691 2706; x_wconf 73' lang='lat' dir='ltr'><strong>instrumentis,</strong></span> <span class='ocrx_word' id='word_1_134' title='bbox 714 2667 768 2714; x_wconf 75' lang='lat' dir='ltr'><strong>qua</strong></span> <span class='ocrx_word' id='word_1_135' title='bbox 794 2665 842 2697; x_wconf 90' lang='lat' dir='ltr'><strong>non</strong></span> <span class='ocrx_word' id='word_1_136' title='bbox 872 2647 960 2713; x_wconf 81' lang='lat' dir='ltr'><strong>jugum</strong></span> <span class='ocrx_word' id='word_1_137' title='bbox 974 2659 1000 2699; x_wconf 88' lang='lat' dir='ltr'><strong>et</strong></span> <span class='ocrx_word' id='word_1_138' title='bbox 1015 2665 1085 2698; x_wconf 89' lang='lat' dir='ltr'><strong>onus.</strong></span> <span class='ocrx_word' id='word_1_139' title='bbox 1119 2650 1265 2714; x_wconf 82' lang='lat' dir='ltr'><strong>comparant</strong></span> <span class='ocrx_word' id='word_1_140' title='bbox 1278 2649 1439 2701; x_wconf 87' lang='lat' dir='ltr'><strong>Piud.Nam.</strong></span> 
     </span>
     <span class='ocr_line' id='line_1_25' title="bbox 280 2712 1442 2780; baseline 0.005 -20"><span class='ocrx_word' id='word_1_141' title='bbox 280 2712 331 2762; x_wconf 85' lang='lat' dir='ltr'><strong>siue</strong></span> <span class='ocrx_word' id='word_1_142' title='bbox 353 2715 426 2763; x_wconf 85' lang='lat' dir='ltr'><strong>animi</strong></span> <span class='ocrx_word' id='word_1_143' title='bbox 447 2715 550 2780; x_wconf 90' lang='lat' dir='ltr'><strong>quodam</strong></span> <span class='ocrx_word' id='word_1_144' title='bbox 572 2715 665 2764; x_wconf 88' lang='lat' dir='ltr'><strong>horrore</strong></span> <span class='ocrx_word' id='word_1_145' title='bbox 682 2715 842 2763; x_wconf 57' lang='lat' dir='ltr'><strong>normarum</strong></span> <span class='ocrx_word' id='word_1_146' title='bbox 875 2712 1106 2779; x_wconf 75' lang='grc' dir='ltr'>ιι,147,Παῦροιδ’</span> <span class='ocrx_word' id='word_1_147' title='bbox 1116 2714 1144 2762; x_wconf 75' lang='grc' dir='ltr'><strong>ἐν</strong></span> <span class='ocrx_word' id='word_1_148' title='bbox 1155 2715 1227 2777; x_wconf 76' lang='grc' dir='ltr'>πόνῳ</span> <span class='ocrx_word' id='word_1_149' title='bbox 1242 2714 1325 2764; x_wconf 66' lang='grc' dir='ltr'>πιστοὶ</span> <span class='ocrx_word' id='word_1_150' title='bbox 1337 2714 1442 2779; x_wconf 70' lang='grc' dir='ltr'><strong><em>βροτῶν</em></strong></span> 
     </span>
     <span class='ocr_line' id='line_1_26' title="bbox 297 2777 1210 2844; baseline 0.003 -20"><span class='ocrx_word' id='word_1_151' title='bbox 297 2793 328 2825; x_wconf 74' lang='lat' dir='ltr'><strong>ru</strong></span> <span class='ocrx_word' id='word_1_152' title='bbox 351 2793 376 2826; x_wconf 85' lang='lat' dir='ltr'><strong>ae</strong></span> <span class='ocrx_word' id='word_1_153' title='bbox 398 2779 457 2827; x_wconf 85' lang='lat' dir='ltr'><strong>serre</strong></span> <span class='ocrx_word' id='word_1_154' title='bbox 477 2779 645 2844; x_wconf 88' lang='lat' dir='ltr'><strong>conspicimus,</strong></span> <span class='ocrx_word' id='word_1_155' title='bbox 670 2780 703 2827; x_wconf 88' lang='lat' dir='ltr'><strong>nil</strong></span> <span class='ocrx_word' id='word_1_156' title='bbox 727 2777 772 2826; x_wconf 84' lang='lat' dir='ltr'><strong>nisi</strong></span> <span class='ocrx_word' id='word_1_157' title='bbox 795 2777 843 2826; x_wconf 86' lang='lat' dir='ltr'><strong>vim</strong></span> <span class='ocrx_word' id='word_1_158' title='bbox 875 2777 987 2842; x_wconf 76' lang='grc' dir='ltr'><strong>καμάτου</strong></span> <span class='ocrx_word' id='word_1_159' title='bbox 997 2777 1210 2842; x_wconf 74' lang='grc' dir='ltr'><strong>μεταλαμβάνειν.</strong></span> 
     </span>
     <span class='ocr_line' id='line_1_27' title="bbox 280 2792 1439 2916; baseline 0.003 -28"><span class='ocrx_word' id='word_1_160' title='bbox 280 2792 392 2916; x_wconf 44' lang='lat' dir='ltr'><strong>§ortuum</strong></span> <span class='ocrx_word' id='word_1_161' title='bbox 405 2843 546 2916; x_wconf 36' lang='lat' dir='ltr'><strong>&#39;indomitam</strong></span> <span class='ocrx_word' id='word_1_162' title='bbox 562 2853 586 2893; x_wconf 86' lang='lat' dir='ltr'><strong>et</strong></span> <span class='ocrx_word' id='word_1_163' title='bbox 597 2843 781 2909; x_wconf 82' lang='lat' dir='ltr'><strong>insuperabilem</strong></span> <span class='ocrx_word' id='word_1_164' title='bbox 799 2841 840 2890; x_wconf 86' lang='lat' dir='ltr'><strong>de·</strong></span> <span class='ocrx_word' id='word_1_165' title='bbox 905 2844 1013 2891; x_wconf 79' lang='lat'><strong>29-32.</strong></span> <span class='ocrx_word' id='word_1_166' title='bbox 1036 2844 1208 2916; x_wconf 72' lang='lat' dir='ltr'><strong>Jam,captata</strong></span> <span class='ocrx_word' id='word_1_167' title='bbox 1226 2842 1295 2916; x_wconf 78' lang='lat' dir='ltr'><strong>quasi</strong></span> <span class='ocrx_word' id='word_1_168' title='bbox 1313 2842 1439 2900; x_wconf 71' lang='lat' dir='ltr'><strong>Fortunae,</strong></span> 
     </span>
     <span class='ocr_line' id='line_1_28' title="bbox 279 2905 1440 3036; baseline 0.002 -18"><span class='ocrx_word' id='word_1_169' title='bbox 279 2907 736 3034; x_wconf 46' lang='grc' dir='ltr'><strong>ῃῗῗι-ἰνιιῗὲῗξιῗέιᾞῖωὲεαω</strong></span> <span class='ocrx_word' id='word_1_170' title='bbox 754 2980 778 3020; x_wconf 71' lang='grc' dir='ltr'><strong>ιε</strong></span> <span class='ocrx_word' id='word_1_171' title='bbox 798 2973 840 3018; x_wconf 71' lang='lat' dir='ltr'><strong>aa·</strong></span> <span class='ocrx_word' id='word_1_172' title='bbox 873 2905 1440 3036; x_wconf 45' lang='lat' dir='ltr'><strong>iiiiiybiiiiiriioiiuiuiiiiiiissffsso</strong></span> 
     </span>
     <span class='ocr_line' id='line_1_29' title="bbox 278 3035 1440 3100; baseline 0.003 -19"><span class='ocrx_word' id='word_1_173' title='bbox 278 3049 365 3083; x_wconf 81' lang='lat' dir='ltr'><strong>verram</strong></span> <span class='ocrx_word' id='word_1_174' title='bbox 381 3051 476 3100; x_wconf 87' lang='lat' dir='ltr'><strong>quoquo</strong></span> <span class='ocrx_word' id='word_1_175' title='bbox 493 3037 584 3091; x_wconf 88' lang='lat' dir='ltr'><strong>colunt,</strong></span> <span class='ocrx_word' id='word_1_176' title='bbox 598 3045 701 3086; x_wconf 88' lang='lat' dir='ltr'><strong>necate</strong></span> <span class='ocrx_word' id='word_1_177' title='bbox 718 3036 840 3089; x_wconf 87' lang='lat' dir='ltr'><strong>recedunt,</strong></span> <span class='ocrx_word' id='word_1_178' title='bbox 874 3035 978 3084; x_wconf 71' lang='lat' dir='ltr'><strong>casare.</strong></span> <span class='ocrx_word' id='word_1_179' title='bbox 1014 3035 1112 3083; x_wconf 77' lang='lat' dir='ltr'><strong>Ultimos</strong></span> <span class='ocrx_word' id='word_1_180' title='bbox 1129 3035 1263 3083; x_wconf 50' lang='lat' dir='ltr'><strong>Batauam.</strong></span> <span class='ocrx_word' id='word_1_181' title='bbox 1296 3036 1337 3083; x_wconf 91' lang='lat' dir='ltr'><strong>Sic</strong></span> <span class='ocrx_word' id='word_1_182' title='bbox 1352 3051 1384 3084; x_wconf 87' lang='lat' dir='ltr'><strong>ex</strong></span> <span class='ocrx_word' id='word_1_183' title='bbox 1395 3051 1440 3084; x_wconf 84' lang='lat' dir='ltr'><strong>ve-</strong></span> 
     </span>
     <span class='ocr_line' id='line_1_30' title="bbox 278 3097 1440 3164; baseline 0.002 -18"><span class='ocrx_word' id='word_1_184' title='bbox 278 3099 374 3161; x_wconf 91' lang='lat' dir='ltr'><strong>quando</strong></span> <span class='ocrx_word' id='word_1_185' title='bbox 396 3116 426 3149; x_wconf 86' lang='lat' dir='ltr'><strong>er</strong></span> <span class='ocrx_word' id='word_1_186' title='bbox 448 3103 546 3148; x_wconf 78' lang='lat' dir='ltr'><strong>seeundo</strong></span> <span class='ocrx_word' id='word_1_187' title='bbox 568 3101 593 3148; x_wconf 88' lang='lat' dir='ltr'><strong>io</strong></span> <span class='ocrx_word' id='word_1_188' title='bbox 611 3103 729 3150; x_wconf 76' lang='lat' dir='ltr'><strong>adversam</strong></span> <span class='ocrx_word' id='word_1_189' title='bbox 750 3108 841 3147; x_wconf 81' lang='lat' dir='ltr'><strong>mutata</strong></span> <span class='ocrx_word' id='word_1_190' title='bbox 872 3098 915 3146; x_wconf 90' lang='lat' dir='ltr'><strong>teri</strong></span> <span class='ocrx_word' id='word_1_191' title='bbox 936 3097 1056 3164; x_wconf 84' lang='lat' dir='ltr'><strong>opinione,</strong></span> <span class='ocrx_word' id='word_1_192' title='bbox 1080 3097 1188 3146; x_wconf 86' lang='lat' dir='ltr'><strong>ultimam</strong></span> <span class='ocrx_word' id='word_1_193' title='bbox 1211 3114 1258 3146; x_wconf 74' lang='lat' dir='ltr'><strong>oras</strong></span> <span class='ocrx_word' id='word_1_194' title='bbox 1279 3099 1440 3148; x_wconf 81' lang='lat' dir='ltr'><strong>occidentalis</strong></span> 
     </span>
     <span class='ocr_line' id='line_1_31' title="bbox 278 3160 1439 3229; baseline 0.003 -20"><span class='ocrx_word' id='word_1_195' title='bbox 278 3163 434 3226; x_wconf 85' lang='lat' dir='ltr'><strong>potentiorum</strong></span> <span class='ocrx_word' id='word_1_196' title='bbox 450 3163 532 3213; x_wconf 85' lang='lat' dir='ltr'><strong>domos</strong></span> <span class='ocrx_word' id='word_1_197' title='bbox 547 3165 661 3229; x_wconf 86' lang='lat' dir='ltr'><strong>relinquis</strong></span> <span class='ocrx_word' id='word_1_198' title='bbox 672 3182 678 3223; x_wconf 89' lang='lat'>;</span> <span class='ocrx_word' id='word_1_199' title='bbox 701 3163 743 3212; x_wconf 88' lang='lat' dir='ltr'><strong>sed</strong></span> <span class='ocrx_word' id='word_1_200' title='bbox 758 3162 839 3219; x_wconf 90' lang='lat' dir='ltr'><strong>ceteri,</strong></span> <span class='ocrx_word' id='word_1_201' title='bbox 872 3160 974 3210; x_wconf 86' lang='lat' dir='ltr'><strong>insulam</strong></span> <span class='ocrx_word' id='word_1_202' title='bbox 991 3177 1043 3211; x_wconf 78' lang='lat' dir='ltr'><strong>esse</strong></span> <span class='ocrx_word' id='word_1_203' title='bbox 1052 3162 1217 3212; x_wconf 81' lang='lat' dir='ltr'><strong>Britanniam:</strong></span> <span class='ocrx_word' id='word_1_204' title='bbox 1235 3163 1300 3227; x_wconf 85' lang='lat' dir='ltr'><strong>apud</strong></span> <span class='ocrx_word' id='word_1_205' title='bbox 1310 3163 1439 3213; x_wconf 86' lang='lat' dir='ltr'><strong>Catullum</strong></span> 
     </span>
     <span class='ocr_line' id='line_1_32' title="bbox 278 3226 1437 3290; baseline 0.003 -17"><span class='ocrx_word' id='word_1_206' title='bbox 278 3226 319 3289; x_wconf 89' lang='lat' dir='ltr'><strong>qui</strong></span> <span class='ocrx_word' id='word_1_207' title='bbox 331 3227 374 3275; x_wconf 87' lang='lat' dir='ltr'><strong>tibi</strong></span> <span class='ocrx_word' id='word_1_208' title='bbox 386 3231 489 3276; x_wconf 70' lang='lat' dir='ltr'><strong>urende</strong></span> <span class='ocrx_word' id='word_1_209' title='bbox 504 3236 596 3276; x_wconf 83' lang='lat' dir='ltr'><strong>tantuin</strong></span> <span class='ocrx_word' id='word_1_210' title='bbox 613 3227 742 3282; x_wconf 71' lang='lat' dir='ltr'><strong>adhaerent,</strong></span> <span class='ocrx_word' id='word_1_211' title='bbox 755 3228 841 3290; x_wconf 81' lang='lat' dir='ltr'><strong>vulgus</strong></span> <span class='ocrx_word' id='word_1_212' title='bbox 872 3243 968 3290; x_wconf 87' lang='lat' dir='ltr'><strong>quoque</strong></span> <span class='ocrx_word' id='word_1_213' title='bbox 985 3227 1098 3275; x_wconf 76' lang='lat' dir='ltr'><strong>Britanni</strong></span> <span class='ocrx_word' id='word_1_214' title='bbox 1113 3226 1228 3274; x_wconf 89' lang='lat' dir='ltr'><strong>dicuntur</strong></span> <span class='ocrx_word' id='word_1_215' title='bbox 1239 3229 1335 3285; x_wconf 74' lang='lat' dir='ltr'><strong>ultimi,</strong></span> <span class='ocrx_word' id='word_1_216' title='bbox 1357 3236 1383 3276; x_wconf 86' lang='lat' dir='ltr'><strong>et</strong></span> <span class='ocrx_word' id='word_1_217' title='bbox 1398 3245 1437 3275; x_wconf 77' lang='lat' dir='ltr'><strong>ea·</strong></span> 
     </span>
     <span class='ocr_line' id='line_1_33' title="bbox 278 3289 1439 3364; baseline 0.003 -28"><span class='ocrx_word' id='word_1_218' title='bbox 278 3289 387 3346; x_wconf 87' lang='lat' dir='ltr'><strong>infidum,</strong></span> <span class='ocrx_word' id='word_1_219' title='bbox 403 3291 545 3346; x_wconf 83' lang='lat' dir='ltr'><strong>meretrices,</strong></span> <span class='ocrx_word' id='word_1_220' title='bbox 561 3291 666 3364; x_wconf 84' lang='lat' dir='ltr'><strong>parasiti,</strong></span> <span class='ocrx_word' id='word_1_221' title='bbox 686 3299 708 3339; x_wconf 86' lang='lat' dir='ltr'><strong>te</strong></span> <span class='ocrx_word' id='word_1_222' title='bbox 722 3293 841 3338; x_wconf 79' lang='lat' dir='ltr'><strong>adversam</strong></span> <span class='ocrx_word' id='word_1_223' title='bbox 874 3294 941 3338; x_wconf 70' lang='lat' dir='ltr'><strong>trani</strong></span> <span class='ocrx_word' id='word_1_224' title='bbox 952 3290 1021 3354; x_wconf 77' lang='lat' dir='ltr'><strong>Virg.</strong></span> <span class='ocrx_word' id='word_1_225' title='bbox 1036 3293 1095 3339; x_wconf 86' lang='lat' dir='ltr'><strong>AEn.</strong></span> <span class='ocrx_word' id='word_1_226' title='bbox 1107 3289 1158 3347; x_wconf 88' lang='lat' dir='ltr'><strong>viii,</strong></span> <span class='ocrx_word' id='word_1_227' title='bbox 1171 3291 1236 3349; x_wconf 76' lang='lat'><strong>7273</strong></span> <span class='ocrx_word' id='word_1_228' title='bbox 1253 3292 1315 3340; x_wconf 88' lang='lat' dir='ltr'><strong>Luc.</strong></span> <span class='ocrx_word' id='word_1_229' title='bbox 1324 3291 1366 3349; x_wconf 84' lang='lat' dir='ltr'><strong>vii,</strong></span> <span class='ocrx_word' id='word_1_230' title='bbox 1378 3295 1439 3341; x_wconf 77' lang='lat'><strong>541.</strong></span> 
     </span>
     <span class='ocr_line' id='line_1_34' title="bbox 278 3353 1439 3420; baseline 0.007 -22"><span class='ocrx_word' id='word_1_231' title='bbox 278 3353 388 3415; x_wconf 72' lang='lat' dir='ltr'><strong>fugiunt,</strong></span> <span class='ocrx_word' id='word_1_232' title='bbox 402 3353 456 3402; x_wconf 86' lang='lat' dir='ltr'><strong>h.e.</strong></span> <span class='ocrx_word' id='word_1_233' title='bbox 464 3353 511 3402; x_wconf 88' lang='lat' dir='ltr'><strong>veri</strong></span> <span class='ocrx_word' id='word_1_234' title='bbox 522 3355 592 3403; x_wconf 85' lang='lat' dir='ltr'><strong>arnrci</strong></span> <span class='ocrx_word' id='word_1_235' title='bbox 603 3355 628 3402; x_wconf 95' lang='lat' dir='ltr'><strong>in</strong></span> <span class='ocrx_word' id='word_1_236' title='bbox 639 3353 732 3402; x_wconf 79' lang='lat' dir='ltr'><strong>fortuna</strong></span> <span class='ocrx_word' id='word_1_237' title='bbox 740 3354 838 3403; x_wconf 83' lang='lat' dir='ltr'><strong>adversa</strong></span> <span class='ocrx_word' id='word_1_238' title='bbox 872 3353 982 3408; x_wconf 59' lang='lat' dir='ltr'><strong>humen,</strong></span> <span class='ocrx_word' id='word_1_239' title='bbox 1004 3371 1036 3420; x_wconf 83' lang='lat' dir='ltr'><strong>ap</strong></span> <span class='ocrx_word' id='word_1_240' title='bbox 1067 3355 1112 3404; x_wconf 84' lang='lat' dir='ltr'><strong>site</strong></span> <span class='ocrx_word' id='word_1_241' title='bbox 1133 3369 1148 3401; x_wconf 86' lang='lat' dir='ltr'><strong>a</strong></span> <span class='ocrx_word' id='word_1_242' title='bbox 1170 3370 1232 3404; x_wconf 85' lang='lat' dir='ltr'><strong>nova</strong></span> <span class='ocrx_word' id='word_1_243' title='bbox 1257 3370 1330 3419; x_wconf 87' lang='lat' dir='ltr'><strong>apum</strong></span> <span class='ocrx_word' id='word_1_244' title='bbox 1354 3356 1439 3406; x_wconf 84' lang='lat' dir='ltr'><strong>sobole</strong></span> 
     </span>
     <span class='ocr_line' id='line_1_35' title="bbox 278 3414 1435 3529; baseline 0.005 -67"><span class='ocrx_word' id='word_1_245' title='bbox 278 3414 357 3472; x_wconf 82' lang='lat' dir='ltr'><strong>fidem,</strong></span> <span class='ocrx_word' id='word_1_246' title='bbox 371 3417 552 3481; x_wconf 81' lang='lat' dir='ltr'><strong>salsiporfidiam</strong></span> <span class='ocrx_word' id='word_1_247' title='bbox 568 3419 677 3482; x_wconf 85' lang='lat' dir='ltr'><strong>probant.</strong></span> <span class='ocrx_word' id='word_1_248' title='bbox 709 3419 838 3529; x_wconf 71' lang='lat' dir='ltr'><strong>speaquie</strong></span> <span class='ocrx_word' id='word_1_249' title='bbox 870 3419 1033 3467; x_wconf 65' lang='lat' dir='ltr'><strong>transmutas</strong></span> <span class='ocrx_word' id='word_1_250' title='bbox 1062 3418 1192 3468; x_wconf 82' lang='lat' dir='ltr'><strong>exercitum</strong></span> <span class='ocrx_word' id='word_1_251' title='bbox 1206 3419 1435 3481; x_wconf 74' lang='lat' dir='ltr'><strong>recensexjuveui·</strong></span> 
     </span>
     <span class='ocr_line' id='line_1_36' title="bbox 277 3478 1436 3547; baseline 0.006 -20"><span class='ocrx_word' id='word_1_252' title='bbox 277 3478 344 3528; x_wconf 82' lang='lat' dir='ltr'><strong>adest</strong></span> <span class='ocrx_word' id='word_1_253' title='bbox 355 3481 466 3528; x_wconf 75' lang='lat' dir='ltr'><strong>Fortuna</strong></span> <span class='ocrx_word' id='word_1_254' title='bbox 477 3481 591 3538; x_wconf 76' lang='lat' dir='ltr'><strong>adversar,</strong></span> <span class='ocrx_word' id='word_1_255' title='bbox 604 3490 632 3529; x_wconf 89' lang='lat' dir='ltr'><strong>ut</strong></span> <span class='ocrx_word' id='word_1_256' title='bbox 641 3481 737 3530; x_wconf 82' lang='lat' dir='ltr'><strong>miseros</strong></span> <span class='ocrx_word' id='word_1_257' title='bbox 754 3498 792 3530; x_wconf 90' lang='lat' dir='ltr'><strong>me</strong></span> <span class='ocrx_word' id='word_1_258' title='bbox 803 3482 836 3530; x_wconf 94' lang='lat' dir='ltr'><strong>io·</strong></span> <span class='ocrx_word' id='word_1_259' title='bbox 870 3481 916 3529; x_wconf 81' lang='lat' dir='ltr'><strong>bus</strong></span> <span class='ocrx_word' id='word_1_260' title='bbox 937 3483 1106 3547; x_wconf 81' lang='lat' dir='ltr'><strong>conscriptum.</strong></span> <span class='ocrx_word' id='word_1_261' title='bbox 1143 3483 1208 3530; x_wconf 62' lang='lat' dir='ltr'><strong>&gt;Eois</strong></span> <span class='ocrx_word' id='word_1_262' title='bbox 1228 3486 1344 3545; x_wconf 66' lang='lat' dir='ltr'><strong>mnibus,</strong></span> <span class='ocrx_word' id='word_1_263' title='bbox 1366 3492 1436 3534; x_wconf 72' lang='lat' dir='ltr'><strong>terrae</strong></span> 
     </span>
     <span class='ocr_line' id='line_1_37' title="bbox 276 3542 1436 3612; baseline 0.005 -22"><span class='ocrx_word' id='word_1_264' title='bbox 276 3542 308 3590; x_wconf 90' lang='lat' dir='ltr'><strong>n&#39;s</strong></span> <span class='ocrx_word' id='word_1_265' title='bbox 331 3543 400 3592; x_wconf 81' lang='lat' dir='ltr'><strong>sortis</strong></span> <span class='ocrx_word' id='word_1_266' title='bbox 423 3544 507 3592; x_wconf 87' lang='lat' dir='ltr'><strong>solatio</strong></span> <span class='ocrx_word' id='word_1_267' title='bbox 524 3553 625 3605; x_wconf 71' lang='lat' dir='ltr'><strong>recreet,</strong></span> <span class='ocrx_word' id='word_1_268' title='bbox 647 3546 704 3594; x_wconf 87' lang='lat' dir='ltr'><strong>hinc</strong></span> <span class='ocrx_word' id='word_1_269' title='bbox 722 3544 839 3605; x_wconf 78' lang='grc' dir='ltr'>Ἐλπίόες</span> <span class='ocrx_word' id='word_1_270' title='bbox 870 3544 987 3601; x_wconf 79' lang='lat' dir='ltr'><strong>orientali,</strong></span> <span class='ocrx_word' id='word_1_271' title='bbox 1015 3546 1113 3596; x_wconf 78' lang='lat' dir='ltr'><strong>Arabia</strong></span> <span class='ocrx_word' id='word_1_272' title='bbox 1140 3546 1229 3595; x_wconf 80' lang='lat' dir='ltr'><strong>Felicia</strong></span> <span class='ocrx_word' id='word_1_273' title='bbox 1289 3547 1372 3612; x_wconf 82' lang='lat' dir='ltr'><strong>pulis:</strong></span> <span class='ocrx_word' id='word_1_274' title='bbox 1401 3548 1436 3596; x_wconf 81' lang='lat' dir='ltr'><strong>ci.</strong></span> 
     </span>
     <span class='ocr_line' id='line_1_38' title="bbox 275 3563 1436 3680; baseline 0.005 -24"><span class='ocrx_word' id='word_1_275' title='bbox 275 3607 362 3680; x_wconf 63' lang='lat' dir='ltr'><strong>[rixae</strong></span> <span class='ocrx_word' id='word_1_276' title='bbox 374 3609 470 3668; x_wconf 78' lang='grc' dir='ltr'><strong>ἑταῖραι</strong></span> <span class='ocrx_word' id='word_1_277' title='bbox 488 3607 552 3673; x_wconf 90' lang='lat' dir='ltr'><strong>apud</strong></span> <span class='ocrx_word' id='word_1_278' title='bbox 569 3610 698 3658; x_wconf 84' lang='lat' dir='ltr'><strong>Macedon.</strong></span> <span class='ocrx_word' id='word_1_279' title='bbox 717 3609 798 3666; x_wconf 82' lang='lat' dir='ltr'><strong>mix,</strong></span> <span class='ocrx_word' id='word_1_280' title='bbox 812 3613 835 3666; x_wconf 94' lang='lat' dir='ltr'><strong>l,</strong></span> <span class='ocrx_word' id='word_1_281' title='bbox 869 3625 998 3672; x_wconf 75' lang='lat' dir='ltr'><strong>argumeu</strong></span> <span class='ocrx_word' id='word_1_282' title='bbox 1017 3609 1229 3659; x_wconf 83' lang='lat' dir='ltr'><strong>.adCaim.1xi1.</strong></span> <span class='ocrx_word' id='word_1_283' title='bbox 1253 3563 1436 3668; x_wconf 47' lang='lat' dir='ltr'><strong>&amp;aaronem</strong></span> 
     </span>
     <span class='ocr_line' id='line_1_39' title="bbox 275 3627 1433 3738; baseline 0.005 -20"><span class='ocrx_word' id='word_1_284' title='bbox 275 3687 301 3719; x_wconf 83' lang='lat' dir='ltr'><strong>in</strong></span> <span class='ocrx_word' id='word_1_285' title='bbox 319 3671 420 3720; x_wconf 83' lang='lat' dir='ltr'><strong>Anthol.</strong></span> <span class='ocrx_word' id='word_1_286' title='bbox 432 3673 512 3721; x_wconf 74' lang='lat' dir='ltr'><strong>Grac.</strong></span> <span class='ocrx_word' id='word_1_287' title='bbox 522 3673 552 3720; x_wconf 85' lang='lat' dir='ltr'><strong>T.</strong></span> <span class='ocrx_word' id='word_1_288' title='bbox 566 3671 598 3728; x_wconf 88' lang='lat' dir='ltr'><strong>iv,</strong></span> <span class='ocrx_word' id='word_1_289' title='bbox 612 3675 653 3722; x_wconf 82' lang='lat'><strong>92.</strong></span> <span class='ocrx_word' id='word_1_290' title='bbox 686 3673 761 3728; x_wconf 81' lang='lat' dir='ltr'><strong>Rara,</strong></span> <span class='ocrx_word' id='word_1_291' title='bbox 778 3674 837 3738; x_wconf 90' lang='lat' dir='ltr'><strong>quia</strong></span> <span class='ocrx_word' id='word_1_292' title='bbox 869 3675 941 3722; x_wconf 81' lang='lat' dir='ltr'><strong>maris</strong></span> <span class='ocrx_word' id='word_1_293' title='bbox 961 3627 1050 3730; x_wconf 70' lang='lat' dir='ltr'><strong>lniici,</strong></span> <span class='ocrx_word' id='word_1_294' title='bbox 1071 3675 1101 3724; x_wconf 87' lang='lat' dir='ltr'><strong>ab</strong></span> <span class='ocrx_word' id='word_1_295' title='bbox 1122 3683 1176 3722; x_wconf 88' lang='lat' dir='ltr'><strong>ortu</strong></span> <span class='ocrx_word' id='word_1_296' title='bbox 1197 3675 1255 3723; x_wconf 83' lang='lat' dir='ltr'><strong>solis</strong></span> <span class='ocrx_word' id='word_1_297' title='bbox 1272 3676 1433 3733; x_wconf 77' lang='lat' dir='ltr'><strong>nrbeeoeutis,</strong></span> 
     </span>
     <span class='ocr_line' id='line_1_40' title="bbox 275 3735 966 3802; baseline 0.004 -20"><span class='ocrx_word' id='word_1_298' title='bbox 275 3749 327 3783; x_wconf 89' lang='lat' dir='ltr'><strong>raro</strong></span> <span class='ocrx_word' id='word_1_299' title='bbox 344 3735 414 3784; x_wconf 86' lang='lat' dir='ltr'><strong>amici</strong></span> <span class='ocrx_word' id='word_1_300' title='bbox 430 3736 455 3784; x_wconf 91' lang='lat' dir='ltr'><strong>in</strong></span> <span class='ocrx_word' id='word_1_301' title='bbox 469 3744 569 3800; x_wconf 77' lang='lat' dir='ltr'><strong>utraque</strong></span> <span class='ocrx_word' id='word_1_302' title='bbox 581 3737 675 3786; x_wconf 79' lang='lat' dir='ltr'><strong>fortuna</strong></span> <span class='ocrx_word' id='word_1_303' title='bbox 689 3737 761 3785; x_wconf 89' lang='lat' dir='ltr'><strong>fidem</strong></span> <span class='ocrx_word' id='word_1_304' title='bbox 774 3753 835 3802; x_wconf 71' lang='lat' dir='ltr'><strong>prae·</strong></span> <span class='ocrx_word' id='word_1_305' title='bbox 868 3737 966 3786; x_wconf 84' lang='lat' dir='ltr'><strong>accolis.</strong></span> 
     </span>
     <span class='ocr_line' id='line_1_41' title="bbox 275 3799 1436 3866; baseline 0.005 -20"><span class='ocrx_word' id='word_1_306' title='bbox 275 3806 349 3854; x_wconf 79' lang='lat' dir='ltr'><strong>stam,</strong></span> <span class='ocrx_word' id='word_1_307' title='bbox 361 3799 522 3862; x_wconf 83' lang='lat' dir='ltr'><strong>significanter</strong></span> <span class='ocrx_word' id='word_1_308' title='bbox 537 3800 589 3866; x_wconf 86' lang='lat' dir='ltr'><strong>ipsa</strong></span> <span class='ocrx_word' id='word_1_309' title='bbox 604 3801 649 3850; x_wconf 86' lang='lat' dir='ltr'><strong>dea</strong></span> <span class='ocrx_word' id='word_1_310' title='bbox 666 3800 754 3850; x_wconf 87' lang='lat' dir='ltr'><strong>dicitur</strong></span> <span class='ocrx_word' id='word_1_311' title='bbox 768 3819 835 3857; x_wconf 83' lang='lat' dir='ltr'><strong>rara,</strong></span> <span class='ocrx_word' id='word_1_312' title='bbox 900 3803 1006 3850; x_wconf 78' lang='grc'><strong>33-40.</strong></span> <span class='ocrx_word' id='word_1_313' title='bbox 1034 3803 1098 3851; x_wconf 74' lang='lat' dir='ltr'><strong>Eheu</strong></span> <span class='ocrx_word' id='word_1_314' title='bbox 1121 3806 1258 3852; x_wconf 64' lang='lat' dir='ltr'><strong>neutricum</strong></span> <span class='ocrx_word' id='word_1_315' title='bbox 1285 3813 1308 3852; x_wconf 82' lang='lat' dir='ltr'><strong>et</strong></span> <span class='ocrx_word' id='word_1_316' title='bbox 1334 3805 1436 3858; x_wconf 68' lang='lat' dir='ltr'><strong>raterii,</strong></span> 
     </span>
     <span class='ocr_line' id='line_1_42' title="bbox 274 3862 1435 3922; baseline 0.004 -11"><span class='ocrx_word' id='word_1_317' title='bbox 274 3862 300 3911; x_wconf 80' lang='lat' dir='ltr'><strong>h.</strong></span> <span class='ocrx_word' id='word_1_318' title='bbox 324 3879 345 3912; x_wconf 87' lang='lat' dir='ltr'><strong>a.</strong></span> <span class='ocrx_word' id='word_1_319' title='bbox 368 3879 432 3912; x_wconf 86' lang='lat' dir='ltr'><strong>raros</strong></span> <span class='ocrx_word' id='word_1_320' title='bbox 453 3865 556 3914; x_wconf 83' lang='lat' dir='ltr'><strong>cultores</strong></span> <span class='ocrx_word' id='word_1_321' title='bbox 577 3865 677 3914; x_wconf 87' lang='lat' dir='ltr'><strong>habens.</strong></span> <span class='ocrx_word' id='word_1_322' title='bbox 715 3867 781 3922; x_wconf 82' lang='lat' dir='ltr'><strong>Albo,</strong></span> <span class='ocrx_word' id='word_1_323' title='bbox 805 3865 837 3914; x_wconf 86' lang='lat' dir='ltr'><strong>ad</strong></span> <span class='ocrx_word' id='word_1_324' title='bbox 868 3873 926 3914; x_wconf 81' lang='lat' dir='ltr'><strong>cett.</strong></span> <span class='ocrx_word' id='word_1_325' title='bbox 939 3866 992 3916; x_wconf 77' lang='lat' dir='ltr'><strong>hac</strong></span> <span class='ocrx_word' id='word_1_326' title='bbox 1008 3867 1089 3915; x_wconf 85' lang='lat' dir='ltr'><strong>subita</strong></span> <span class='ocrx_word' id='word_1_327' title='bbox 1105 3865 1137 3915; x_wconf 83' lang='lat' dir='ltr'><strong>ad</strong></span> <span class='ocrx_word' id='word_1_328' title='bbox 1150 3866 1215 3915; x_wconf 86' lang='lat' dir='ltr'><strong>balla</strong></span> <span class='ocrx_word' id='word_1_329' title='bbox 1228 3867 1360 3916; x_wconf 78' lang='lat' dir='ltr'><strong>domestica</strong></span> <span class='ocrx_word' id='word_1_330' title='bbox 1375 3882 1435 3916; x_wconf 87' lang='lat' dir='ltr'><strong>cou-</strong></span> 
     </span>
     <span class='ocr_line' id='line_1_43' title="bbox 274 3927 1435 3995; baseline 0.003 -19"><span class='ocrx_word' id='word_1_331' title='bbox 274 3927 400 3977; x_wconf 87' lang='lat' dir='ltr'><strong>caudorem</strong></span> <span class='ocrx_word' id='word_1_332' title='bbox 422 3928 495 3977; x_wconf 89' lang='lat' dir='ltr'><strong>animi</strong></span> <span class='ocrx_word' id='word_1_333' title='bbox 513 3928 703 3993; x_wconf 68' lang='lat' dir='ltr'><strong>designandum,</strong></span> <span class='ocrx_word' id='word_1_334' title='bbox 726 3932 836 3994; x_wconf 75' lang='lat' dir='ltr'><strong>abnegat,</strong></span> <span class='ocrx_word' id='word_1_335' title='bbox 868 3930 953 3986; x_wconf 81' lang='lat' dir='ltr'><strong>versio,</strong></span> <span class='ocrx_word' id='word_1_336' title='bbox 965 3938 991 3979; x_wconf 89' lang='lat' dir='ltr'><strong>et</strong></span> <span class='ocrx_word' id='word_1_337' title='bbox 1000 3930 1052 3979; x_wconf 88' lang='lat' dir='ltr'><strong>dira</strong></span> <span class='ocrx_word' id='word_1_338' title='bbox 1064 3931 1189 3987; x_wconf 87' lang='lat' dir='ltr'><strong>malorum,</strong></span> <span class='ocrx_word' id='word_1_339' title='bbox 1200 3948 1257 3994; x_wconf 80' lang='lat' dir='ltr'><strong>qua</strong></span> <span class='ocrx_word' id='word_1_340' title='bbox 1271 3932 1314 3980; x_wconf 84' lang='lat' dir='ltr'><strong>ilia</strong></span> <span class='ocrx_word' id='word_1_341' title='bbox 1329 3932 1435 3995; x_wconf 85' lang='lat' dir='ltr'><strong>protule-</strong></span> 
     </span>
     <span class='ocr_line' id='line_1_44' title="bbox 274 3993 1437 4058; baseline 0.003 -18"><span class='ocrx_word' id='word_1_342' title='bbox 274 4006 308 4041; x_wconf 84' lang='lat' dir='ltr'><strong>sc.</strong></span> <span class='ocrx_word' id='word_1_343' title='bbox 333 4008 367 4042; x_wconf 89' lang='lat' dir='ltr'><strong>se.</strong></span> <span class='ocrx_word' id='word_1_344' title='bbox 410 3993 539 4057; x_wconf 74' lang='lat' dir='ltr'><strong>Utcunque,</strong></span> <span class='ocrx_word' id='word_1_345' title='bbox 561 3994 763 4058; x_wconf 85' lang='lat' dir='ltr'><strong>quandocunque,</strong></span> <span class='ocrx_word' id='word_1_346' title='bbox 787 4003 837 4041; x_wconf 89' lang='lat' dir='ltr'><strong>tum</strong></span> <span class='ocrx_word' id='word_1_347' title='bbox 869 4003 933 4050; x_wconf 88' lang='lat' dir='ltr'><strong>runt,</strong></span> <span class='ocrx_word' id='word_1_348' title='bbox 951 3995 1088 4052; x_wconf 87' lang='lat' dir='ltr'><strong>exsecratio,</strong></span> <span class='ocrx_word' id='word_1_349' title='bbox 1105 3995 1136 4042; x_wconf 88' lang='lat' dir='ltr'><strong>ad</strong></span> <span class='ocrx_word' id='word_1_350' title='bbox 1153 4005 1244 4051; x_wconf 84' lang='lat' dir='ltr'><strong>votum,</strong></span> <span class='ocrx_word' id='word_1_351' title='bbox 1261 4005 1289 4046; x_wconf 89' lang='lat' dir='ltr'><strong>ut</strong></span> <span class='ocrx_word' id='word_1_352' title='bbox 1307 3995 1400 4044; x_wconf 83' lang='lat' dir='ltr'><strong>bellum</strong></span> <span class='ocrx_word' id='word_1_353' title='bbox 1419 4011 1437 4044; x_wconf 79' lang='lat' dir='ltr'><strong>a</strong></span> 
     </span>
     <span class='ocr_line' id='line_1_45' title="bbox 291 4055 1437 4122; baseline 0.005 -18"><span class='ocrx_word' id='word_1_354' title='bbox 291 4073 378 4121; x_wconf 91' lang='lat' dir='ltr'><strong>uoque,</strong></span> <span class='ocrx_word' id='word_1_355' title='bbox 391 4055 495 4120; x_wconf 85' lang='lat' dir='ltr'><strong>quando.</strong></span> <span class='ocrx_word' id='word_1_356' title='bbox 525 4059 703 4108; x_wconf 79' lang='lat' dir='ltr'><strong>Matotooeeto:</strong></span> <span class='ocrx_word' id='word_1_357' title='bbox 720 4057 837 4122; x_wconf 79' lang='lat' dir='ltr'><strong>fingetihi</strong></span> <span class='ocrx_word' id='word_1_358' title='bbox 870 4057 944 4122; x_wconf 83' lang='lat' dir='ltr'><strong>petria</strong></span> <span class='ocrx_word' id='word_1_359' title='bbox 960 4057 991 4106; x_wconf 83' lang='lat' dir='ltr'><strong>ad</strong></span> <span class='ocrx_word' id='word_1_360' title='bbox 1006 4060 1159 4107; x_wconf 80' lang='lat' dir='ltr'><strong>barbarorum</strong></span> <span class='ocrx_word' id='word_1_361' title='bbox 1172 4059 1345 4109; x_wconf 80' lang='lat' dir='ltr'><strong>vincendorum</strong></span> <span class='ocrx_word' id='word_1_362' title='bbox 1360 4068 1437 4110; x_wconf 80' lang='lat' dir='ltr'><strong>tems</strong></span> 
     </span>
     <span class='ocr_line' id='line_1_46' title="bbox 295 4122 1436 4188; baseline 0.005 -20"><span class='ocrx_word' id='word_1_363' title='bbox 295 4133 403 4170; x_wconf 80' lang='lat' dir='ltr'><strong>ortanum</strong></span> <span class='ocrx_word' id='word_1_364' title='bbox 423 4125 543 4170; x_wconf 80' lang='lat' dir='ltr'><strong>secundom</strong></span> <span class='ocrx_word' id='word_1_365' title='bbox 562 4122 696 4186; x_wconf 88' lang='lat' dir='ltr'><strong>splendida,</strong></span> <span class='ocrx_word' id='word_1_366' title='bbox 719 4125 836 4171; x_wconf 65' lang='lat' dir='ltr'><strong>arveum</strong></span> <span class='ocrx_word' id='word_1_367' title='bbox 867 4131 996 4178; x_wconf 82' lang='lat' dir='ltr'><strong>avertatur,</strong></span> <span class='ocrx_word' id='word_1_368' title='bbox 1018 4124 1112 4188; x_wconf 78' lang='lat' dir='ltr'><strong>egregie</strong></span> <span class='ocrx_word' id='word_1_369' title='bbox 1134 4123 1211 4173; x_wconf 88' lang='lat' dir='ltr'><strong>ducit.</strong></span> <span class='ocrx_word' id='word_1_370' title='bbox 1254 4125 1371 4173; x_wconf 74' lang='lat' dir='ltr'><strong>Sceleris:</strong></span> <span class='ocrx_word' id='word_1_371' title='bbox 1401 4124 1436 4174; x_wconf 76' lang='lat' dir='ltr'><strong>cf.</strong></span> 
     </span>
     <span class='ocr_line' id='line_1_47' title="bbox 273 4182 1435 4253; baseline 0.005 -21"><span class='ocrx_word' id='word_1_372' title='bbox 273 4182 835 4250; x_wconf 80' lang='lat' dir='ltr'><strong>sordidavesteindutam3mutatigiturvestam</strong></span> <span class='ocrx_word' id='word_1_373' title='bbox 867 4201 922 4250; x_wconf 84' lang='lat' dir='ltr'><strong>sup.</strong></span> <span class='ocrx_word' id='word_1_374' title='bbox 937 4187 954 4242; x_wconf 90' lang='lat' dir='ltr'><strong>i,</strong></span> <span class='ocrx_word' id='word_1_375' title='bbox 966 4189 991 4242; x_wconf 80' lang='lat'><strong>2,</strong></span> <span class='ocrx_word' id='word_1_376' title='bbox 1003 4189 1045 4236; x_wconf 75' lang='lat'><strong>29.</strong></span> <span class='ocrx_word' id='word_1_377' title='bbox 1080 4189 1252 4252; x_wconf 74' lang='lat' dir='ltr'><strong>Frotmmqm:</strong></span> <span class='ocrx_word' id='word_1_378' title='bbox 1270 4187 1392 4253; x_wconf 79' lang='lat' dir='ltr'><strong>copiosius</strong></span> <span class='ocrx_word' id='word_1_379' title='bbox 1408 4188 1435 4238; x_wconf 88' lang='lat' dir='ltr'><strong>iu</strong></span> 
     </span>
     <span class='ocr_line' id='line_1_48' title="bbox 272 4248 1436 4380; baseline 0.002 -84"><span class='ocrx_word' id='word_1_380' title='bbox 272 4249 421 4360; x_wconf 59' lang='lat' dir='ltr'><strong>:glendidam</strong></span> <span class='ocrx_word' id='word_1_381' title='bbox 439 4265 495 4361; x_wconf 61' lang='lat' dir='ltr'><strong>coqu</strong></span> <span class='ocrx_word' id='word_1_382' title='bbox 514 4249 616 4306; x_wconf 83' lang='lat' dir='ltr'><strong>sordida,</strong></span> <span class='ocrx_word' id='word_1_383' title='bbox 634 4250 730 4316; x_wconf 82' lang='lat' dir='ltr'><strong>quando</strong></span> <span class='ocrx_word' id='word_1_384' title='bbox 746 4259 773 4299; x_wconf 93' lang='lat' dir='ltr'><strong>ut</strong></span> <span class='ocrx_word' id='word_1_385' title='bbox 789 4249 835 4300; x_wconf 82' lang='lat' dir='ltr'><strong>dea</strong></span> <span class='ocrx_word' id='word_1_386' title='bbox 867 4248 928 4298; x_wconf 82' lang='lat' dir='ltr'><strong>hauc</strong></span> <span class='ocrx_word' id='word_1_387' title='bbox 945 4252 1089 4380; x_wconf 43' lang='lat' dir='ltr'><strong>¹caritenqiatn</strong></span> <span class='ocrx_word' id='word_1_388' title='bbox 1110 4254 1213 4330; x_wconf 65' lang='lat' dir='ltr'><strong>Lucam</strong></span> <span class='ocrx_word' id='word_1_389' title='bbox 1225 4250 1252 4308; x_wconf 90' lang='lat' dir='ltr'><strong>ii,</strong></span> <span class='ocrx_word' id='word_1_390' title='bbox 1270 4254 1330 4364; x_wconf 52' lang='lat'><strong>283,</strong></span> <span class='ocrx_word' id='word_1_391' title='bbox 1346 4254 1436 4365; x_wconf 57' lang='grc' dir='ltr'>Ἥ</span> 
     </span>
     <span class='ocr_line' id='line_1_49' title="bbox 304 4327 1363 4374; baseline 0.003 -13"><span class='ocrx_word' id='word_1_392' title='bbox 304 4329 395 4362; x_wconf 79' lang='lat' dir='ltr'><strong>versae</strong></span> <span class='ocrx_word' id='word_1_393' title='bbox 443 4328 488 4362; x_wconf 85' lang='lat' dir='ltr'><strong>re.</strong></span> <span class='ocrx_word' id='word_1_394' title='bbox 926 4331 1013 4364; x_wconf 75' lang='lat' dir='ltr'><strong>cucero</strong></span> <span class='ocrx_word' id='word_1_395' title='bbox 1043 4333 1122 4365; x_wconf 74' lang='lat' dir='ltr'><strong>mum</strong></span> <span class='ocrx_word' id='word_1_396' title='bbox 1205 4327 1224 4364; x_wconf 80' lang='lat' dir='ltr'><strong>rt</strong></span> <span class='ocrx_word' id='word_1_397' title='bbox 1252 4332 1363 4374; x_wconf 62' lang='lat' dir='ltr'><strong>anuas,</strong></span> 
     </span>
     <span class='ocr_line' id='line_1_50' title="bbox 303 4317 1434 4445; baseline 0.004 -21"><span class='ocrx_word' id='word_1_398' title='bbox 303 4328 498 4426; x_wconf 42' lang='lat' dir='ltr'><strong>wwqpqadh</strong></span> <span class='ocrx_word' id='word_1_399' title='bbox 512 4377 571 4424; x_wconf 82' lang='lat' dir='ltr'><strong>Cam</strong></span> <span class='ocrx_word' id='word_1_400' title='bbox 579 4378 641 4441; x_wconf 74' lang='lat' dir='ltr'><strong>scer</strong></span> <span class='ocrx_word' id='word_1_401' title='bbox 656 4382 832 4443; x_wconf 71' lang='lat' dir='ltr'><strong>siccariapost·</strong></span> <span class='ocrx_word' id='word_1_402' title='bbox 865 4331 973 4426; x_wconf 48' lang='lat' dir='ltr'><strong>mouere</strong></span> <span class='ocrx_word' id='word_1_403' title='bbox 997 4392 1095 4442; x_wconf 64' lang='lat' dir='ltr'><strong>potam</strong></span> <span class='ocrx_word' id='word_1_404' title='bbox 1121 4317 1300 4444; x_wconf 50' lang='grc' dir='ltr'><strong>δσιΕῙιιὲιειίκζ-ἰκ</strong></span> <span class='ocrx_word' id='word_1_405' title='bbox 1320 4379 1434 4445; x_wconf 74' lang='lat' dir='ltr'><strong>fratruae</strong></span> 
     </span>
     <span class='ocr_line' id='line_1_51' title="bbox 272 4441 1432 4509; baseline 0.004 -21"><span class='ocrx_word' id='word_1_406' title='bbox 272 4455 344 4502; x_wconf 85' lang='lat' dir='ltr'><strong>quam</strong></span> <span class='ocrx_word' id='word_1_407' title='bbox 360 4441 390 4490; x_wconf 87' lang='lat' dir='ltr'><strong>ad</strong></span> <span class='ocrx_word' id='word_1_408' title='bbox 407 4442 490 4490; x_wconf 85' lang='lat' dir='ltr'><strong>saeccm</strong></span> <span class='ocrx_word' id='word_1_409' title='bbox 507 4457 584 4506; x_wconf 87' lang='lat' dir='ltr'><strong>usque</strong></span> <span class='ocrx_word' id='word_1_410' title='bbox 599 4441 680 4490; x_wconf 86' lang='lat' dir='ltr'><strong>vinum</strong></span> <span class='ocrx_word' id='word_1_411' title='bbox 698 4443 831 4497; x_wconf 87' lang='lat' dir='ltr'><strong>abibemnt,</strong></span> <span class='ocrx_word' id='word_1_412' title='bbox 864 4445 997 4491; x_wconf 80' lang='lat' dir='ltr'><strong>ceciderunt</strong></span> <span class='ocrx_word' id='word_1_413' title='bbox 1009 4448 1103 4505; x_wconf 73' lang='lat' dir='ltr'><strong>premia</strong></span> <span class='ocrx_word' id='word_1_414' title='bbox 1106 4445 1210 4509; x_wconf 77' lang='lat' dir='ltr'><strong>fratres.</strong></span> <span class='ocrx_word' id='word_1_415' title='bbox 1243 4446 1371 4499; x_wconf 69' lang='lat' dir='ltr'><strong>intactam,</strong></span> <span class='ocrx_word' id='word_1_416' title='bbox 1385 4444 1432 4492; x_wconf 89' lang='lat' dir='ltr'><strong>im·</strong></span> 
     </span>
     <span class='ocr_line' id='line_1_52' title="bbox 272 4503 1434 4573; baseline 0.007 -22"><span class='ocrx_word' id='word_1_417' title='bbox 272 4503 297 4552; x_wconf 82' lang='lat' dir='ltr'><strong>h.</strong></span> <span class='ocrx_word' id='word_1_418' title='bbox 308 4519 332 4554; x_wconf 87' lang='lat' dir='ltr'><strong>e.</strong></span> <span class='ocrx_word' id='word_1_419' title='bbox 341 4521 424 4555; x_wconf 83' lang='lat' dir='ltr'><strong>omnes</strong></span> <span class='ocrx_word' id='word_1_420' title='bbox 437 4521 495 4572; x_wconf 86' lang='lat' dir='ltr'><strong>opes</strong></span> <span class='ocrx_word' id='word_1_421' title='bbox 508 4515 690 4556; x_wconf 81' lang='lat' dir='ltr'><strong>consumserunt</strong></span> <span class='ocrx_word' id='word_1_422' title='bbox 700 4515 724 4554; x_wconf 87' lang='lat' dir='ltr'><strong>et</strong></span> <span class='ocrx_word' id='word_1_423' title='bbox 733 4507 831 4556; x_wconf 84' lang='lat' dir='ltr'><strong>devora·</strong></span> <span class='ocrx_word' id='word_1_424' title='bbox 864 4505 992 4570; x_wconf 77' lang='lat' dir='ltr'><strong>pollutum.</strong></span> <span class='ocrx_word' id='word_1_425' title='bbox 1025 4507 1129 4573; x_wconf 63' lang='lat' dir='ltr'><strong>Ngfosti&#39;,</strong></span> <span class='ocrx_word' id='word_1_426' title='bbox 1158 4508 1263 4560; x_wconf 79' lang='lat' dir='ltr'><strong>scelesti.</strong></span> <span class='ocrx_word' id='word_1_427' title='bbox 1302 4508 1434 4572; x_wconf 67' lang='lat' dir='ltr'><strong>Daffingoa</strong></span> 
     </span>
    </p>
   </div>
   <div class='ocr_carea' id='block_1_4' title="bbox 0 0 1580 5200">
    <p class='ocr_par' dir='ltr' id='par_1_4' title="bbox 0 0 1580 5200">
     <span class='ocr_line' id='line_1_53' title="bbox 0 0 1580 5200; baseline 0 6"><span class='ocrx_word' id='word_1_428' title='bbox 0 0 1580 5200; x_wconf 95' lang='lat' dir='ltr'><strong> </strong></span> 
     </span>
    </p>
   </div>
  </div>
 </body>
</html>
