3150 5200
347 836 1092 956 EPISTOLARUM

559 1161 669 1210 LIBER
686 1162 882 1213 SECUNDUS.

570 1703 812 1771 EPISTOLA
834 1705 861 1772 Ι.

512 1917 578 1965 ΑΙ)
612 1918 920 1967 AUGUSTUM.

227 2099 348 2194 Quuu
365 2127 413 2182 tot
428 2117 588 2182 sustineas
603 2130 637 2183 et
651 2129 741 2184 tenta
756 2121 887 2204 negotia
903 2120 1001 2196 solue,

227 2216 295 2281 Res
310 2218 409 2283 Italas
425 2221 521 2284 ermis
537 2222 664 2298 tuteris,
680 2223 825 2286 moribus
840 2244 947 2299 ornes,

227 2317 373 2404 Legibus
388 2321 559 2398 emendes3
582 2322 615 2385 in
630 2323 762 2406 publica
776 2324 945 2387 commoda
958 2343 1101 2406 peccem,

227 2419 263 2483 Si
276 2421 375 2508 longo
391 2445 537 2488 sermone
552 2446 658 2488 morer
672 2435 729 2489 tua
744 2435 901 2508 tempore,
917 2424 1039 2488 Caesor.

172 2523 194 2583 5
227 2521 399 2602 Romulus,
412 2534 445 2590 et
461 2524 563 2590 Liber
577 2537 681 2611 pater,
697 2536 819 2592 etcum
834 2527 971 2590 Castore
987 2524 1116 2604 Pollux,

314 2730 483 2779 EPISTOLA
502 2730 525 2779 1.
731 2730 833 2797 Egregie
844 2731 901 2780 huic
917 2732 971 2779 loco
985 2728 1129 2794 respondent
1144 2744 1198 2794 quse
1211 2730 1289 2780 Horo·

174 2791 305 2855 Postquam
321 2803 391 2858 poete
408 2794 432 2843 in
450 2793 526 2859 prime
542 2794 614 2859 hujus
627 2794 697 2859 Epis·
730 2796 779 2844 tius
800 2796 831 2845 de
850 2795 982 2845 emendetis
1000 2794 1031 2843 eb
1050 2794 1163 2857 Augusto
1183 2793 1288 2844 moribus

139 2852 195 2901 tole
212 2864 278 2919 porte
293 2857 401 2907 lsudsvit
417 2858 499 2923 populi
518 2858 623 2907 Romani
633 2860 697 2924 sepi·
730 2860 797 2909 canit
814 2876 869 2925 sup.
888 2859 937 2909 Od.
948 2860 980 2916 iv,
992 2860 1017 2914 5,
1028 2860 1070 2915 21,
1081 2858 1123 2913 22,
1141 2857 1221 2906 Nullis
1237 2861 1287 2920 pol·

139 2918 297 2995 entiamque
314 2922 431 2979 illesum
446 2924 519 2986 vulgo
534 2932 698 2988 postmortem
730 2926 808 2973 luitur
828 2934 890 2973 eosto
912 2926 991 2972 domos
1011 2924 1114 2983 sttqiris,⁸
1138 2921 1189 2969 Mos
1208 2933 1232 2971 et
1253 2924 1289 2972 les

138 2981 345 3035 demumrrrtules
360 2986 483 3035 hominum
499 2996 658 3051 agnoscentur
673 2996 698 3037 et
729 2992 859 3037 wallorum
868 2986 1054 3051 edomuitnesos.
1088 2986 1233 3050 Respexisse
1244 3002 1287 3035 ou·

139 3055 202 3095 recte
214 3048 370 3108 estimentur,
380 3052 431 3116 jem
443 3066 507 3100 nuno
517 3054 657 3115 Augustum
671 3060 699 3101 ut
729 3060 777 3101 tem
798 3052 892 3101 videtur
914 3050 1030 3100 Horatius
1050 3050 1127 3114 legem
1148 3049 1239 3097 Juliom
1260 3054 1288 3099 sle

139 3120 278 3174 presentem
289 3113 362 3163 deum
376 3124 516 3173 veteretum
533 3114 633 3164 summis
644 3116 697 3164 Au·
729 3118 853 3166 adulteriis
866 3124 893 3165 et
907 3115 984 3179 legem
1003 3114 1102 3176 Papium
1123 3113 1243 3175 Poppaeom
1260 3118 1288 3163 ds

139 3175 203 3237 gusti
221 3176 333 3226 laudibus
365 3179 486 3236 remissis,
500 3180 604 3244 dejusto
621 3179 696 3245 pretio
728 3184 866 3229 maritumis
885 3181 1014 3228 ordinibus.
1058 3178 1152 3242 Scripta
1174 3184 1211 3225 ost
1234 3177 1287 3227 heo

139 3246 202 3313 tem·
216 3196 398 3306 antiquiorilius‚
424 3259 497 3309 quem
528 3242 697 3294 recentioribus
728 3244 846 3309 Epistola,
868 3252 994 3311 postquem
1015 3242 1151 3305 Αιιῑιιιιιιι,
1169 3248 1197 3289 ut
1218 3241 1289 3293 refert

139 3310 216 3366 poetis
228 3306 353 3355 statuendo
363 3308 422 3372 egit.
730 3310 828 3358 Suetoo.
841 3310 929 3359 Oetes.
940 3308 981 3362 2⁷,
991 3323 1081 3354 osorum
1093 3308 1212 3371 legumque
1223 3310 1286 3371 regi·

175 3369 245 3416 1-4.
258 3371 332 3423 Οιιιιιιι
342 3380 374 3420 tot
382 3375 502 3429 sustineas,
511 3380 567 3422 cett.
576 3372 697 3437 Vulgaris,
729 3384 923 3436 menpsspstuuso
933 3379 1058 3434 receperat.

138 3431 180 3480 sed
192 3431 297 3497 elegeos,
309 3434 424 3485 inferioris
436 3436 468 3485 ed
482 3436 624 3503 superiorem
634 3437 693 3486 sori·
758 3439 784 3485 4.
802 3438 852 3485 loo
869 3456 882 3485 o
895 3452 1011 3486 semones
1026 3443 1051 3483 et
1061 3441 1141 3482 temen
1151 3433 1204 3483 heo
1215 3434 1286 3500 Epis·

137 3496 217 3544 bentie
237 3499 376 3548 excusatio:
403 3500 429 3549 si
447 3500 525 3549 susim
546 3508 579 3558 te,
601 3502 693 3559 Cesar,
726 3502 784 3559 tole,
803 3501 824 3549 si
841 3454 869 3549 li
880 3501 975 3549 istolsm
994 3498 1024 3547 ed
1042 3498 1141 3547 Pisones
1157 3499 1286 3564 exceperis,

138 3560 209 3624 longo
224 3578 331 3611 sermone
347 3564 453 3614 detinere
469 3574 494 3614 et
509 3580 695 3629 evorereegro·
727 3566 834 3614 omnium
871 3564 940 3614 oratii
953 3562 1114 3629 Epistolerum
1128 3561 1286 3627 estlougissi-

138 3624 361 3691 vissimisnegotiis,
374 3628 462 3692 quibus
477 3638 503 3678 tu
520 3644 583 3677 unus
597 3638 645 3678 tem
658 3645 696 3677 er·
726 3644 775 3677 ma.
808 3628 907 3677 Scilicet
916 3644 964 3676 ιιοιι
975 3642 1028 3675 reso
1044 3626 1201 3690 reiulioujm,
1230 3642 1287 3676 uem

138 3704 229 3737 morum
248 3693 355 3755 potentie
371 3693 450 3741 Italie
466 3693 617 3743 securitatem
634 3710 696 3758 pre·
727 3691 812 3759 paucis
820 3692 931 3757 expedire
944 3690 1063 3747 volumus,
1080 3690 1186 3753 gmvitos
1197 3642 1234 3740 vii
1242 3691 1285 3804 {u-

137 3762 196 3811 stos,
219 3771 291 3820 quem
319 3756 412 3820 legibus
439 3757 585 3806 solutoribus
612 3757 694 3823 populi
726 3756 836 3805 conditos
854 3772 898 3804 nos
916 3756 1016 3804 disertos
1032 3762 1057 3803 et
1071 3755 1183 3802 verbosos
1199 3754 1241 3803 red
1259 3755 1286 3803 it.

137 3832 214 3867 mores
233 3820 394 3870 emendandos
410 3836 489 3879 cures,
507 3821 610 3887 prolecto
629 3837 694 3870 oom-
728 3820 788 3876 Tuo,
800 3820 902 3883 negotiis
912 3820 961 3867 tuis
972 3818 1100 3867 destinate.

136 3881 217 3938 modo,
229 3900 284 3947 que
303 3893 329 3933 tu
377 3901 416 3935 res
434 3887 587 3952 populo,ego
601 3886 695 3935 turbere
760 3886 850 3933 s-lo.
869 3884 989 3939 Romulus,
1000 3890 1057 3931 cett.
1078 3881 1285 3937 Romulus,Bsc·

135 3955 161 3994 et
171 3946 309 4013 intercipere
319 3948 343 3997 vi
360 3966 408 3999 esu.
726 3948 797 4003 chus,
818 3947 907 3996 Pollux
926 3963 981 3995 cum
1002 3946 1101 3994 Castore
1120 3952 1145 3993 et
1160 3945 1285 4002 Hercules,

171 4012 193 4058 l.
209 4013 364 4069 Solus‚eutee
374 4014 439 4063 enim
446 4030 520 4080 penes
530 4015 609 4089 plures
619 4013 697 4062 luerat
727 4022 854 4086 postquem
870 4012 941 4060 rebus
958 4008 1031 4075 gestis
1048 4008 1203 4058 immortalem
1214 4009 1285 4073 glori·

135 4077 567 4191 ”ilp'¹i¹i⁰i'lm²‘¹mi¹¹l⁸“²il'
643 4145 659 4191 ι
727 4072 1195 4190 tm⁸¹li⁰⁰mt¹tl¹¹lllltslt
1208 4073 1286 4185 llll·

187 4176 193 4196 ‚
224 4176 230 4189 .
437 4180 443 4202 ,
688 4162 696 4190 ι
745 4158 785 4189 um
836 4156 867 4189 ne
886 4156 910 4187 m
979 4175 986 4195 ,
1276 4164 1285 4175 ·

134 4220 193 4317 u
207 4158 435 4319 uitii
726 4204 1042 4319 :uillelmo
1058 4200 1316 4331 tertre·

134 4304 318 4382 tert'Lsunttes.
335 4290 541 4402 Stipplerlioioes
551 4344 575 4385 et
585 4337 694 4393 ιιιιειιᾰιι,
728 4342 798 4393 nunt,
818 4333 876 4382 dum
892 4302 923 4397 (ip
940 4332 980 4381 ide
997 4281 1113 4405 eoiiluot,
1130 4328 1220 4378 meritis
1236 4330 1286 4378 suis

133 4397 248 4462 populum
263 4398 410 4459 Romanum,
423 4410 448 4450 et
464 4400 516 4450 hec
533 4416 574 4465 per
590 4399 693 4473 ὕστερον
724 4414 772 4447 nou
783 4407 902 4465 speratum
920 4349 1023 4446 iitrorem
1039 4395 1285 4468 contegeresploro·

134 4463 209 4526 πρότε
242 4482 257 4512 ν
278 4461 344 4512 dicte
364 4480 417 4514 esse
444 4473 515 4530 puts:
545 4465 610 4528 leges
635 4464 694 4512 vltis
723 4464 791 4525 uere)
807 4463 944 4513 doluerunt.
988 4460 1082 4515 Heross,
1102 4459 1217 4509 Horatius
1231 4474 1286 4522 sup.

133 4541 204 4597 emen
220 4534 271 4584 ant,
286 4534 312 4578 et
327 4529 466 4599 emendatos
480 4528 585 4580 moribus
599 4536 693 4578 ornent.
725 4542 823 4594 quoque
843 4526 892 4577 0d.
911 4524 978 4584 titt
997 4530 1201 4580 commemoratos,
1219 4524 1245 4573 h.
1262 4539 1285 4573 e.
