3150 5200
588 350 751 417 LIBER
775 351 820 430 ll,
835 354 867 416 2.

242 502 411 578 Rusticus,
428 503 589 565 abnormis
607 504 746 587 sapiens,
764 522 937 585 crassaque
955 500 1128 583 Minerva)

241 603 382 680 Discite,
398 624 462 665 non
477 603 561 667 inter
574 602 683 668 lances
699 626 892 687 mensasque
907 604 1059 680 nitentes,

191 705 212 766 5
236 705 358 777 ¹Quum
373 713 484 786 stupet
499 704 619 767 insanis
634 706 720 769 acies
735 704 929 789 fulgoribus,
944 714 978 767 et
990 696 1091 787 quum

241 804 391 869 Adclinis
407 803 496 869 salsis
511 806 636 869 suimus
651 805 783 869 meliora
797 816 944 882 recusat,

243 906 367 970 Verum
380 906 433 969 hic
450 907 603 991 impransi
618 926 743 970 mecum
757 907 938 989 disquirite.
985 907 1053 971 Cur
1067 909 1152 973 hoc?

243 1006 371 1084 Dicam,
389 1008 415 1069 si
431 1018 556 1091 potero.
603 1007 692 1071 Male
708 1029 820 1071 verum
833 1008 997 1071 examinat
1011 1010 1114 1073 omnis

243 1108 426 1193 Corruptus
437 1110 553 1193 judex.
600 1108 762 1192 Leporem
778 1120 933 1184 sectatus,
948 1131 1072 1192 equove

181 1210 221 1274 10
244 1210 367 1274 Lassus
383 1213 425 1275 ab
440 1211 608 1287 indomito,
625 1210 686 1286 vel,
704 1211 731 1273 si
746 1210 897 1273 Romana
911 1209 1026 1293 fatigat

244 1311 365 1376 Militia
380 1312 552 1376 adsuetum
568 1312 715 1375 Graecari
731 1311 803 1392 (seu
819 1311 885 1394 pila
900 1310 1009 1386 velox,

244 1412 389 1479 Molliter
404 1426 568 1479 austerum
584 1412 693 1477 studio
708 1411 840 1477 saliente
854 1411 1009 1489 laborem,

246 1514 312 1599 Seu
327 1525 359 1578 te
373 1514 482 1579 discus
495 1515 574 1599 agit,
591 1524 667 1597 pete
681 1512 851 1577 cedentem
864 1533 940 1576 aera
954 1512 1069 1596 disco),

246 1616 356 1688 Quum
371 1616 463 1681 labor
478 1616 643 1681 extuderit
659 1614 801 1691 fastidis,
818 1616 934 1689 siccus,
950 1614 1067 1691 inanis,

186 1720 224 1779 15
247 1717 372 1801 Sperne
387 1718 495 1781 cibum
510 1717 624 1793 vilem;
648 1716 710 1779 nisi
726 1714 895 1799 Hymettia
909 1713 1003 1777 mella
1018 1714 1157 1781 Falerno

161 1885 264 1935 rninibus
276 1897 319 1935 eut
327 1887 447 1937 luxuriose
457 1885 599 1942 virentibus,
611 1894 716 1934 autern·
749 1894 884 1950 corruptns‚
909 1883 970 1932 male
993 1884 1115 1934 veritatem
1137 1898 1306 1961 perscrutatur,

161 1950 202 2004 ris,
215 1950 310 1999 uberius
365 1960 390 1999 ts
404 1951 563 2016 adprsrcepts
580 1948 661 1997 rustici
673 1965 716 1997 cu·
750 1950 792 2011 (ls
808 1947 965 2012 tantum,qui
980 1948 1031 1997 sitit
1045 1957 1071 1997 et
1087 1960 1169 2007 esunt,
1183 1968 1230 2001 non
1247 1970 1306 2003 con.

159 2012 258 2078 jusdam
272 1967 436 2080 pruddritioris,
449 2014 532 2069 Olelli,
544 2013 569 2061 in
585 2013 630 2061 liae
646 2013 718 2063 satire
749 2012 835 2061 temnit
855 2011 965 2075 vulgares
987 2012 1076 2073 cibos.)
1118 2015 1211 2073 Quodsi
1233 2017 1306 2081 igitur

162 2078 241 2126 docet.
750 2086 794 2125 aut
806 2075 914 2123 venando
929 2084 971 2123 aut
980 2076 1118 2139 equitando,
1130 2078 1177 2135 vel,
1189 2079 1211 2127 si
1229 2082 1306 2146 inagis

196 2142 218 2189 l.
238 2143 293 2196 Qua
312 2146 395 2199 virtus,
415 2150 472 2191 cett.
505 2156 605 2189 sensus:
630 2148 720 2203 quanta
751 2139 796 2187 tibi
814 2140 908 2203 placent
925 2139 1026 2202 pueriles
1043 2142 1181 2189 Graecorum
1191 2145 1307 2195 exercita·

162 2206 295 2261 siteorum,
323 2206 348 2253 ui
361 2203 719 2279 pauciscontentivivnntvir·
752 2202 836 2260 tiones,
857 2212 899 2250 aut
934 2202 991 2250 ilem
1014 2213 1057 2251 aut
1075 2204 1168 2253 discum
1185 2206 1307 2270 jaciendo,

162 2277 201 2317 tus
219 2278 291 2333 atque
306 2222 419 2327 letiensi,
432 2269 455 2317 id
471 2284 486 2316 a
499 2268 604 2334 sapiente
620 2266 718 2323 rustico,
751 2266 848 2315 fastidia
857 2220 985 2331 expuleris,
997 2275 1047 2315 turn
1058 2266 1140 2317 sitiens
1153 2270 1307 2336 esuriensque

162 2334 253 2388 Olello,
264 2331 364 2389 discite;
380 2342 405 2381 et
419 2332 444 2381 in
462 2333 536 2397 hujus
554 2330 585 2379 rei
598 2332 719 2380 veritatem
751 2346 800 2379 non
812 2346 908 2396 spernes
925 2330 996 2379 vilem
1012 2331 1109 2391 cibum3
1127 2349 1175 2381 non
1194 2336 1308 2393 mulsum,

163 2412 211 2445 non
233 2396 294 2444 inter
315 2397 382 2444 laetas
403 2397 495 2462 epulas,
515 2396 602 2461 quibus
625 2394 718 2443 animus
752 2410 801 2443 non
818 2395 895 2459 pisces
914 2404 1021 2459 appeten,
1037 2394 1080 2443 sed
1099 2396 1241 2461 punirem
1257 2401 1308 2449 sale

163 2460 232 2509 facile
243 2459 268 2507 in
284 2459 389 2509 fraudem
400 2460 529 2517 inducitur,
548 2458 589 2507 sed
607 2459 719 2523 impransi
751 2458 812 2507 bena
822 2458 866 2506 tibi
877 2457 961 2522 sapiet.

163 2540 264 2598 mecum.
276 2523 396 2589 inquirite.
438 2524 526 2600 Virtus,
544 2523 578 2598 de¹
592 2522 717 2587 sapientis,
783 2526 808 2572 9.
826 2523 933 2584 laeporern
944 2526 1310 2596 uctutm,equone:venandiet

163 2587 717 2718 tltt?¹:tntttstltt‘lltttttz
750 2584 1310 2706 dtlnlttlttt:lllttstttt

163 2721 230 2774 sinri,·
247 2716 351 2782 appellnt
368 2726 438 2790 poeta
452 2717 551 2764 lectores
569 2715 607 2763 vel
621 2715 718 2770 amieos,
750 2722 775 2762 et
792 2715 980 2769 exercitationes,
1000 2715 1088 2779 quibus
1108 2731 1203 2780 corpora
1221 2717 1252 2766 ed
1272 2719 1308 2768 le-

164 2779 720 2908 tlfflttt?tt⁸t⁰fltttttttt²¹²tt
753 2779 823 2891 lt?
830 2778 948 2890 ltttlt’
963 2779 1309 2908 {ttbttltmt‘b

180 2926 214 2957 ιιι
234 2908 283 2964 alii,
306 2925 380 2971 quern,
402 2924 473 2972 quarn
495 2907 621 2955 lectionem
643 2915 721 2955 tuetur
754 2905 985 2970 Romanisaprisca
993 2922 1080 2971 pueros
1089 2907 1208 2956 educandi
1219 2910 1310 2959 ratione

191 2971 258 3021 eind.
753 2969 911 3034 degeneretis,
930 2970 1008 3018 Nescit
1023 2987 1079 3032 equo
1090 2974 1155 3018 rudis
1166 2973 1260 3021 Herm
1272 2977 1309 3021 in-

198 3038 224 3082 3.
241 3037 361 3084 Abnormir
376 3035 509 3096 sopiensh.
522 3050 543 3082 e.
556 3034 720 3100 philosophus,
751 3051 843 3098 genuus
868 3049 934 3095 puer,
959 3033 1087 3096 Venerique
1113 3037 1186 3082 timet.
1229 3037 1310 3086 Locus

166 3099 209 3164 qui
221 3099 281 3148 nulli
299 3115 395 3154 nonna,
413 3099 437 3146 n.
453 3115 475 3147 e.
494 3099 554 3146 nulli
570 3097 720 3164 philosopho·
753 3098 870 3145 classicus
891 3095 921 3145 de
943 3097 1075 3144 venationis
1099 3097 1162 3162 apud
1187 3098 1310 3149 Romanos

166 3179 220 3211 runi
231 3162 364 3236 discipline
382 3163 451 3210 unica
469 3160 587 3216 addictus,
601 3161 650 3227 ipse
667 3179 722 3226 quae
755 3161 914 3225 laudentque
930 3159 1020 3209 bonore
1038 3169 1074 3208 est
1090 3160 1309 3226 intnpisatre,
1353 3178 1357 3185 ’

166 3225 429 3289 cerasuntrnvestiget,
442 3224 625 3298 obrodidorroc.
653 3228 722 3300 Cros-
755 3228 797 3280 ⁴9,
815 3227 922 3272 llornunr'r
937 3226 1032 3272 solemne
1048 3227 1104 3300 piris
1120 3242 1185 3288 opus,
1201 3228 1308 3292 utilesc-

166 3289 613 3417 tt‘tt'ttttlt,llltt?ltt
623 3291 724 3402 :illa
755 3289 1310 3416 m‘fd'iil'ir‘llil'llltlssli,,stass

169 3418 301 3482 preceptis,
314 3417 354 3466 sed
365 3415 416 3464 sine
427 3426 484 3466 arte.
756 3415 866 3464 militaris
875 3417 1038 3464 Romanorum
1045 3415 1106 3464 vires
1116 3417 1243 3466 exercendi
1253 3419 1313 3468 ratio

202 3483 226 3528 4.
256 3482 368 3538 Nitentes,
389 3481 492 3544 poculis,
514 3479 576 3528 vasis
599 3480 724 3542 argenteis,
756 3481 857 3528 moleste
871 3479 971 3533 esttibi,
984 3479 1081 3528 ludicris
1096 3481 1234 3530 Graecorum
1244 3497 1310 3531 exer-

170 3551 227 3593 cett.
756 3543 912 3592 citationibus
933 3553 1046 3603 assueto;
1075 3543 1178 3593 Grecori
1199 3546 1311 3607 (ἑλληνί-

201 3611 227 3657 6.
245 3608 344 3664 insonis,
364 3607 483 3656 retulerim
503 3607 532 3654 ad
549 3607 666 3655 insaniam
682 3607 724 3654 bo·
757 3608 831 3669 ζειν),
847 3607 986 3654 Graecorum
1000 3622 1063 3655 more
1074 3607 1129 3671 pilae
1141 3617 1164 3656 et
1174 3608 1234 3657 disci
1243 3610 1312 3674 jactu

170 3671 261 3720 minum
278 3671 319 3734 qui
331 3671 447 3736 ejusmodi
461 3671 602 3736 fulgoribus,
616 3686 724 3718 vasorum
757 3670 879 3718 exerceri:
896 3670 927 3718 de
943 3671 1003 3718 disco
1020 3670 1069 3718 vid.
1084 3687 1140 3738 supt
1155 3671 1186 3720 ed
1197 3673 1245 3721 Od.
1257 3675 1273 3730 i,
1286 3677 1312 3731 8,

169 3734 262 3784 scilicet
278 3734 667 3800 magnificentia,exsplendescere
683 3751 725 3784 cu·
760 3735 801 3782 ll.
837 3735 877 3780 l'el
895 3733 1094 3794 (si—Granni),
1114 3752 1153 3783 sen
1174 3738 1234 3798 pite,
1257 3747 1313 3786 cett.

172 3800 250 3865 piunt.
757 3800 834 3862 junge
845 3805 869 3844 et
878 3813 906 3845 ex
925 3795 981 3852 lica,
992 3796 1030 3845 vel
1043 3796 1077 3861 (si
1087 3799 1162 3846 mavis
1180 3799 1285 3848 Graecnri
1288 3802 1312 3860 ),

203 3865 226 3911 7.
245 3863 367 3924 impransi,
382 3878 428 3910 non
440 3863 500 3910 inter
512 3861 650 3924 magnificas
665 3877 724 3926 epu·
758 3862 807 3909 sive
830 3859 884 3924 pile
904 3814 973 3907 disus
992 3860 1035 3908 tibi
1054 3863 1131 3923 magis
1153 3861 1241 3926 placet.
1263 3863 1314 3928 pila

170 3927 215 3974 las.
250 3927 300 3974 Cur
318 3929 374 3974 loc?
391 3942 434 3974 cur
451 3942 498 3974 non
516 3926 577 3974 inter
588 3925 727 3988 magnificas
759 3924 824 3980 lude,
834 3923 884 3973 sive
891 3922 999 3987 megisto
1010 3923 1113 3972 delectat
1122 3924 1212 3980 discus,
1220 3925 1314 3974 dbcnrn

170 3991 271 4054 epulus!
756 3989 820 4052 jace.
832 3996 892 4041 tum,
903 4003 958 4034 cum
975 3987 1013 4036 hic
1029 3987 1096 4034 labor
1109 3987 1230 4035 lastidinnr
1241 4004 1255 4036 e
1265 3998 1314 4038 sto·

204 4055 293 4102 8-18.
311 4051 371 4101 Loci
382 4053 502 4118 sequentis
514 4059 630 4104 structura
642 4062 667 4100 et
676 4069 726 4100 ver·
758 4051 843 4100 macho
854 4049 979 4114 expulerit,
990 4050 1073 4098 sitiens
1084 4050 1237 4114 esuriensque
1247 4067 1314 4117 sper-

170 4117 255 4166 bomm
283 4117 399 4181 junctura
429 4116 520 4164 videtur
546 4117 621 4180 prima
648 4117 727 4180 specie
758 4132 797 4171 ne,
810 4114 830 4160 si
842 4123 915 4178 potes,
926 4113 998 4162 vilem
1012 4114 1101 4170 cibum,
1118 4114 1142 4160 h.
1154 4130 1177 4162 c.
1189 4130 1238 4162 non
1248 4131 1313 4180 sper·

172 4181 244 4246 paulo
256 4180 389 4240 molestior;
402 4179 443 4229 sed
452 4181 472 4227 si
482 4195 574 4228 ornnem
586 4179 727 4228 sententiam
758 4195 810 4233 nes,
826 4193 873 4225 non
891 4178 972 4224 bibere
988 4177 1070 4241 cupies
1085 4177 1205 4234 mulsunu
1222 4187 1282 4236 tum,
1294 4181 1316 4228 si

172 4253 234 4293 recte
248 4243 357 4308 junxeris
371 4253 394 4292 et
408 4243 565 4308 copulaveris,
576 4244 637 4291 bene
652 4244 674 4291 ei
691 4258 726 4291 re·
758 4257 864 4308 pronius,
884 4240 926 4306 qni
942 4240 1022 4289 cibum
1042 4239 1083 4287 tibi
1103 4241 1247 4306 suppeditet,
1267 4260 1315 4292 non

172 4308 288 4373 spondere
305 4309 376 4356 verba
398 4307 476 4356 omnin
499 4307 628 4369 intelliges.
668 4309 727 4354 Sen-
760 4306 825 4355 domi
845 4316 890 4363 est,
911 4305 931 4352 si
947 4304 1049 4369 piscium
1069 4315 1191 4368 capturam
1211 4306 1236 4354 in
1256 4308 1316 4354 meri

172 4373 247 4420 tentia
266 4380 304 4421 est
321 4371 369 4420 fere
387 4373 455 4420 haee:
479 4371 594 4424 Causam,
606 4370 627 4418 si
640 4379 727 4435 potero,
760 4377 887 4434 tempestas
903 4368 1010 4433 impedit,
1021 4369 1090 4434 panis
1100 4384 1155 4417 cum
1167 4369 1218 4418 sale
1229 4370 1316 4420 tamem

173 4436 283 4484 afferam:
309 4433 402 4482 animus
416 4434 518 4488 scilicet,
536 4434 641 4482 ciborum
660 4434 729 4498 copia
760 4435 843 4484 leniet.

172 4507 196 4546 et
213 4498 366 4564 jucunditate
383 4507 475 4564 captus,
493 4497 566 4545 veluti
582 4496 656 4561 judex
673 4513 729 4546 auro
796 4500 834 4546 la.
852 4497 956 4544 lllolliter
969 4508 1094 4554 nanterum,
1106 4504 1162 4544 cett
1172 4511 1255 4545 versus
1268 4497 1317 4548 ele·
