3150 5200
712 328 1008 396 CARMINUM

671 669 878 735 CARMEN
904 670 1055 736 XXXV.

702 902 759 949 AD
782 898 1024 950 FORTUNAM.

458 1097 491 1159 0
508 1095 612 1171 Dm,
629 1105 758 1179 gratum
773 1116 848 1176 quae
863 1093 950 1175 regis
964 1090 1113 1166 Antium,

460 1196 612 1261 Praesens
627 1194 678 1260 vel
693 1196 757 1258 imo
772 1194 885 1258 tollere
899 1194 940 1257 de
955 1192 1061 1276 gradu

501 1298 644 1363 Mortale
659 1318 790 1380 corpus,
806 1295 857 1359 vel
871 1296 1030 1378 superbos

543 1399 684 1464 Vertere
697 1397 867 1461 funeribus
881 1394 1082 1479 triumphos:

404 1502 425 1564 5
459 1500 510 1565 Te
526 1522 652 1584 pauper
667 1500 769 1563 ambit
785 1498 921 1562 sollicita
935 1518 1033 1581 prece

457 1599 561 1666 Ruris
576 1600 727 1677 colonus;
751 1610 783 1663 te
800 1598 962 1662 dominam
975 1595 1127 1681 aequoris,

504 1702 701 1785 Quicunque
719 1700 864 1783 Bithyna
877 1699 1008 1764 lacessit

475 1810 481 1824 '
545 1802 757 1887 Carpathium
772 1801 907 1886 pelagus
923 1800 1043 1866 cerina.

283 1968 335 2005 rum
350 1956 478 2021 agitatione
491 1970 586 2022 gravem
597 1955 718 2005 stridorem
732 1953 840 2005 edentis:
875 1954 957 2022 Cypro
977 1953 1106 2019 gaudebat,
1129 1953 1229 2010 cultum,
1252 1968 1308 2018 sup.
1327 1951 1345 2009 i,
1364 1954 1390 2008 3,
1416 1954 1443 2008 l,

283 2019 313 2070 de
331 2022 444 2077 Fortuita,
456 2025 499 2071 deo
513 2024 587 2077 aluta,
597 2021 647 2070 vid.
664 2022 800 2071 Commeat
813 2018 844 2069 de
873 2031 951 2082 pateat
966 2022 1049 2085 Cypri,
1059 2027 1084 2068 et
1094 2019 1112 2075 i,
1124 2020 1165 2076 ³0,
1179 2021 1202 2075 l,
1213 2021 1296 2081 regino
1307 2017 1383 2065 Galat·

282 2087 409 2135 olatitt'ma
428 2089 512 2142 inibat,
540 2086 601 2133 .30.
633 2086 733 2133 Sustulit
746 2084 844 2149 (ἀορίσ-
876 2085 986 2149 pellatur,
998 2086 1033 2132 ita
1051 2084 1166 2139 Fortuna,
1178 2082 1248 2131 Antii
1262 2081 1369 2146 inprimis
1383 2096 1443 2130 ret-

284 2150 356 2213 τως),
379 2103 470 2201 sabao
494 2102 555 2199 tolet
567 2167 575 2209 5
600 2152 700 2213 patuisse
725 2164 775 2213 pro,
798 2148 843 2197 im·
876 2147 1008 2261 pimimime
1030 2148 1104 2203 culta,
1124 2148 1223 2194 Antium
1243 2161 1323 2208 rogere
1344 2144 1444 2219 dicitur.

283 2214 397 2277 posuisse.
897 2213 934 2261 uit
944 2222 1024 2262 autem
1033 2214 1131 2261 Antium
1139 2212 1218 2274 (nunc
1226 2211 1295 2259 Anm
1304 2209 1443 2267 Resinata)

874 2293 906 2342 op
922 2277 988 2325 idum
997 2275 1062 2325 Latii
1070 2273 1443 2337 maritimum,Fortunetemplo

424 2343 577 2392 CARMEN
594 2344 704 2394 XXXV.
874 2295 1064 2389 nobilissimum:
1091 2339 1124 2387 ol.
1146 2340 1255 2386 Torrent
1278 2335 1311 2384 ad
1330 2337 1356 2385 b.
1378 2338 1396 2386 l.
1415 2345 1444 2385 et

286 2469 292 2479 ·
318 2409 442 2481 Quantum
457 2407 755 2481 arqetingeniumumagni
768 2414 843 2471 poete
876 2405 942 2456 Phil.
955 2406 1056 2454 aTurre
1072 2404 1233 2475 Monumenta
1247 2408 1296 2451 vet.
1307 2402 1367 2478 Ant.
1379 2418 1403 2450 e.
1416 2405 1441 2449 l.

285 2469 845 2588 :bittittittntttltatttntt
875 2468 1443 2595 intents,‘tttstbittttt

284 2592 429 2647 carminibus
443 2599 531 2663 optime
545 2596 646 2662 intelligi
658 2606 743 2663 potest.
777 2599 842 2647 Con·
875 2598 1005 2663 potentiam
1020 2612 1089 2645 suam
1098 2548 1366 2660 declarant,potentes=
1384 2610 1442 2660 pas-

284 2661 410 2726 sciipserat
425 2661 550 2726 Augustus
564 2664 596 2711 U.
609 2663 639 2711 C.
652 2679 765 2711 uccxxvr
783 2661 844 2711 duos
875 2663 921 2711 sim
930 2677 1034 2737 quoque,
1042 2661 1084 2726 qni
1093 2675 1206 2726 presens,
1218 2659 1242 2707 b.
1251 2659 1442 2717 ecelerrimnm,

284 2725 402 2774 exercitus
412 2742 441 2775 eo
451 2725 560 2782 consilio,
573 2734 600 2774 ut
610 2727 709 2775 altemm
725 2725 775 2791 ipse
785 2742 843 2774 eon·
877 2727 995 2776 auxilium
1018 2725 1106 2774 lentot.
1143 2724 1192 2771 law
1213 2725 1294 2772 tallere
1313 2725 1341 2771 de
1360 2726 1444 2787 gradu

283 2795 320 2836 tra
331 2790 460 2839 Britannos
470 2790 576 2847 duceret,
588 2791 688 2838 alterum
703 2789 765 2838 duce
777 2791 845 2838 AElio
878 2793 979 2838 Mortale
988 2805 1077 2852 eorpus,
1088 2789 1114 2837 lt.
1122 2805 1144 2836 e.
1153 2788 1264 2836 mortales
1275 2803 1305 2836 ex
1315 2787 1398 2836 inlimo
1409 2787 1443 2836 ad

285 2853 358 2901 Galla
385 2853 410 2902 in
438 2853 552 2903 Arabiam
579 2855 691 2904 mitteret.
731 2854 846 2902 Horatius
876 2870 995 2904 summum
1007 2852 1108 2917 gradum
1118 2852 1240 2901 extollere.
1262 2852 1374 2914 Superbos
1384 2854 1444 2900 Ver-

283 2915 364 2990 igitur,
374 2918 426 2982 jam
437 2933 517 2984 preces
528 2917 554 2966 in
565 2918 610 2967 boc
621 2919 724 2966 carmine
736 2933 778 2982 pro
789 2918 842 2967 leli·
875 2931 923 2968 tere
926 2919 1055 2984 funeribus
1071 2918 1211 2978 triumphos.-
1227 2915 1378 2981 splendidam
1389 2915 1442 2965 vic-

283 2980 378 3029 crstimo
390 2983 515 3046 utriusque
526 2982 683 3048 expeditionis
695 2990 781 3030 eventu
794 2983 843 3031 lac-
875 2983 960 3031 tarium
981 2989 1073 3030 mutina
1095 2981 1120 3028 in
1141 2979 1244 3029 cladem.
1278 2980 1318 3029 cl.
1339 2981 1444 3030 Mitscb.

283 3051 359 3103 turus,
381 3044 501 3109 vulgarem
519 3046 667 3104 sententiam,
689 3049 710 3093 0
729 3047 844 3103 Fortuna,
876 3047 995 3112 explicat:
1014 3051 1148 3109 “pompam
1156 3043 1324 3109 triumphalem
1335 3044 1443 3093 inlune-

281 3123 346 3156 terua
358 3110 468 3164 Curarem
479 3127 531 3158 aum
541 3113 641 3157 commta
652 3121 733 3158 contra
745 3110 844 3158 Britaa·
876 3112 943 3160 brem
955 3118 1054 3166 mutate,
1063 3117 1090 3156 ut
1101 3124 1141 3173 pro
1149 3107 1278 3182 triumpho,
1287 3107 1446 3192 quemppictor

282 3173 845 3299 tttttntttltttttmttt:
876 3171 1445 3300 ‘titani15¹¹tt'atttlttt‘mlt

280 3311 454 3356 conver-tantur,
482 3301 592 3348 Fortuna
620 3299 748 3363 potentiam
780 3302 843 3351 eele-
877 3255 953 3352 ina.
970 3301 1069 3352 Consul.
1086 3301 1117 3348 ad
1137 3299 1192 3347 Liv.
1209 3301 1251 3347 27.
1285 3299 1334 3347 Sed
1351 3307 1444 3363 quanto

282 3362 373 3409 brando
391 3363 424 3410 ita
439 3361 600 3426 amplificavit,
615 3370 642 3410 ut
658 3377 753 3411 carmen
770 3365 845 3413 exiret
876 3367 952 3430 major
967 3375 992 3414 et
1005 3364 1164 3431 potentiorap
1196 3371 1232 3411 ret
1249 3364 1356 3411 Fortuna
1366 3363 1444 3412 victo·

283 3425 510 3488 splendidissimum.
554 3426 580 3474 si
611 3426 666 3490 quir
698 3426 843 3488 cogitaverit,
876 3429 1071 3478 riaminoladem
1080 3437 1163 3477 mutan
1179 3427 1444 3492 o‚quamtriumpbum

282 3503 354 3550 quam
372 3503 435 3552 sape
451 3488 509 3537 felix
525 3489 642 3537 bellorum
659 3489 737 3537 exitus
754 3505 769 3537 a
786 3491 844 3538 For·
876 3493 1046 3558 triumphantis
1056 3502 1131 3542 morte
1142 3492 1300 3540 funestanda!

283 3559 348 3623 tuna
360 3551 438 3600 lavore
449 3561 473 3600 et
486 3552 581 3614 arbitrio
593 3552 703 3618 pendeat,
712 3553 845 3618 is,poetam
909 3560 982 3605 5-8.
992 3557 1363 3619 Tepauperambit,cett.numen
1371 3563 1442 3604 tuum

283 3629 308 3662 in
321 3615 488 3665 coacervandis
498 3631 597 3664 tumme
612 3616 686 3680 hujus
698 3616 748 3665 deae
761 3627 844 3681 poten-
878 3634 959 3668 omnes
975 3621 1092 3675 homines,
1104 3628 1128 3668 et
1140 3635 1257 3685 pauperes
1272 3629 1296 3668 et
1311 3619 1406 3676 divites,
1417 3628 1444 3668 et

284 3677 323 3727 tiae
342 3679 486 3742 imaginibus
502 3688 550 3727 tarn
564 3680 665 3728 multum
681 3688 706 3729 et
722 3683 845 3745 copiosum
877 3684 958 3748 populi
966 3684 1069 3738 barbari,
1076 3691 1101 3732 et
1107 3700 1159 3739 nos,
1166 3693 1191 3732 et
1197 3682 1292 3747 tyranni
1298 3691 1444 3732 venerantur

283 3741 365 3798 luisse,
379 3758 427 3791 non
438 3744 497 3792 adeo
508 3743 638 3792 mirabitur.
657 3743 755 3817 Optime
765 3753 845 3794 autem
877 3755 950 3820 atque
961 3756 1079 3796 metuunt.
1112 3749 1199 3804 Anibi,
1211 3763 1267 3796 cum
1278 3747 1375 3795 delectu
1408 3763 1442 3804 ro,

283 3807 356 3854 totius
373 3806 446 3872 hujus
463 3807 576 3856 carminis
593 3808 664 3856 finem
682 3814 716 3855 tta
733 3809 846 3857 constitui
878 3810 944 3868 ad1t3
964 3813 1037 3859 habet
1053 3810 1117 3860 enim
1138 3811 1259 3860 notionem
1280 3812 1410 3859 verecun'
1436 3846 1444 3859 .

281 3885 351 3934 posse
370 3882 436 3936 puto,
455 3871 476 3918 si
494 3871 556 3919 illud
576 3871 663 3920 dixerit
685 3873 795 3934 hymnum
816 3875 843 3920 ia
875 3875 990 3930 Sollicito,
1001 3891 1072 3938 quam
1088 3873 1191 3922 sollicito
1204 3883 1300 3939 pectore
1315 3891 1358 3939 pro
1372 3891 1444 3939 agro-

282 3935 420 3994 Fortuaam‚
439 3952 504 3997 quem
524 3938 554 3982 od
576 3937 645 3996 liujus
666 3939 711 3984 dec
725 3936 842 4000 pauorem,
876 3953 1035 3986 mmsuomm
1048 3938 1368 3987 incolumiutefaoditruris
1375 3940 1443 3989 colo-

281 4001 388 4064 Augusto
404 4009 484 4048 eontra
501 3998 626 4048 Britannos
641 3999 773 4064 propiciare
788 4017 842 4048 con·
877 4017 932 4049 nus.
961 4003 1084 4049 Dominam
1093 4004 1203 4063 aquaria:
1216 4003 1242 4050 in
1253 4005 1366 4052 Fortuna
1376 4005 1444 4053 anim

281 4065 681 4126 oilioadum,piamenteoeoiaerit.
714 4063 754 4112 Sic
770 4079 841 4128 argu-
875 4073 991 4130 potestate
1009 4065 1080 4130 positi
1095 4073 1152 4112 sunt
1171 4079 1251 4120 casus,
1268 4067 1358 4130 quibus
1374 4067 1444 4116 navi-

281 4127 330 4182 tiis,
348 4128 436 4192 quibus
455 4137 583 4176 onerarunt
599 4128 643 4176 boc
663 4143 758 4176 carmen
780 4145 841 4176 non·
876 4137 960 4192 gentes
977 4129 1003 4175 in
1017 4128 1075 4176 mari
1089 4143 1115 4176 sa
1129 4139 1267 4191 exponunt;
1285 4131 1326 4180 cl.
1339 4131 1445 4180 lilitsob.

282 4191 343 4239 nulli
362 4192 509 4257 interpretes,
529 4191 599 4239 lacile
617 4191 769 4256 supersedere
787 4207 842 4257 pos·
875 4208 925 4242 rem
943 4194 1005 4242 bene
1021 4193 1126 4240 illustrat
1141 4192 1195 4240 loco
1215 4192 1349 4243 Pind..Ol.
1367 4196 1445 4251 aaa

281 4267 374 4304 tumus.
876 4271 932 4320 sqq.
966 4257 1111 4320 Respexisse
1125 4263 1207 4304 autem
1223 4267 1292 4322 poeta
1306 4258 1404 4309 videtur
1418 4259 1446 4308 in

316 4320 388 4368 1-4.
406 4320 571 4380 Gratamque
588 4323 648 4384 ragis
665 4322 771 4377 Antium,
783 4320 808 4369 b.
820 4337 843 4370 e.
876 4320 921 4368 hoc
937 4321 1014 4376 cultu,
1027 4321 1113 4369 aruris
1129 4319 1215 4368 colono
1229 4329 1254 4370 et
1272 4323 1446 4395 navigantibus

282 4397 338 4444 que
353 4383 446 4448 imperii
460 4383 497 4431 tui
511 4381 591 4431 sedem
607 4383 681 4432 habes
696 4384 771 4441 Antii,
784 4387 844 4432 urbe
878 4384 991 4430 Fortunae
1012 4383 1125 4439 exhibito,
1146 4384 1271 4449 antiquam
1294 4385 1369 4449 hujus
1392 4389 1446 4436 dee

282 4459 331 4508 prae
360 4447 443 4495 cetera
468 4445 512 4494 tibi
538 4461 614 4508 cara;
642 4447 843 4512 quemadmodum
875 4446 1079 4511 imaginemque
1103 4447 1145 4495 illa
1163 4447 1188 4495 in
1205 4457 1264 4497 vett.
1281 4453 1448 4501 monumentis

283 4522 368 4578 nempe
378 4512 462 4561 Venus
470 4511 501 4558 ob
511 4511 720 4576 precipuum,quo
728 4509 754 4558 in
763 4510 844 4559 insula
876 4511 952 4558 altera
965 4526 1038 4559 manu
1053 4529 1125 4560 oorau
1140 4515 1217 4574 oqriae,
1230 4514 1305 4562 altera
1322 4518 1447 4578 gatam-
