3150 5200
720 335 1016 400 CARMINUM

501 487 552 551 Te
568 487 732 552 Cantaber
747 512 812 553 non
827 499 902 551 ante
917 488 1100 566 domabilis,

503 588 701 672 Medusque,
715 602 749 653 et
764 589 877 665 Indus,
894 599 927 652 te
942 588 1101 673 profugus
1118 589 1256 675 Scythes

545 690 697 767 Miratur,
715 714 734 754 o
748 690 851 754 tutela
864 711 1010 772 praesens

588 792 692 856 Italiae
707 793 910 874 dominaeque
926 790 1060 855 Romae:

438 894 480 956 45
502 893 564 970 Te,
580 892 717 958 fontium
732 893 788 975 qui
803 892 887 956 celat
902 893 1055 976 origines,
1076 881 1078 885 ¹

501 994 675 1077 Nilusque,
691 1004 724 1058 et
739 993 835 1070 Ister,
851 1005 884 1056 te
899 993 1034 1077 rapidus
1048 993 1172 1077 Tigris,

544 1095 596 1159 Te
611 1095 788 1171 belluosus,
805 1094 861 1176 qui
876 1095 1008 1157 remotis

588 1196 772 1279 Obstrepit,
791 1195 956 1271 Oceanus,
974 1195 1158 1259 Britannis:

501 1296 552 1360 Te
568 1320 633 1361 non
647 1299 796 1382 paventis
811 1295 927 1360 funera
942 1297 1071 1374 Gallice,

438 1401 480 1462 50
502 1399 669 1484 Duraeque
685 1399 780 1463 tellus
796 1398 888 1460 audit
903 1397 1038 1462 lberiae:
1092 1406 1095 1410 ’

543 1501 594 1565 Te
610 1501 699 1565 crede
714 1499 896 1584 gaudentes
912 1499 1084 1584 Sygambri

587 1602 785 1685 Compositis
800 1612 996 1664 venerantur
1011 1602 1118 1665 armis.

287 1737 634 1848 almurus
648 1734 848 1846 22ιὶ262
878 1735 1441 1864 ultfflr’sirrtrr123rr2vt:

287 1864 415 1928 Cleopatra
434 1815 555 1920 aulamnge
576 1878 626 1926 qua
636 1833 672 1909 'in
692 1862 846 1910 Mausoleum
879 1863 894 1911 J
897 1877 936 1910 am
947 1817 1118 1912 &ditissimas
1128 1817 1275 1912 <teucrium
1286 1863 1318 1909 ab
1329 1815 1391 1910 ff
1417 1871 1442 1911 to

287 1926 450 1991 confugerant,
459 1927 648 1975 vacuefecerant.
667 1926 751 1973 Lmtro
763 1931 847 1984 tertr'05
878 1927 1022 1993 populorum
1040 1936 1112 1976 terras
1129 1942 1171 1991 per
1188 1925 1282 1980 fluvios,
1294 1941 1336 1974 eas
1348 1879 1440 1974 allitu-

287 2006 343 2039 nam
360 2007 414 2040 eum
432 1991 522 2039 bellum
540 2007 595 2040 cum
612 1990 718 2038 Antonio
735 1998 760 2038 et
776 1990 848 2038 Cleo-
880 1998 925 2045 tes,
937 1990 1038 2038 solemni
1051 1999 1174 2055 poetarum
1184 2005 1248 2039 more
1259 1989 1384 2053 designem

288 2064 357 2119 patra
375 2057 408 2105 U·
421 2055 451 2104 C.
472 2071 585 2104 nccxxtv
604 2054 667 2118 (vid.
681 2053 730 2102 Dio
749 2053 775 2110 li,
794 2055 847 2114 19),
882 2053 966 2102 Nilum
977 2055 1117 2118 quidemAE
1193 2069 1225 2109 nr,
1237 2069 1278 2128 per
1290 2053 1376 2102 Istrum
1414 2069 1442 2101 a·

287 2134 343 2168 cum
366 2118 501 2168 Vindelicis
524 2135 577 2168 vero
598 2127 622 2167 et
642 2115 737 2166 Rhaetis
760 2119 793 2168 U.
817 2119 848 2167 C.
881 2119 953 2174 eiam,
973 2133 1015 2183 per
1036 2119 1127 2182 Tigrim
1171 2132 1296 2173 rmemam,
1332 2117 1442 2165 Fortium

288 2200 434 2238 nccxxxrx,
450 2183 542 2231 finitum
562 2181 600 2239 sit,
621 2181 771 2246 interjectum
789 2189 849 2229 tem·
881 2185 921 2254 poi
930 2183 989 2231 celat
997 2185 1107 2246 origines.
1124 2181 1177 2229 Nili
1188 2182 1274 2238 fontes,
1281 2195 1343 2244 quos
1352 2189 1443 2230 vetem

288 2263 333 2312 pus
351 2247 395 2295 tria
413 2247 488 2295 lustra
506 2246 557 2295 sive
576 2245 714 2310 quindecim
734 2259 849 2293 annorum
881 2261 890 2292 ι
923 2260 1002 2294 orasse
1019 2254 1121 2303 constat,
1139 2243 1204 2293 unde
1222 2245 1336 2292 Horatius
1356 2244 1443 2292 Nilum

288 2326 411 2360 numerum
430 2310 510 2360 efficit.
547 2311 659 2359 Ceterum
677 2324 733 2358 cum
750 2326 795 2371 quo
812 2311 849 2356 dte
874 2261 983 2373 ylolrrum
999 2313 1099 2372 origines
1114 2311 1198 2366 cetere,
1215 2308 1306 2356 Tibull.
1324 2308 1341 2363 i,
1357 2308 1382 2363 7,
1398 2309 1441 2365 24,

288 2383 360 2432 recte,
380 2383 408 2422 ut
424 2383 490 2439 puto,
508 2374 622 2438 explicari
641 2373 723 2438 possit,
745 2379 761 2400 ¹¹
773 2373 805 2419 ab
822 2387 850 2420 eo
881 2384 952 2435 caput
969 2389 1035 2420 suum
1052 2375 1163 2430 emulare,
1182 2371 1255 2421 Orid.
1272 2373 1355 2421 Amor.
1370 2371 1405 2426 iii,
1416 2374 1443 2428 6,

288 2437 344 2486 inde
363 2447 410 2485 tem
443 2453 477 2492 re,
495 2436 571 2500 quo,’'
592 2452 639 2485 non
659 2451 719 2502 opus
739 2443 776 2484 est
795 2451 850 2483 curn
882 2439 924 2494 40,
945 2440 1048 2498 putrium
1069 2446 1139 2485 tante
1161 2453 1225 2500 aque
1244 2438 1318 2484 celare
1338 2435 1373 2483 ait
1392 2436 1443 2496 (cf.

287 2499 409 2564 interpreti
427 2515 454 2548 us
474 2509 585 2554 statuere.
606 2499 743 2557 Horatium,
763 2497 846 2548 eodem
879 2500 952 2548 Ouid.
975 2502 1038 2549 Met.
1064 2499 1090 2556 ii,
1114 2503 1179 2558 266,
1204 2501 1299 2547 Lucan.
1322 2516 1346 2555 r,
1373 2500 1442 2560 190;

287 2563 335 2621 die,
347 2579 396 2628 quo
414 2563 470 2611 olim
487 2563 640 2613 Alexandrea
655 2572 724 2630 capta
740 2562 779 2619 sit,
795 2563 846 2613 bel-
879 2563 977 2622 Plinv,
989 2565 1029 2627 9),
1042 2572 1128 2613 nostre
1141 2564 1238 2613 demum
1251 2561 1328 2612 etatis
1338 2562 1443 2612 homini-

287 2628 338 2676 lum
360 2644 415 2675 curn
438 2626 573 2675 Vindelicis
595 2642 690 2691 quoque
712 2627 847 2675 conlectum
879 2629 935 2686 bos,
948 2641 976 2676 ut
990 2628 1145 2689 investigatos
1162 2627 1307 2689 detegerent,
1324 2626 1441 2691 contigit:

287 2708 348 2748 esee,
369 2690 493 2753 designare
512 2690 630 2748 voluisse;
670 2690 770 2754 raecipue
792 2706 846 2739 eum
880 2692 929 2740 vid.
943 2692 1047 2755 Boettig.
1077 2694 1184 2754 Rapidus
1200 2692 1286 2755 Tigris,
1303 2692 1342 2739 hie
1355 2694 1442 2742 Arare-

288 2771 326 2805 res
335 2756 448 2821 preclare
458 2762 484 2801 et
494 2753 594 2802 feliciter
604 2754 635 2802 ab
667 2762 754 2817 ugusto
765 2762 846 2816 geste,
880 2754 926 2804 nie
939 2756 1034 2811 fluvius,
1046 2772 1062 2804 a
1071 2773 1144 2805 cursu
1158 2756 1212 2821 ejus
1228 2754 1378 2820 rapidissimo
1386 2772 1445 2805 cunr

287 2836 348 2884 quas
371 2820 397 2867 in
418 2817 526 2893 versibus
545 2818 702 2893 sequentibus
724 2826 849 2866 enumerat
880 2823 970 2883 sagitte
991 2820 1117 2868 velocitate
1135 2829 1279 2884 comparato,
1300 2820 1379 2885 ipsum
1400 2837 1443 2869 no·

286 2881 847 3008 ttarutsfillltqtlloettttttt
879 2885 1210 3012 tttlttaff'atptt
1235 2883 1445 2996 llluff‘lil

286 3029 335 3071 cus,
346 3011 496 3078 splendorem
506 3026 536 3060 ex
546 3010 653 3060 omnium
668 3011 729 3059 votis
745 3008 789 3057 tibi
806 3024 848 3075 pa·
882 3012 948 3058 Plin.
966 3012 999 3067 vi,
1016 3013 1058 3066 27,
1078 3013 1148 3060 Vnrr.
1167 3011 1183 3058 l.
1201 3011 1219 3059 l.
1236 3010 1270 3066 ἰν,
1281 3013 1323 3059 20.
1353 3012 1445 3076 Respi-

289 3085 373 3125 ratum.
406 3077 509 3124 Peractis
528 3076 632 3138 imperiis
646 3076 773 3139 arrogavit,
788 3074 848 3138 pris·
881 3084 1023 3124 eereautem
1037 3074 1356 3124 Horatiusvideturannum
1368 3076 1444 3125 U.C.

288 3140 344 3188 tinis
371 3141 443 3189 rebus
470 3140 583 3212 preclare
611 3141 655 3187 sub
682 3148 723 3188 tuo
750 3138 848 3203 imperio
883 3156 1026 3195 occxxxrr,
1050 3154 1097 3203 quo
1118 3156 1160 3187 rex
1181 3138 1297 3202 Tigranes
1320 3138 1444 3189 Armeniis

288 3204 389 3268 peractis
401 3202 497 3268 adjecit.
881 3203 912 3250 ab
929 3205 1041 3265 Augusto
1057 3205 1128 3251 datus
1144 3210 1195 3250 est:
1220 3202 1270 3250 vid.
1290 3202 1339 3252 Dio
1356 3202 1398 3257 liv,
1415 3206 1443 3254 9.

321 3269 428 3316 41-52.
447 3267 477 3314 Te
490 3268 604 3315 Cantaber
616 3285 661 3314 nou
677 3276 731 3313 aare
746 3268 848 3314 domati·
883 3266 1010 3322 Helieone,
1033 3267 1120 3315 belluis
1142 3266 1191 3315 sive
1214 3266 1315 3314 balanis
1337 3275 1443 3323 metens,

289 3334 330 3379 lis:
353 3347 407 3396 sup.
425 3330 452 3388 ii,
473 3332 498 3387 6,
522 3332 546 3387 2,
571 3331 712 3377 Cantabrum
733 3333 849 3377 traductum
880 3330 1030 3396 pryurrirrrc·
1052 3330 1101 3378 rid.
1118 3330 1185 3379 Plin.
1204 3330 1238 3385 ir,
1257 3332 1282 3378 5.
1316 3332 1356 3379 De
1372 3331 1444 3379 victis

281 3400 346 3459 juga
351 3397 419 3459 ferre
430 3404 524 3449 Μείνας
541 3394 582 3441 ubi
594 3394 626 3441 cl.
637 3402 685 3441 not.
710 3394 846 3455 Medusque:
883 3395 1014 3451 Britarrnis,
1030 3393 1118 3441 viden
1138 3393 1264 3450 ,iiten
1294 3394 1380 3443 Gallie
1397 3414 1443 3444 aon

289 3459 322 3508 cl.
338 3474 391 3523 sup.
408 3458 444 3513 iii,
458 3462 483 3514 5,
503 3458 528 3513 9,
547 3464 570 3505 et
589 3458 622 3505 ibi
640 3471 733 3521 argum.
762 3458 848 3505 ludus:
881 3462 984 3520 pauentis
993 3458 1100 3523 juneru:
1117 3411 1147 3507 de
1163 3458 1218 3505 lorti
1230 3458 1366 3515 Gallorum,
1379 3476 1442 3508 mor·

289 3524 321 3571 cl.
338 3539 392 3589 sup.
410 3522 539 3577 ἰ,12,66.
572 3522 676 3584 Scythes:
700 3520 733 3569 cl.
748 3535 803 3587 sup.
821 3520 848 3578 ii,
880 3530 928 3571 tem
947 3522 1012 3570 haud
1029 3522 1055 3571 in
1072 3522 1143 3570 bellis
1159 3524 1376 3587 expavescendum,
1388 3523 1442 3571 ani-

288 3590 314 3643 9,
327 3588 368 3644 23,
381 3596 405 3636 et
416 3585 450 3641 iii,
462 3587 486 3642 a,
499 3584 540 3631 26.
568 3583 703 3650 Prologus:
721 3584 752 3632 cl.
765 3600 819 3649 sup.
831 3584 848 3641 i,
882 3601 929 3640 ruo,
942 3586 975 3634 cl.
987 3587 1051 3635 Ces.
1064 3587 1120 3635 Bel.
1132 3586 1190 3635 Gal.
1203 3585 1236 3640 ri,
1252 3588 1298 3646 145
1317 3587 1412 3635 Lucan.
1423 3588 1442 3645 i,

289 3652 331 3707 35,
342 3652 367 3699 9.
397 3650 479 3698 Tutela
494 3664 599 3709 presens,
616 3664 657 3713 pro
675 3650 729 3695 Deo
745 3648 850 3696 Romani
882 3651 931 3697 too
996 3667 1019 3708 .;
1041 3650 1135 3699 AElian.
1154 3651 1187 3698 V.
1205 3650 1240 3696 H.
1259 3649 1301 3706 xii,
1319 3652 1359 3699 23.
1390 3654 1442 3699 Au-

290 3713 382 3779 imperii
399 3713 503 3768 tutelari,
515 3712 556 3775 qui
572 3710 697 3777 prasentia
707 3726 751 3759 sua
761 3726 850 3759 numen
882 3716 927 3769 uir,
955 3714 998 3761 tir
1020 3713 1086 3762 dicto
1107 3714 1207 3764 audiens
1229 3721 1276 3769 est,
1297 3712 1340 3762 tibi
1365 3724 1442 3779 paret.

291 3794 361 3826 suum
381 3778 495 3831 declarat,
515 3784 541 3823 ut
560 3791 612 3840 sup.
629 3774 665 3829 iii,
683 3778 707 3831 5,
728 3777 753 3831 2,
773 3774 848 3823 Diuus
881 3777 1018 3841 Sygambri:
1036 3777 1068 3826 cl.
1079 3795 1133 3852 sup.
1145 3778 1178 3833 iv,
1192 3779 1217 3832 2,
1233 3777 1274 3824 36.
1310 3778 1443 3839 componitis

225 3854 227 3861 ·
290 3860 394 3905 pretam,
418 3842 459 3890 ubi
479 3838 528 3887 vid.
549 3847 598 3887 not.
635 3840 736 3887 Domine
757 3838 847 3886 mma.-
881 3844 959 3896 nrmis,
975 3840 1048 3897 bello,
1062 3858 1134 3889 armis
1150 3839 1264 3914 depositis
1280 3848 1306 3889 et
1323 3842 1441 3907 repositis,

291 3908 340 3965 cui,
363 3916 390 3957 ut
417 3904 528 3957 domine,
549 3902 614 3953 orbis
639 3912 751 3952 terrarum
774 3912 848 3968 paret.
882 3906 1020 3972 composito,
1031 3920 1075 3972 pro
1085 3906 1161 3962 tenui,
1172 3904 1237 3952 rrcti.
