3150 5200
699 364 997 433 CARMINUM
1054 412 1057 417 -

531 521 688 597 caudam,
704 530 738 584 et
751 520 934 584 recedentis
950 513 1094 603 trilingui

575 622 645 686 Ore
660 621 761 706 pedes
777 622 949 706 tetigitque
964 642 1070 685 crura.

691 888 898 955 CARMEN
924 888 1005 954 XX.

433 1036 454 1081 ἱ
628 1088 689 1136 ΑΙ)
734 1085 1071 1135 MAECENATEM.

488 1246 572 1312 Non
587 1248 718 1324 usitate,
735 1267 801 1310 non
816 1246 906 1309 tenui
921 1244 1007 1308 ferar

490 1349 604 1414 Penna
618 1348 764 1413 biformis
779 1344 1012 1431 perliquidum
1027 1343 1150 1407 aethcra

532 1452 655 1516 Vates:
679 1472 784 1534 neque
801 1450 834 1512 in
848 1449 943 1513 terris
958 1447 1110 1510 morabor

576 1552 724 1637 Longius
738 1576 744 1614 :
768 1550 954 1634 invidiaque
968 1549 1072 1633 major

353 1672 354 1675 ’
437 1654 458 1716 5
491 1654 601 1719 Urbes
617 1654 805 1737 relinquam.
852 1651 931 1717 Non
946 1674 1008 1736 ego
1021 1670 1202 1735 pauperum

490 1756 630 1841 Sanguis
646 1764 828 1840 parentum,
844 1776 910 1818 non
924 1776 998 1838 ega,
1014 1774 1111 1836 quem
1124 1772 1232 1827 vocas,

532 1857 662 1922 Dilecte
678 1855 856 1933 Maecenas,
872 1842 983 1933 abibo,
1128 1854 1130 1858 ’

576 1958 649 2023 Nec
667 1958 780 2043 Stygia
795 1957 975 2022 cohibebor
990 1960 1089 2021 unda.

304 2110 411 2161 att-32.
428 2108 560 2174 Vulgarem
575 2108 726 2166 mumadam,
740 2116 757 2138 “
766 2108 831 2164 Tibi,
864 2108 981 2157 formatus
995 2108 1021 2157 in
1032 2108 1113 2157 alitem
1127 2106 1204 2156 enitar
1214 2105 1245 2155 ad
1255 2105 1356 2167 etbers3
1374 2107 1427 2172 jam

271 2183 299 2224 ut
310 2174 398 2239 insigni
413 2174 466 2232 deo,
479 2173 542 2239 apud
553 2174 642 2223 inieras
657 2172 716 2223 adeo
732 2189 754 2223 m
804 2188 833 2221 us
865 2173 943 2222 sentio
959 2189 996 2222 me
1012 2173 1062 2223 fieri
1076 2187 1188 2237 cycnum,
1199 2170 1252 2236 jam
1265 2178 1342 2219 totum
1352 2180 1426 2219 terra·

272 2237 494 2295 bonorstatuitur,”
506 2254 562 2303 egre
579 2238 600 2287 'e
611 2236 741 2287 exornavit.
796 2237 833 2286 in·
865 2252 919 2285 ram
933 2238 1023 2294 orbem,
1035 2245 1063 2285 at
1077 2234 1226 2285 remotissimi
1240 2234 1330 2310 quique
1343 2235 1427 2300 populi

273 2303 308 2367 git
316 2319 411 2369 nempe,
419 2304 558 2359 Cerbemm,
595 2303 671 2352 lluam
679 2301 740 2351 alies
751 2302 832 2351 seris-
865 2316 905 2350 me
916 2300 1194 2365 noscant,pervolitabo;
1210 2299 1285 2348 nolite
1294 2298 1368 2363 igitur
1377 2315 1425 2356 me,

272 2366 366 2423 umam,
385 2366 478 2415 Bacchi
499 2365 530 2414 ad
549 2366 637 2415 inieras
652 2365 770 2417 venientis
789 2365 831 2414 ad·
865 2372 893 2412 ut
908 2364 957 2415 lato
973 2381 1017 2414 suo
1034 2365 1193 2430 perfunctum,
1209 2364 1246 2413 vel
1263 2364 1332 2411 luctu
1347 2378 1426 2428 perse·

271 2439 356 2496 spectu
376 2429 435 2478 adeo
452 2444 591 2494 percussum
610 2446 670 2488 esse,
688 2439 716 2479 ut
731 2430 833 2479 caudam
882 2429 917 2486 ui,
937 2429 976 2477 vel
995 2445 1057 2478 rano
1077 2428 1181 2493 sepulcri
1198 2428 1287 2476 honore
1305 2426 1425 2476 decorare.

272 2494 394 2542 atterendo
405 2494 504 2541 comiter
511 2494 534 2542 ei
545 2493 729 2550 adblandirstur,
736 2503 767 2551 et,
775 2511 831 2544 cum
864 2444 929 2541 dlum
939 2508 1030 2558 cycnus
1041 2492 1151 2567 Apollini
1166 2507 1233 2540 sacer
1243 2491 1282 2549 sit,
1294 2499 1319 2540 et
1330 2492 1362 2539 ob
1372 2492 1427 2556 ejus

273 2556 314 2606 ille
330 2556 386 2606 inde
402 2572 538 2607 recessurus
553 2566 624 2617 esset,
636 2560 708 2624 pedes
724 2566 748 2608 et
763 2574 833 2609 crura
864 2566 963 2606 cantum
973 2557 1141 2606 suavissimum
1152 2555 1349 2621 (distinguendus
1361 2557 1426 2606 enim

271 2622 325 2686 ejus
334 2620 462 2670 lambenda
473 2637 573 2670 summae
583 2625 720 2673 reverentias
734 2623 831 2672 amoris·
864 2631 901 2670 est
943 2638 999 2670 erras
1012 2638 1109 2670 canonas
1119 2622 1150 2669 ab
1160 2623 1220 2669 olm
1230 2631 1301 2675 mato,
1313 2620 1363 2670 vid.
1375 2629 1426 2670 not.

271 2697 319 2750 que
341 2685 437 2749 signum
457 2683 545 2734 ederet.
580 2685 610 2734 Te
633 2689 700 2744 vidit,
721 2687 833 2736 nimirum
865 2685 896 2733 ad
939 2687 972 2735 cl.
989 2687 1056 2736 Vett.
1073 2687 1151 2734 Poett.
1167 2701 1193 2750 p.
1208 2685 1271 2745 232)
1287 2685 1333 2750 ipsi
1396 2694 1427 2734 tae

273 2759 333 2806 tum,
355 2765 409 2798 cum
432 2749 548 2797 Bacchus
569 2750 674 2798 Semeles
698 2767 723 2799 re
754 2751 833 2800 tenda
882 2751 954 2798 esaim
968 2754 1034 2815 cycni
1045 2749 1194 2815 appellentur
1205 2749 1251 2813 (cs.
1262 2764 1342 2812 supa
1369 2750 1386 2804 i,
1400 2751 1425 2807 6,

273 2829 346 2862 causa
360 2813 389 2862 ad
404 2813 491 2862 inlesos
501 2812 675 2862 descendisset:
694 2813 719 2863 vi
738 2814 832 2879 mpu-
864 2762 905 2878 Ξ),
918 2829 984 2871 sane,
997 2831 1040 2863 cur
1050 2830 1099 2879 pra
1114 2813 1199 2862 ceteris
1214 2812 1312 2861 alitibus
1327 2813 1352 2861 in
1368 2827 1426 2878 cyc-

272 2877 392 2935 lodosiii,
405 2881 429 2934 5,
442 2879 467 2934 ³,
480 2877 572 2952 Hygin-
584 2878 643 2926 Fab.
653 2879 710 2926 251.
744 2877 833 2936 latona,
865 2893 925 2926 num
946 2877 1095 2945 potissimum
1117 2877 1204 2926 mutari
1225 2877 1326 2926 voluerit
1345 2888 1426 2943 poeta,

270 2940 321 3005 jam
336 2942 486 2992 innoxiuset
499 2941 626 3006 mitis,qni
640 2941 700 2991 alias
714 2941 832 2990 essetim-
865 2957 937 2992 nemo
957 2959 1005 2992 non
1029 2942 1149 3006 intelligit.
1183 2943 1296 2992 Cetemm
1315 2949 1365 2989 tam
1392 2942 1427 2990 rei

273 3005 420 3055 mitissimus.
453 3008 530 3055 Aurea
551 3008 630 3055 Cama
656 3009 775 3054 meorum:
803 3005 833 3055 de
865 3006 1002 3071 imaginem,
1024 3022 1098 3072 quam
1116 3006 1224 3055 altiorem
1243 3021 1291 3068 quo
1309 3005 1428 3055 Horatius

271 3069 365 3120 *Bacchi
380 3070 502 3127 cornibus,
517 3071 616 3135 antiquo
631 3070 674 3119 illo
689 3069 779 3118 mboris
795 3069 833 3118 in·
865 3069 891 3117 in
903 3071 948 3119 boc
959 3071 1065 3119 carmine
1080 3071 1184 3134 assurgit
1197 3069 1341 3134 spiritum,a
1355 3079 1429 3136 poete

272 3132 342 3246 ltl
355 3135 585 3248 Pttt'itll·
599 3135 692 3246 ‘lali'
706 3141 730 3246 {l
746 3133 833 3246 itt
865 3134 968 3246 „pp
981 3133 1328 3260 laffllfflllml.
1357 3196 1427 3246 ...a

272 3261 349 3311 Sicul.
371 3264 401 3311 T.
424 3263 451 3318 ii,
474 3235 492 3309 tl
517 3263 556 3318 1¹2,
581 3216 689 3327 clipiase'
702 3260 834 3327 disputavit
865 3259 919 3319 alis,
938 3262 1052 3327 qualibus
1072 3277 1116 3310 nec
1133 3277 1177 3324 ego
1194 3261 1281 3317 adbuc,
1295 3277 1340 3310 nec
1358 3261 1427 3326 quis·

272 3326 379 3374 Bmulrh.
394 3325 529 3374 edTibull.
543 3324 570 3380 ii,
585 3327 645 3382 1,3.
678 3327 763 3383 Aurea,
776 3325 832 3374 binc
864 3340 938 3390 qnam
954 3326 1017 3374 alius
1033 3334 1089 3374 ante
1103 3341 1143 3374 me
1156 3324 1362 3384 instructusluit3
1378 3343 1427 3374 nos

272 3389 386 3437 Bacchus
414 3387 575 3455 χρυσόκερως.
619 3391 755 3454 Trilirrgai:
780 3389 832 3454 jam
863 3393 936 3447 tenui,
949 3391 1067 3439 b.e.non
1084 3389 1130 3437 alis
1145 3389 1253 3445 modicis,
1269 3387 1311 3437 sed
1328 3389 1426 3452 grandi-

272 3453 391 3526 §crberus
407 3461 444 3526 est
459 3451 555 3516 triceps,
567 3456 707 3519 τρικρανής,
719 3453 762 3519 qui
776 3469 832 3521 sup.
863 3454 954 3512 oribus,
974 3453 1071 3518 cycneis
1086 3469 1186 3527 ¹nempe.
1229 3455 1270 3501 De
1289 3461 1428 3527 commento

271 3531 297 3570 n,
312 3516 351 3572 13,
363 3517 395 3564 34
407 3515 532 3565 dicebatur
543 3521 653 3580 centiceps
658 3537 666 3577 ,·
684 3519 725 3568 ubi
736 3519 768 3568 cl.
781 3529 833 3567 nat.
864 3516 957 3567 alarum
971 3534 1017 3567 usn
1033 3518 1134 3580 glanem
1146 3533 1189 3582 per
1199 3517 1253 3566 loca
1269 3518 1429 3567 remotissima

271 3579 407 3628 Recedmtis
436 3598 474 3630 are
500 3584 567 3643 pedet
594 3587 714 3648 tetigitque
741 3601 832 3632 crura.-
864 3581 996 3648 dissipandi
1005 3581 1130 3630 commode
1138 3582 1428 3646 afferantlocum'l’beag.

269 3643 350 3706 imago
369 3643 523 3693 suavissima!
559 3647 686 3704 Cerberus,
707 3647 750 3713 qui
771 3646 832 3696 alias
863 3647 921 3705 231,
949 3648 992 3696 Σοὶ
1018 3646 1064 3711 μὲν
1093 3645 1142 3711 ἐγὼ
1170 3645 1238 3711 πτέρ’
1264 3645 1352 3702 ἔδωκα,
1378 3648 1428 3697 asir

269 3723 299 3755 ex
309 3709 373 3757 Orco
384 3724 516 3758 recessuros
526 3709 649 3760 devorasse
660 3713 691 3760 fin
710 3712 831 3774 'tur(He-
864 3709 901 3768 οἷς
916 3710 954 3760 ἐπ’
972 3711 1094 3775 ἀπείρονα
1111 3711 1208 3761 πόντον
1225 3709 1342 3776 liuram.
1361 3713 1429 3760 mre

270 3727 752 3838 si0d.Tlreog.771),nuncBaccffum
776 3774 832 3823 inde
864 3777 915 3839 γῆν
932 3777 1021 3826 πᾶσαν
1034 3775 1174 3841 ἀειρόμενος
1183 3773 1303 3834 Ῥηϊδίως,
1319 3775 1429 3826 πολλῶν

270 3836 418 3886 recedentem
431 3838 523 3886 lambit.
863 3839 975 3902 κείμενος
984 3840 1013 3890 ἐν
1023 3839 1136 3904 στόμασι.
1163 3839 1428 3903 Bffvrmitaatesmgo,

863 3903 912 3959 cui,
928 3914 957 3952 ut
972 3911 1056 3969 poeta,
1068 3903 1132 3952 binae
1149 3903 1240 3958 formae,
1255 3909 1305 3950 tam
1320 3901 1429 3953 bominis

435 3967 590 4016 CARMEN
607 3966 665 4015 XX.
864 3982 938 4029 quam
956 3968 1034 4032 cycni,
1052 3982 1171 4016 concesse
1188 3975 1254 4013 sunt.
1287 3965 1429 4030 invidiaque

302 4029 465 4080 Immortalem
488 4031 592 4079 nominis
615 4029 652 4078 sui
670 4029 769 4094 gloriam
790 4030 833 4092 (ut
863 4036 947 4094 naajcr,
963 4040 989 4080 et
1004 4031 1094 4095 majore
1110 4030 1185 4094 gloria
1199 4029 1288 4088 elatus,
1304 4045 1379 4094 quam
1398 4041 1430 4080 nt

270 4093 312 4142 alii
331 4103 415 4168 pcetae,
434 4111 458 4144 v.
480 4111 501 4144 c.
523 4094 626 4144 Ovidius
645 4095 728 4142 Amor.
748 4094 765 4151 i,
787 4095 831 4153 15)
864 4094 964 4144 inrideri
981 4095 1040 4142 mibi
1056 4095 1159 4159 amplius
1172 4094 1247 4159 possit
1258 4112 1265 4154 ς
1282 4093 1347 4142 ultm
1363 4094 1429 4143 invi·

270 4159 410 4207 vaticinatur
420 4159 445 4207 ia
457 4160 502 4209 hoc
513 4160 618 4208 carmine
630 4157 753 4206 Horatius.
783 4160 829 4206 Or·
862 4157 925 4206 diam
942 4160 1029 4208 eletas.
1064 4160 1117 4206 Noa
1130 4175 1170 4222 ega
1184 4174 1313 4232 priapeium
1323 4159 1430 4221 Sanguis

269 4230 352 4271 natum
375 4235 455 4274 sutem
479 4225 509 4273 ed
532 4223 652 4286 vulgarem
677 4223 828 4281 seutentiam,
860 4233 1001 4284 parentam:
1029 4239 1077 4271 non
1099 4238 1152 4286 ego,
1174 4223 1254 4333 puelia
1275 4237 1340 4271 nunc
1359 4239 1428 4281 sum,

269 4288 376 4337 Nominis
398 4292 441 4337 mei
460 4291 538 4353 gloria
559 4305 599 4350 per
620 4297 692 4334 tatum
713 4297 829 4334 tmuium
894 4303 994 4351 uperum
1016 4295 1141 4352 parentum
1162 4286 1243 4345 fiins5
1271 4294 1338 4350 patre
1359 4287 1429 4336 enim

269 4354 344 4400 orbem
359 4369 444 4416 semper
455 4354 617 4407 celebrabitur,
634 4350 785 4406 efferendam,
798 4351 830 4398 ab
872 4350 974 4399 ibertino
990 4366 1049 4399 usus
1062 4360 1099 4400 est
1114 4351 1229 4399 Horatius
1239 4368 1251 4396 ι·
1262 4350 1295 4399 cl.
1305 4349 1361 4414 ejus
1375 4349 1431 4400 Vis.

269 4415 363 4479 egregie
378 4416 404 4464 in
422 4417 483 4466 banc
501 4417 550 4466 rem
567 4417 623 4464 ficta
641 4414 744 4484 imagine
761 4414 829 4480 petit.
862 4429 901 4480 ap.
913 4416 980 4464 Suet.
1013 4416 1123 4478 Sanguis,
1135 4415 1166 4464 de
1178 4415 1244 4480 prole
1257 4422 1283 4463 et
1295 4416 1430 4480 pmpagine

270 4480 327 4527 Nan
338 4481 451 4545 amplius,
462 4480 535 4536 canit,
547 4480 571 4528 in
582 4479 619 4528 his
631 4479 698 4527 terris
712 4479 828 4537 mombar,
861 4479 965 4543 passim:
987 4479 1055 4544 Virg.
1070 4482 1130 4528 AEn.
1145 4479 1177 4536 vi,
1194 4481 1252 4534 836,
1271 4480 1361 4542 Prrp'r'cs
1377 4482 1429 4527 tela

271 4557 323 4600 nec,
338 4552 364 4593 ut
381 4546 451 4594 ceteri
468 4544 587 4600 mortales,
601 4545 681 4602 obibo,
693 4543 734 4592 sed
751 4548 828 4591 trans'-
862 4561 942 4602 mansi,
958 4547 1052 4607 sangaris
1066 4561 1143 4602 sacrm
1160 4545 1202 4592 nbi
1214 4542 1263 4592 vid.
1276 4543 1372 4592 Cerda:
1390 4543 1428 4592 cf.
