3150 5200
292 313 360 378 204
722 309 1020 378 CARMINUM

444 463 487 526 45
507 462 595 527 Tum
611 486 691 528 meoe
705 463 745 546 (si
760 464 840 548 quid
855 463 970 548 loquar
985 464 1197 550 audiendum)

511 565 612 630 Vocis
628 567 763 630 accedet
777 568 864 630 bona
880 588 972 650 pars:
997 575 1042 643 et,
1059 565 1091 629 Ο
1108 566 1157 631 sol

510 667 663 745 Pulcher,
680 691 700 731 o
715 667 889 744 laudande,
905 688 1029 744 canam,
1046 661 1179 751 recepto

812 769 943 832 Caesare
959 768 1057 833 felixr

510 869 630 954 Tuque
646 871 724 934 dum
739 871 902 955 procedit,
919 870 956 934 Io
972 870 1148 954 triumphe,

445 973 489 1034 50
509 970 588 1035 Non
604 971 703 1036 semel
717 971 874 1049 dicamne,
891 970 929 1035 Io
944 970 1120 1055 triumphe,

511 1073 634 1137 Civitas
649 1073 764 1149 omnia,
781 1073 996 1156 dabimusque
1012 1072 1107 1136 Divis

810 1173 903 1238 Tura
918 1175 1079 1258 benignis.

394 1289 408 1314 ⁴
509 1276 561 1342 Te
574 1278 691 1343 ¹decem
705 1278 802 1352 tauri,
819 1277 1018 1360 totidemque
1034 1297 1152 1351 vaccae,

508 1379 568 1444 Me
583 1391 676 1445 tener
691 1378 794 1443 solvet
808 1377 939 1456 vitulus,
955 1377 1069 1442 relicta

445 1481 487 1542 55
509 1480 630 1558 Matre,
646 1481 702 1564 qui
716 1479 816 1564 largis
826 1479 1011 1563 juvenescit
1024 1478 1135 1542 herbis

813 1578 852 1643 In
867 1602 939 1645 mea
953 1591 1039 1656 vota,

510 1682 632 1748 Fronte
647 1691 798 1747 curvatos
813 1681 956 1745 imitatus
972 1683 1063 1766 ignes

507 1782 658 1848 Tertium
671 1783 758 1848 lunae
773 1782 944 1846 referentis
960 1794 1078 1858 ortum,

510 1884 587 1957 Qua
601 1896 711 1949 notam
726 1885 832 1960 duxit,
849 1885 962 1949 niveus
978 1885 1092 1961 videri,

443 1986 486 2052 60
810 1987 930 2050 Cetera
944 1987 1061 2054 fulvus.

321 2153 427 2202 45-52.
454 2149 521 2208 Tum,
544 2165 580 2199 tc.
603 2149 700 2216 quando
723 2150 847 2216 Augustus
880 2151 971 2208 urbem,
993 2151 1112 2202 Antonius
1128 2151 1286 2201 etiloratius
1300 2149 1347 2200 diis
1362 2166 1389 2199 ae
1403 2151 1444 2198 ob·

289 2216 380 2266 feroces
407 2216 551 2281 Sygambros
578 2231 620 2281 por
638 2231 733 2264 sacrum
758 2216 847 2266 clivum
880 2219 1023 2264 strinxerunt
1039 2217 1264 2282 volotlignomnt5
1282 2214 1444 2281 provulgari,

289 2281 375 2336 trahat,
395 2280 420 2328 h.
439 2295 462 2328 e.
477 2278 575 2343 quando
596 2279 747 2344 triumphans
765 2281 849 2329 urbem
881 2287 907 2328 tu
929 2279 1013 2330 dacem
1032 2288 1112 2330 tauron
1131 2289 1154 2330 et
1173 2279 1270 2329 totidem
1285 2293 1379 2336 ηοω,
1397 2293 1444 2342 ogo

289 2343 441 2418 ingredietur.
474 2345 566 2406 Siquid
576 2343 849 2406 buanruadiendum,ai
881 2343 984 2393 vitulum
995 2344 1132 2394 immolabo.
1160 2345 1253 2392 Relicta
1261 2343 1444 2398 hammaim

289 2407 357 2470 qurd,
371 2407 435 2471 quod
456 2407 551 2454 accidat
564 2408 662 2455 omnino
677 2408 708 2456 ad
726 2423 795 2456 aurea
807 2423 849 2472 po-
882 2407 997 2474 depuluuu
1009 2426 1017 2469 ς
1045 2412 1071 2457 in
1099 2425 1148 2456 men
1172 2418 1233 2465 uota,
1256 2422 1291 2456 tc.
1318 2406 1444 2455 solvende.

290 2470 351 2534 puli,
363 2470 466 2534 prolerre
476 2479 566 2534 potero.
590 2471 664 2529 Bona,
674 2472 699 2519 h.
711 2487 734 2521 e.
746 2487 848 2534 magum
883 2472 969 2521 Fronte
991 2482 1096 2520 curantur
1121 2476 1226 2522 imitabar
1253 2473 1314 2518 'ner
1340 2470 1444 2518 Tertium

290 2544 318 2580 ut
327 2533 371 2581 inl.
385 2535 432 2599 Ep.
444 2533 473 2582 ud
487 2533 538 2582 Pia.
550 2550 574 2580 r.
584 2536 642 2588 297.
651 2543 675 2583 et
683 2538 734 2585 Sat.
745 2536 762 2592 i,
776 2539 798 2594 l,
808 2537 849 2586 61.
882 2537 943 2584 lurra
957 2537 1078 2603 rejirentir
1091 2547 1176 2591 onam,
1189 2545 1256 2584 osten
1273 2551 1316 2583 eus
1331 2535 1356 2583 in
1367 2534 1444 2584 fronte

290 2598 383 2660 Tuque:
407 2608 435 2646 tu
457 2614 535 2662 neque
560 2598 591 2645 ud
609 2599 692 2656 solem,
714 2616 793 2664 neque
819 2602 849 2649 ad
881 2600 958 2665 primu
979 2617 1095 2649 cornuum
1117 2601 1231 2667 germina,
1251 2601 1315 2649 lunen
1335 2600 1383 2649 lere
1402 2599 1444 2649 dia

289 2660 443 2727 triumphum,
451 2661 515 2726 quod
523 2662 632 2710 nonnulli
641 2663 797 2722 contendunt,
807 2664 848 2713 sed
882 2666 950 2713 turtio
957 2681 972 2713 a
980 2665 1102 2714 novilunio
1112 2666 1209 2715 orientis
1219 2665 1318 2713 formam
1329 2663 1442 2712 falcatam

289 2725 320 2774 ad
342 2725 474 2775 Antonium
497 2726 596 2774 omuino
619 2727 768 2775 referendum
786 2744 848 2786 essa,
882 2729 1015 2778 imitantia:
1043 2740 1183 2795 comparant
1203 2728 1300 2777 Moach.
1317 2727 1343 2783 ii,
1360 2729 1401 2782 88,
1418 2736 1444 2776 ct

289 2788 379 2839 evincit
385 2790 434 2837 iera
443 2790 557 2839 orationi·
568 2805 645 2838 nexus
655 2800 680 2839 et
690 2791 849 2841 concinnitas.
875 2793 971 2851 Claud.
979 2793 1010 2843 de
1020 2794 1095 2859 Rapt.
1105 2795 1216 2859 Pmscrp.
1226 2792 1243 2847 i,
1252 2794 1308 2847 126,
1317 2791 1349 2840 da
1356 2790 1442 2847 vitula,

289 2853 654 2918 Commeatum-Tuque
674 2858 730 2903 dum
747 2859 851 2918 monadia
881 2860 976 2919 ped-ihm
997 2876 1045 2921 pua
1067 2860 1168 2907 nondum
1189 2860 1286 2919 proterit
1305 2874 1372 2911 unu,
1394 2855 1444 2905 Nee

288 2918 439 2967 -Trdecem
447 2922 522 2967 tauri.
551 2920 666 2977 Procedit,
679 2934 714 2968 sc.
726 2920 752 2967 in
763 2936 851 2987 pompa
882 2939 940 2969 nona
953 2924 1039 2970 lunata
1049 2920 1370 2986 curuavitgmninnsrontir.
1389 2920 1444 2974 Qun

287 2982 443 3049 triumphali;
459 2982 847 3059 nacwitudinenutemperuxo-
881 2996 958 3033 notam
984 2989 1061 3042 derit,
1084 3002 1114 3033 ea
1135 2985 1239 3050 corporis
1263 2996 1338 3049 parte,
1361 2982 1443 3048 (haud

288 3064 337 3097 ram
360 3063 427 3097 auam
445 3048 588 3097 Marcellam
606 3049 719 3112 Augusto
737 3058 847 3113 martur,
880 3048 954 3098 dubie
964 3050 1071 3115 fromn)
1084 3064 1132 3113 qua
1143 3049 1230 3099 diversi
1247 3046 1333 3097 coloris
1344 3048 1443 3097 macula

287 3113 467 3226 tritt-‘tt
480 3112 849 3241 ‘lfflttlbtt‘tl
880 3121 1046 3242 tttzth
1062 3110 1443 3226 lttttltl‘ltttdltt‘

288 3242 361 3289 Pont.
378 3212 409 3295 iis
424 3243 450 3295 2,
469 3242 510 3289 83.
545 3241 677 3297 Prnredcrc,
695 3250 720 3289 ut
738 3257 794 3315 nup.
811 3240 846 3298 iii,
880 3250 907 3289 ut
922 3257 977 3307 sup.
993 3241 1009 3298 i,
1025 3242 1064 3298 19,
1079 3243 1103 3298 8,
1121 3243 1223 3290 lubricus
1239 3242 1337 3301 arlrpici,
1352 3240 1441 3291 ulrici.

291 3306 329 3359 14.
342 3306 367 3353 6.
400 3305 507 3357 Prodire,
525 3305 619 3369 proprie
635 3304 666 3352 da
686 3304 716 3352 iis
732 3322 774 3369 qur
791 3321 848 3354 cum
881 3314 930 3352 not.
963 3306 1002 3354 Sic
1021 3304 1085 3369 apud
1098 3304 1283 3368 Virg.AEn.vi‚
1297 3306 1336 3357 ⁴9.
1352 3308 1438 3367 major-

287 3366 403 3429 dignitate
418 3365 523 3477 putidam
539 3367 565 3414 in
584 3383 672 3432 pompa
692 3369 793 3417 solemni
810 3368 847 3417 in·
879 3386 922 3431 que
933 3372 1015 3418 maeri.
1049 3370 1130 3417 Cetera
1142 3371 1186 3433 (τὰ
1198 3368 1218 3417 δ’
1229 3368 1320 3441 ἄλλα),
1332 3368 1398 3432 quod
1409 3367 1441 3417 ad

287 3430 385 3480 cedunt.
431 3451 445 3477 o
458 3432 581 3491 triumphe,
597 3432 725 3479 Nonumel
738 3436 847 3489 dicemur,
880 3432 999 3497 reliquum
1019 3434 1124 3497 corporis
1142 3433 1244 3482 colorem
1265 3440 1358 3481 attruet.
1401 3432 1439 3479 Si·

288 3494 314 3542 lo
333 3496 448 3557 triumphe
459 3511 466 3549 ,·
483 3493 541 3543 hinc
557 3494 645 3543 militas
664 3496 728 3560 apud
751 3497 847 3545 Livium
881 3496 944 3545 milis
956 3497 1004 3546 lere
1016 3496 1077 3545 tauri
1088 3497 1163 3552 illius.
1172 3498 1244 3573 cujus
1254 3496 1353 3543 formam
1366 3496 1383 3545 J
1385 3494 1439 3607 upi·

255 3579 259 3583 ’
288 3557 337 3613 xlv,
359 3562 400 3615 ³8,
422 3559 564 3619 triumphum
584 3562 675 3607 nomino
692 3563 760 3616 ciere,
781 3561 807 3609 h.
824 3577 846 3611 e.
880 3570 915 3608 ter
935 3562 1036 3626 Europa
1054 3576 1128 3610 causa
1147 3561 1253 3610 induisse
1274 3560 1379 3624 lingitur,

286 3622 371 3670 lterum
382 3623 515 3685 itemmque
526 3623 554 3670 Io
563 3622 684 3688 triumphe
695 3624 798 3673 clamare
808 3623 845 3673 di·
879 3624 975 3690 scriptio
991 3641 1006 3673 a
1022 3624 1055 3673 ud
1073 3626 1170 3675 Motch.
1181 3624 1207 3683 ii,
1220 3626 1260 3681 85,
1277 3627 1326 3673 Τοῦ
1343 3622 1364 3673 δ’
1382 3624 1440 3683 ἤτοι

286 3695 381 3735 cuntur.
415 3688 592 3742 Cioitnromnir,
633 3687 771 3737 oetomuia
785 3688 846 3737 civi·
880 3691 909 3739 τὸ
919 3690 964 3753 μὲν
975 3641 1039 3739 rihho
1051 3688 1123 3753 δέμας
1134 3690 1211 3744 ξανθά
1230 3707 1288 3753 poov
1297 3689 1360 3740 ium.
1373 3687 1438 3737 Κύκ-

285 3758 331 3799 taa.
365 3704 677 3814 Dattmmqueffimeium
692 3755 805 3815 benignu,
820 3754 845 3801 in
878 3752 953 3812 hocd'
965 3754 1086 3819 ἀργύφεος
1098 3750 1179 3819 piccus
1242 3770 1311 3817 μαιρε
1324 3753 1439 3817 μετώπῳ.

285 3814 332 3863 aris
342 3831 435 3881 nempe,
448 3814 504 3864 hinc
514 3814 582 3864 illinc
593 3832 635 3881 per
644 3817 696 3866 viar
706 3816 745 3865 die
760 3817 843 3865 trium-
878 3819 991 3867 Ceterum
1009 3817 1159 3867 victimarum
1179 3826 1228 3867 tam
1248 3816 1346 3865 sormam
1381 3832 1438 3865 uun

285 3878 495 3945 phaliexatructia.
877 3892 987 3931 naturam
999 3882 1114 3947 singulari
1124 3881 1204 3931 studio
1221 3880 1335 3930 Horatius
1384 3896 1437 3929 urn-

318 3946 423 3994 63-60.
440 3947 523 4000 Solon,
539 3960 573 3992 sc.
584 3954 648 4001 voto,
664 3946 705 3995 cui
722 3944 845 4004 solvendo,
879 3947 946 3995 brare
961 3948 1034 3997 nolet:
1052 3946 1087 3996 cl.
1104 3962 1158 4013 nup.
1174 3945 1208 4005 iii,
1224 3947 1262 4003 13,
1276 3947 1357 4009 drqq.
1368 3954 1393 3994 et
1403 3944 1439 4003 iii,

284 4008 306 4059 ai
322 4009 448 4074 Augustus
465 4008 522 4058 lelix
537 4008 679 4075 lanctusque
694 4010 805 4060 rediisset
820 4010 845 4060 in
877 4012 918 4068 22,
931 4012 956 4059 7.
