3150 5200
277 328 350 394 hoe
535 318 806 391 EPISTOLA
835 312 908 386 AD
939 310 1183 384 PISONES.

373 478 522 563 Fingeris
538 480 581 543 ad
595 489 731 554 rectum,
747 486 780 540 et
795 496 855 559 per
869 484 902 537 te
917 471 1017 556 sapis,
1032 470 1096 535 hoc
1109 468 1170 533 tibi
1185 467 1310 531 dictum

372 579 469 644 Tolle
484 603 622 645 memor:
646 578 743 644 certis
758 576 900 639 medium
914 584 949 638 et
963 570 1131 637 tolerabile
1144 570 1244 633 rebus

374 680 480 746 Recte
496 680 651 747 concedi:
675 677 843 744 consultus
853 675 939 760 juris
953 683 988 738 et
1001 682 1094 737 actor

289 780 354 845 370
376 782 556 847 Causarum
570 780 742 846 mediocris
757 779 852 842 abest
866 776 986 839 virtute
1001 772 1115 837 diserti

375 882 539 961 Messalae,
555 904 615 947 nec
632 882 692 946 scit
706 888 863 963 quantum
878 874 1057 940 Cascellius
1071 870 1199 949 Aulus3

376 984 442 1048 Sed
459 984 613 1049 tamenin
628 982 734 1067 pretio
749 990 817 1044 est:
840 976 1057 1042 mediocribus
1072 996 1145 1039 esse
1160 972 1266 1058 poetis

374 1084 454 1149 Non
468 1084 626 1159 homines,
641 1104 707 1147 non
722 1079 779 1157 Dt,
796 1102 862 1143 non
876 1098 1066 1143 concessere
1081 1075 1249 1140 columnae.

261 1248 263 1251 .
375 1185 424 1249 Ut
438 1196 547 1271 gratas
562 1186 647 1247 inter
662 1204 788 1247 mensas
802 1178 994 1265 symphonia
1008 1176 1145 1252 discors,

289 1288 354 1352 375
376 1287 423 1351 Et
435 1308 580 1351 crassum
592 1294 805 1369 unguentum,
821 1292 855 1345 et
870 1279 977 1343 Sardo
991 1300 1064 1342 cunr
1077 1276 1170 1341 melle
1184 1295 1330 1361 papaver

376 1387 571 1465 Offendunt,
586 1395 716 1472 poterat
731 1385 806 1448 duci
821 1382 899 1465 quis
913 1402 1007 1445 coena
1021 1379 1090 1441 sine
1104 1377 1193 1440 istis:

376 1488 431 1553 Sic
446 1490 560 1552 animis
575 1498 686 1551 natum
701 1488 932 1566 inventumque
946 1502 1063 1566 poema
1072 1479 1238 1563 juvandis,

377 1589 414 1652 Si
428 1588 571 1673 paullum
587 1610 606 1651 a
622 1608 746 1651 summo
762 1584 914 1660 decessit,
930 1582 1034 1665 vergit
1046 1581 1089 1644 ad
1103 1582 1212 1643 imum.

375 1689 508 1754 Ludere
523 1691 580 1773 qui
596 1691 709 1765 nescit,
726 1685 962 1769 campestribus
977 1684 1120 1747 abstinet
1134 1682 1242 1757 ermis,

287 1792 352 1855 380
374 1790 595 1875 Indoctusque
611 1790 685 1873 pilae
699 1788 821 1852 discive
837 1785 982 1850 trochive
997 1785 1146 1867 quiescit,

375 1892 430 1957 Ne
447 1896 561 1979 spissae
576 1894 676 1955 risum
692 1889 806 1955 tollant
820 1890 952 1971 impune
966 1908 1112 1953 coronae:

290 2063 381 2123 quidem
391 2072 462 2125 potest
474 2074 495 2112 et
508 2064 581 2110 locum
596 2063 660 2109 hahet
676 2063 702 2107 io
718 2062 786 2108 certis
797 2061 849 2121 pssi-
882 2072 936 2121 sup.
948 2057 999 2105 Sat.
1011 2056 1028 2111 i,
1040 2056 1064 2112 4,
1074 2055 1116 2111 71,
1131 2054 1205 2101 Nulla
1223 2056 1320 2101 taberna
1336 2070 1396 2101 assos
1407 2056 1450 2101 las-

293 2126 387 2173 basdam
395 2128 523 2188 disciplinis
533 2128 685 2181 mediocritas,
692 2124 786 2185 exempli
794 2139 849 2171 cau·
882 2122 933 2168 beot
944 2137 1016 2183 neptas
1025 2120 1074 2181 pila
1086 2120 1182 2173 libellas,
1189 2118 1233 2165 ubi
1241 2116 1290 2166 vid.
1299 2125 1350 2165 not.
1360 2126 1388 2166 et
1398 2118 1449 2167 Pes
1549 2141 1550 2152 π

293 2204 317 2235 sa
337 2192 361 2236 in
373 2192 582 2252 Jurlspradentia;
602 2198 672 2250 potest
688 2191 748 2235 enim
767 2188 851 2249 alionis
884 2183 915 2231 ad
933 2183 958 2231 h.
972 2184 990 2232 1.
1019 2181 1190 2247 chudiabaut
1207 2190 1287 2230 autem
1307 2180 1451 2246 bibliopola

292 2267 336 2299 esse
345 2255 414 2301 bonus
423 2264 444 2302 et
454 2256 563 2303 laudatus
566 2253 758 2317 jurisconsultus,
771 2266 850 2313 quam·
883 2246 1037 2296 mediocrium
1054 2254 1177 2320 poetarum
1186 2244 1309 2319 earmina,
1326 2246 1390 2310 quia
1408 2246 1452 2309 qui
1550 2255 1551 2258 ’

293 2317 328 2363 vis
339 2318 363 2363 in
373 2320 441 2378 juris
454 2320 549 2366 scientia
561 2318 623 2365 haud
634 2317 737 2369 excellat,
748 2325 769 2363 et
782 2314 854 2361 multo
882 2311 929 2358 ills
939 2319 1044 2360 emerent
1054 2326 1103 2359 non
1113 2310 1275 2358 inveniebant.
1543 2319 1552 2341 ⁴

294 2380 393 2443 irfferior
403 2384 433 2429 sit
451 2384 479 2430 iis
493 2384 533 2444 qui
551 2396 637 2429 samma
656 2380 724 2427 laada
738 2381 764 2426 ic
774 2378 853 2441 juris·
919 2376 1056 2423 374-»373
1078 2375 1111 2423 Ut
1119 2384 1201 2438 gratas
1211 2376 1274 2421 inter
1282 2388 1380 2429 means,
1393 2382 1453 2422 cett.

292 2444 418 2501 prudentia
429 2446 627 2507 sssplcadescsmt:
641 2460 686 2490 παπ
697 2446 731 2491 ito
743 2444 767 2490 io
777 2443 850 2503 poesi;
884 2438 1093 2497 Quemadmodum
1100 2436 1241 2487 convivain
1251 2453 1263 2483 s
1279 2436 1379 2485 lendido
1390 2452 1451 2485 con·

292 2508 441 2554 mediocribus
450 2524 493 2555 csse
502 2511 571 2569 poetis
582 2508 633 2555 Nom
640 2508 746 2561 homines,
754 2523 799 2554 ron
808 2505 851 2559 Di,
883 2503 947 2551 sisio
963 2503 1002 2552 vel
1017 2501 1159 2578 symphonia
1177 2499 1244 2549 disco
1271 2516 1294 2556 a,
1311 2500 1349 2549 sel
1367 2514 1454 2551 erasm

294 2584 339 2616 non
351 2586 473 2619 concessere
486 2573 605 2620 columne.
639 2570 685 2618 His
695 2572 722 2618 de
733 2570 852 2619 mediocri·
885 2576 1014 2632 unguento,
1026 2566 1064 2617 vel
1077 2565 1179 2633 insipido
1196 2580 1311 2632 papavere
1323 2564 1387 2614 inter
1397 2565 1452 2614 lau·

294 2640 350 2687 tots,
362 2635 388 2680 s'n
396 2637 458 2696 poesi
471 2635 648 2699 laudfcremla,
658 2637 787 2695 premissis,
802 2633 849 2680 llo·
881 2639 919 2680 tas
929 2633 1013 2696 epulas
1023 2633 1139 2697 apposito,
1149 2629 1317 2687 ellendonam
1329 2629 1364 2677 ita
1374 2631 1455 2680 animi

293 2698 369 2744 cotias
389 2697 478 2745 Pisonis
489 2699 571 2761 filium
593 2706 652 2744 nata
672 2703 787 2759 mojorem,
811 2700 852 2759 qni
883 2696 984 2745 lectione
1001 2695 1143 2751 carminum,
1156 2710 1210 2758 quse
1226 2709 1241 2741 a
1258 2693 1454 2743 sublimitatead

294 2761 380 2807 minari
388 2762 510 2808 ridebatur
517 2763 681 2816 cormioo,r'mo
691 2769 763 2808 mente
773 2777 850 2809 recon-
883 2759 1052 2816 humilitatem,
1063 2773 1184 2807 asumma
1199 2757 1315 2821 dignitate
1331 2757 1363 2806 ad
1373 2759 1456 2807 imam

294 2825 348 2870 dere
359 2825 429 2884 jabet
446 2825 508 2872 loe:
531 2834 559 2872 ut
577 2825 638 2870 mihil
654 2825 716 2870 dicas
747 2828 853 2886 aciesque
884 2822 1050 2887 indignitatem
1074 2822 1231 2877 descendunt,
1254 2821 1350 2870 fastidio
1371 2823 1455 2872 affici·

293 2888 369 2934 invita
382 2887 504 2935 Minerva:
520 2889 689 2949 anamodo
747 2891 852 2935 camnine
885 2894 968 2935 untur.

293 2951 413 2998 scribendo
430 2953 532 3000 oniroum
548 2953 706 3012 appuleritss
719 2953 862 3006 sorbentem,
916 2951 973 2999 375.
996 2951 1112 3005 crason,
1132 2964 1180 2998 non
1196 2948 1325 3014 liquidum,
1344 2948 1389 2998 sed
1410 2965 1456 2998 eo·

294 3023 317 3061 et
330 3013 410 3075 Tarpa
420 3025 442 3063 st
454 3016 548 3064 Horatii
562 3016 663 3062 consiliis
674 3016 723 3079 regi
733 3019 850 3076 patiatur:
884 3015 1008 3126 ppulatum
1025 3023 1049 3062 et
1065 3012 1198 3062 rancidum.
1234 3014 1358 3074 Papam.-
1382 3013 1455 3063 Ptin.

295 3087 324 3125 nt
335 3080 576 3142 carminaqaaesomt
585 3080 851 3128 emissas-evocerietim·
912 3111 919 3125 .
931 3079 967 3126 N.
982 3077 1031 3135 xix,
1044 3078 1068 3132 3.
1084 3077 1150 3137 953,
1170 3078 1297 3138 Papaveris
1311 3079 1382 3125 sotici
1402 3081 1455 3126 trs‘s

296 3145 384 3189 mutari
395 3145 551 3206 nequeuntis
565 3143 648 3190 scrinio
661 3144 760 3203 reposito
773 3145 851 3192 inno·
882 3157 978 3204 gessero.
1011 3141 1151 3197 Candidum,
1164 3144 1231 3203 cujsss
1246 3151 1415 3189 mentatum
1428 3145 1454 3189 is

296 3221 352 3252 rrum
363 3223 449 3253 annom
459 3215 556 3266 procat.
884 3207 984 3253 ucunda
994 3221 1070 3252 menso
1078 3221 1130 3252 cum
1139 3206 1206 3251 melle
1215 3207 1279 3266 opssd
1289 3208 1398 3267 maon·
1408 3209 1454 3254 de-

329 3268 386 3323 367,
403 3269 461 3316 363.
479 3269 525 3317 Per
542 3279 564 3317 te
579 3271 648 3330 sapis,
668 3267 675 3316 i
737 3269 855 3333 sapienter
885 3270 964 3316 batur.
1003 3269 1077 3317 Sardo
1097 3285 1149 3316 eum
1169 3270 1253 3315 malls:
1277 3269 1336 3317 Vct.
1358 3269 1454 3326 Sohar..

294 3328 397 3395 Judicas.
424 3331 473 3380 Hoc
484 3335 526 3382 stoi
536 3335 623 3381 dictum
636 3332 677 3379 Tol
687 3349 699 3380 s
710 3331 854 3388 morcambus
887 3332 1004 3380 Cassiam
1020 3341 1043 3380 et
1059 3333 1158 3380 Sardum
1176 3334 1220 3380 mel
1234 3334 1325 3394 pesss‘rsrs¹
1343 3337 1453 3395 soporis,-

294 3409 310 3441 a
323 3394 576 3445 matibidictumacci
622 3404 647 3444 et
664 3396 761 3446 memori
776 3395 856 3444 animo
887 3395 967 3444 herba
978 3397 1042 3444 enim
1054 3395 1181 3444 admodum
1192 3409 1279 3444 amare
1289 3397 1455 3446 mechantur

296 3473 372 3506 serva.
405 3459 541 3508 Mediumet
558 3471 589 3507 to
615 3459 858 3514 abile.mediocriaet
888 3458 914 3506 in
938 3459 1065 3519 Sardinia3
1093 3459 1149 3509 hinc
1170 3460 1239 3524 Virg.
1261 3460 1316 3508 Ecl.
1338 3461 1382 3515 rii.
1408 3464 1452 3518 41,

295 3537 337 3586 pro
356 3529 390 3570 ter
401 3521 528 3572 utilitatem
538 3522 661 3573 toleranda
668 3530 692 3572 et
702 3522 857 3572 admittenda.
889 3523 959 3570 Imoe
976 3541 988 3571 o
999 3525 1092 3571 Sardois
1101 3527 1181 3573 sidrac
1189 3527 1233 3572 tibi
1242 3527 1346 3571 amarior
1357 3526 1443 3574 herbis.

345 3585 386 3640 69,
398 3586 455 3634 370.
474 3588 698 3649 Cornsltnsjurr'sct
713 3597 777 3636 octor
794 3588 856 3635 Coss-
921 3541 979 3635 375.
998 3589 1068 3644 Daci,
1081 3587 1105 3635 in
1116 3588 1214 3636 multam
1231 3597 1325 3636 noctem
1341 3588 1452 3652 produci,

295 3665 385 3696 soram:
397 3665 451 3698 cum
459 3651 645 3715 jurisconsultus
656 3666 670 3698 a
681 3665 808 3699 causarum
817 3666 857 3699 ac·
888 3649 990 3708 extrahi,
1002 3652 1038 3700 ati
1050 3651 1100 3699 fieri
1110 3652 1203 3700 solebat
1212 3652 1238 3699 in
1248 3650 1383 3716 splendidis
1392 3667 1452 3702 oau-

296 3719 347 3761 tora
363 3727 412 3760 non
426 3713 552 3781 discrepet,
564 3725 586 3764 st
597 3730 639 3779 pro
653 3715 770 3780 particula
781 3714 857 3825 expli·
889 3713 968 3762 viriis.

296 3775 375 3825 estiva
391 3776 432 3840 (ut
447 3795 502 3844 sup.
519 3781 568 3828 230
584 3781 653 3826 males
670 3787 692 3826 et
705 3779 803 3842 inania)
831 3793 857 3826 a·
922 3779 980 3834 379,
996 3780 1054 3827 330.
1076 3779 1166 3828 Ladan
1183 3782 1311 3842 quiessent
1330 3781 1452 3842 rett.qui

294 3839 374 3889 banda
385 3850 430 3890 eat.
888 3858 936 3890 non
947 3841 1032 3889 didicit
1044 3849 1143 3891 tractare
1159 3857 1235 3897 mma,
1250 3842 1452 3906 quibusisrvenes

329 3904 386 3953 371.
404 3905 520 3954 Messcle:
537 3904 567 3954 de
583 3906 621 3954 Μ.
639 3905 737 3954 Valerio
753 3905 857 3955 Corvino
888 3905 976 3954 ludunt
986 3914 1010 3953 et
1020 3921 1045 3954 se
1055 3915 1165 3955 exerrent
1178 3907 1204 3954 in
1215 3921 1299 3970 campo
1310 3906 1409 3962 Martio,
1421 3907 1454 3954 iis

296 3968 405 4018 Messala
424 3971 456 4017 cl.
477 3985 505 4017 su
525 4005 531 4019 .
553 3969 583 4017 ad
607 3970 657 4017 Sat.
676 3968 692 4025 i,
713 3971 752 4024 10,
771 3971 813 4024 29,
833 3977 859 4017 et
890 3969 1009 4018 abstinet:
1027 3969 1057 4017 de
1075 3969 1112 4017 his
1128 3969 1192 4019 ludis
1207 3980 1232 4019 et
1241 3969 1453 4019 exercitationibus

297 4032 379 4096 lieyn.
391 4031 421 4080 ad
434 3985 553 4090 Tibulli,
570 4035 594 4089 3,
613 4035 634 4079 1.
669 4033 793 4081 Cascellius
804 4034 854 4080 Aa·
887 4032 1083 4107 gymnasticiscl.
1093 4049 1148 4099 sup.
1161 4033 1210 4082 Od.
1222 4034 1239 4088 i,
1256 4036 1281 4089 3,
1293 4033 1336 4080 nbi
1347 4032 1378 4082 de
1387 4037 1451 4082 diseo

297 4096 341 4150 lus,
358 4095 420 4159 juris
437 4096 546 4145 rudentis
566 4103 616 4144 tum
639 4096 741 4145 maxime
759 4111 818 4144 cons
835 4097 854 4132 ‘-
888 4097 938 4146 srd.
956 4095 986 4145 sd
1002 4114 1027 4144 v.
1044 4099 1120 4152 ll‚et
1131 4096 1161 4147 de
1170 4097 1349 4145 trocloadOd.
1359 4097 1395 4152 iii,
1407 4100 1450 4155 24.

295 4172 369 4206 cous:
387 4159 411 4206 vi
429 4195 436 4209 .
453 4161 510 4209 Val.
528 4161 597 4208 Max.
614 4159 664 4216 viii,
684 4162 798 4216 12‚1‚et
828 4175 857 4208 ea
888 4163 930 4210 57.
964 4161 1451 4226 Indartaspileffistspocopor'pafiqai-

295 4221 362 4269 adh.
374 4223 393 4270 l.
888 4229 941 4273 escit
961 4224 1102 4284 (κάθηται),
1120 4240 1199 4290 neque
1215 4225 1271 4290 pile
1290 4239 1368 4288 neque
1383 4225 1453 4274 disco

328 4286 385 4334 372.
404 4285 556 4335 Mediocriter
564 4302 608 4334 esse
618 4287 792 4348 poetis,Groeca
799 4303 857 4336 eon·
890 4304 976 4336 manus
986 4287 1105 4337 admovet.

293 4348 408 4397 structio:
429 4349 478 4398 vid.
489 4366 543 4415 sup.
555 4349 585 4398 ad
597 4351 648 4397 Sat.
660 4349 677 4407 i,
691 4352 713 4408 l,
729 4351 767 4398 19.
924 4353 981 4401 331.
997 4351 1077 4414 Spisso
1087 4369 1182 4410 mone,
1193 4353 1319 4401 condensa
1330 4359 1450 4417 spectato-

328 4412 385 4461 373.
405 4413 527 4470 Columnis,
546 4412 691 4477 bibliopola,
709 4412 751 4478 qui
769 4414 800 4463 ad
817 4431 858 4464 co·
890 4433 943 4465 rum
960 4414 1070 4464 ludentes
1085 4414 1233 4479 cingentium
1247 4426 1364 4473 ceterum
1379 4419 1452 4478 spissa

293 4473 390 4524 lamnas
400 4477 531 4540 porticuum
541 4477 714 4528 librassenales
725 4478 864 4528 habeasne.
889 4483 969 4528 sedilia
982 4495 1035 4543 sup.
1047 4482 1104 4536 205,
1117 4489 1141 4529 et
1156 4484 1226 4542 spissa
1240 4482 1327 4528 theatro
1341 4480 1422 4544 Epist.
1433 4481 1452 4535 i,
