3150 5200
575 316 740 383 LIBER
763 320 809 396 ll,
837 321 885 383 19.

368 472 456 537 Aula
468 472 600 537 divitem
614 482 721 535 manet

409 574 548 639 Herum.
579 572 686 646 Quid
702 572 788 637 ultra
803 574 932 638 tendis?
977 572 1090 657 AEqua
1104 573 1200 639 tellus

367 674 511 760 Pauperi
524 673 704 739 recluditur

411 774 608 861 Regumque
621 778 750 860 puerit:
774 798 835 841 nec
850 776 980 841 satelles
996 776 1076 841 Orci

303 879 348 942 35
369 877 532 942 Callidum
547 878 743 943 Prometheo

413 980 556 1045 Revexit
570 1003 650 1045 auro
666 992 792 1065 captus.
839 981 905 1045 Hic
921 981 1098 1065 superbum

369 1081 556 1159 Tantalum,
572 1093 670 1165 atque
685 1083 818 1147 Tantali

412 1184 528 1249 Genus
544 1195 689 1262 coercet,
711 1184 765 1250 hic
779 1185 887 1249 levare
901 1184 1048 1249 functum

372 1287 555 1372 Pauperem
568 1287 735 1351 laboribus

284 1388 326 1451 40
413 1389 560 1455 Vocatus
576 1400 674 1472 atque
690 1410 754 1453 non
771 1401 905 1454 vocatus
920 1389 1022 1453 audit.

570 1728 777 1794 CARMEN
803 1730 901 1795 XIX.

542 1944 596 1991 IN
641 1942 919 1992 BACCHUM.

373 2102 542 2167 Bnccuuu
557 2105 591 2167 in
605 2103 737 2167 remotis
752 2104 894 2166 carmina
908 2102 1045 2186 rupibus

373 2206 454 2271 Vidi
470 2206 651 2282 docentem,
668 2204 804 2285 (credite
818 2204 941 2288 posteri
950 2204 972 2285 l)

415 2307 653 2392 Nymphasque
669 2308 844 2383 discentes,
861 2317 894 2369 et
908 2328 1004 2370 auree

462 2410 684 2495 Capripedum
700 2406 890 2491 Satyrorum
905 2418 1028 2471 acutea

157 2574 175 2624 J
179 2590 248 2639 unge,
265 2574 341 2624 Nullo
360 2584 435 2625 tom
454 2578 511 2625 nula
528 2587 604 2626 manet
623 2579 717 2626 diuitem
749 2574 924 2642 αἱμυλομῆτιν.
952 2576 1047 2624 Ηιιιαιι
1060 2591 1119 2622 curo
1130 2584 1225 2636 captat:
1241 2572 1311 2622 labu-

156 2641 236 2687 hernm
250 2643 335 2689 certior
350 2643 442 2702 rapacis
458 2641 513 2690 Orci
524 2644 578 2705 fine
593 2645 717 2698 destinata,
750 2641 800 2690 lam
811 2640 842 2690 de
851 2641 898 2689 hoc
909 2640 1005 2695 callido,
1016 2655 1065 2704 quo
1076 2638 1233 2688 Prometheus
1244 2637 1310 2688 Cha·

157 2703 335 2753 balneorum
350 2703 479 2754 inferorum
489 2705 613 2755 destinatis
628 2706 718 2769 cuique
751 2714 851 2762 mntem,
862 2715 889 2754 ιιι
905 2721 932 2754 te
946 2705 1076 2759 reveheret,
1087 2719 1146 2752 auro
1162 2717 1312 2766 corrumpere

156 2767 262 2826 finibua3
282 2785 326 2844 pro
341 2769 444 2832 vulgari,
461 2786 523 2819 mora
537 2779 618 2819 tamen
634 2769 719 2818 divites
750 2771 860 2826 tentavit,
882 2770 992 2826 coneilio,
1015 2767 1078 2817 haud
1102 2767 1176 2816 dubie
1201 2765 1313 2815 tractarit

154 2831 215 2880 iatoa
225 2840 250 2882 et
258 2834 360 2898 inynatne
371 2833 478 2882 hominen
489 2842 570 2884 manet
579 2833 718 2883 certissime.
751 2842 823 2900 poete
833 2836 943 2892 Graecus,
952 2849 1024 2898 quem
1037 2832 1151 2881 Horatiae
1160 2840 1257 2880 eecutns
1266 2838 1312 2878 eat.

157 2897 207 2944 Pro
221 2899 275 2962 fine
296 2905 344 2946 tres
363 2897 441 2947 Codd.
461 2898 596 2963 Cruquiani
614 2905 639 2947 et
656 2914 720 2946 unua
751 2899 888 2962 Superbum,
898 2898 1007 2947 divitem.
1040 2896 1135 2944 Tantali
1144 2911 1227 2960 genae,
1239 2894 1312 2943 Pelo·

157 2961 222 3025 apud
233 2961 318 3010 Bentl.
330 2960 523 3012 Zulichemianun
539 2963 649 3018 offerunt,
660 2965 719 3012 ude.
782 2980 816 3022 m,
833 2964 943 3018 Atreum,
960 2963 1174 3026 Agamemnonem,
1192 2960 1311 3012 Omnem,

156 3025 205 3073 Sed
220 3025 273 3074 haec
289 3026 361 3074 lectio
377 3025 461 3074 habuit
475 3027 573 3076 sonasse
589 3035 718 3082 auctorem,
779 3032 801 3075 ic
817 3030 901 3082 tenore,
918 3035 990 3075 cett:
1009 3026 1094 3089 junge,
1112 3025 1150 3071 hie
1168 3033 1261 3070 wentae
1280 3023 1312 3067 te·

173 3089 199 3138 ui
209 3089 337 3139 inmunde
347 3090 501 3154 grammatica
514 3100 578 3140 esset
590 3091 718 3139 sollicitus.
750 3109 815 3146 aare,
831 3092 857 3139 h.
874 3108 899 3140 e.
916 3100 943 3139 ut
961 3091 1031 3139 levet.
1067 3087 1162 3134 Vocatur
1180 3096 1247 3148 atque
1266 3101 1312 3131 non

155 3105 224 3202 llam
234 3155 297 3218 finis
306 3153 372 3202 haud
387 3169 439 3202 raro
453 3155 518 3220 apud
531 3155 633 3221 optimos
646 3171 719 3228 quoe·
750 3167 852 3213 mentm,
862 3157 992 3216 κᾶελητος,
1004 3151 1103 3213 deberi.

156 3218 722 3333 liitffl‘i‘i'ffiiiioelblilillmilli
914 3281 1067 3333 eunucu
1084 3281 1158 3330 xrx.

158 3345 286 3394 Ammiani
297 3347 343 3411 Ep.
352 3348 400 3404 xiv,
410 3347 511 3396 Anthol.
522 3349 603 3398 Grec.
611 3349 641 3396 T.
651 3347 686 3403 iii,
696 3364 721 3422 p.
789 3348 881 3397 Bacchi
890 3347 975 3396 lunden
984 3346 1089 3396 camnine
1102 3343 1239 3394 sublimiore
1249 3343 1313 3391 cele-

157 3412 203 3466 95,
215 3409 260 3458 ubi
277 3425 359 3458 arama
374 3411 626 3476 quidam„vicinomm
641 3421 721 3461 terrm·
754 3412 873 3468 bratuma,
888 3412 957 3476 fingit
970 3429 1019 3461 rem
1036 3409 1067 3460 ed
1083 3410 1189 3459 altiorem
1205 3407 1314 3473 spiritum

159 3489 207 3522 nne
226 3488 322 3523 movere
340 3491 419 3532 ausus,
439 3475 470 3524 de
489 3477 569 3525 lutura
586 3477 640 3541 ejus
659 3475 722 3541 apud
755 3476 836 3525 auimo
849 3476 1032 3542 concipiendum
1046 3475 1202 3541 aptissimam.
1235 3473 1265 3520 In
1277 3471 1314 3537 ip·

158 3538 251 3588 interne
273 3548 408 3618 paupertate
429 3539 584 3590 admonetur:
602 3541 660 3592 Κᾶν
681 3539 721 3603 μέ-
755 3556 809 3588 sum
832 3539 955 3589 Bacchum
977 3550 1046 3607 poeta
1071 3538 1175 3597 incidit,
1202 3537 1267 3586 videt
1291 3545 1317 3584 et

227 3600 376 3666 Ἠρακλεοιις
384 3606 485 3666 στηλῶν
495 3605 569 3669 ἔλθῃς
582 3603 723 3671 παρορίζων
755 3604 823 3653 audit
839 3606 940 3654 eumin
960 3621 1020 3671 rupe
1041 3613 1131 3654 remota
1150 3603 1270 3668 Nymphis
1290 3609 1316 3648 et

157 3619 216 3730 {hic
228 3700 236 3716 .
248 3665 313 3730 quod
330 3669 445 3718 Horatius
460 3667 529 3726 dixit,
542 3672 654 3732 proximor
670 3673 724 3732 agri
755 3668 846 3744 Satyris
860 3670 966 3718 carmina
979 3670 1166 3736 precinentem
1184 3675 1264 3731 stupet
1278 3674 1314 3712 at-

159 3734 269 3778 ter-mines
282 3732 417 3794 revellens),
429 3735 480 3793 Γῆς
496 3733 567 3798 μέρος
582 3733 724 3798 iteponere
756 3741 854 3789 temtus,
871 3734 945 3784 sentit
961 3734 1000 3784 dei
1018 3733 1177 3799 praeentiam,
1194 3731 1248 3794 ejne
1269 3745 1315 3777 nu-

160 3797 242 3843 πᾶοιν
258 3794 315 3844 ἴσον
330 3813 356 3846 σε
373 3797 447 3856 μένει.
482 3798 590 3860 Rapacis,
608 3798 643 3847 tic
660 3797 724 3864 apud
756 3798 820 3847 mine
833 3797 953 3863 impletur,
966 3799 1031 3853 furit,
1042 3807 1067 3846 et
1080 3797 1156 3862 ipsius
1170 3797 1218 3852 dei,
1229 3794 1273 3906 tyni
1290 3793 1317 3840 in

160 3859 261 3908 Callim.
272 3861 320 3925 Ep.
329 3859 356 3916 ii,
367 3863 391 3917 6,
403 3860 487 3922 Ἀΐδης
496 3861 637 3928 ἁρπακτὴρ.
755 3863 810 3926 ejus
819 3876 902 3927 ροιιιιε
912 3862 1111 3917 descenderunt
1121 3861 1157 3908 las
1165 3868 1224 3915 erat,
1242 3857 1317 3906 ander

195 3925 301 3972 tta-40.
320 3925 561 3979 Quidultrntearlr'e?
592 3928 643 3977 Cur
657 3942 723 3991 spem
756 3926 829 3974 canit.
863 3927 937 3975 Canit
951 3926 1024 3990 igitur
1034 3926 1135 3990 primunr
1150 3931 1199 3970 tem
1213 3935 1316 3974 summa,

161 4001 248 4035 venam
260 3988 325 4036 ultra
334 3989 389 4038 vite
398 3991 524 4039 terminum
535 3993 665 4056 prorogas?
681 4007 725 4038 cur
755 3991 846 4054 quibua
856 3990 898 4038 ille
907 3990 960 4056 pios
970 4005 1089 4037 sacrorum
1103 4003 1199 4036 suornm
1212 3985 1318 4034 cultores

161 4052 234 4100 rebus
254 4050 363 4102 intentur
383 4069 417 4111 ea,
437 4054 525 4118 quibua
546 4055 590 4104 tibi
611 4054 724 4103 morituro
756 4062 854 4109 mactet,
875 4053 999 4109 laneficin,
1022 4069 1095 4116 quam
1116 4065 1200 4114 graves
1222 4063 1318 4117 poenaa,

161 4115 209 4163 frui
225 4131 274 4163 non
290 4115 365 4166 licet!
399 4119 475 4182 AEqun
490 4121 557 4167 tellas
571 4119 672 4182 Pauperi
686 4137 723 4167 re·
756 4117 846 4182 quihus
866 4117 930 4165 idem
953 4132 1073 4165 sacrorum
1094 4129 1190 4164 anonim
1211 4124 1317 4165 contem-

161 4181 269 4228 ctudr'tar
281 4181 415 4244 regemque
429 4187 523 4246 puerit:
541 4184 609 4232 aliter
623 4183 724 4232 eandem
756 4190 828 4238 toree,
839 4181 1009 4231 ntPentheum
1020 4189 1045 4228 et
1055 4182 1202 4245 Lycurgum,
1214 4179 1318 4236 afficiat3

162 4245 305 4293 sententiam
318 4261 346 4294 er
365 4247 612 4312 ressitaup,i,4,13.
640 4247 724 4295 Recta·
757 4246 844 4295 deinde
859 4245 997 4302 maximnm,
1011 4259 1060 4309 qua
1072 4243 1203 4293 sevissima
1218 4258 1319 4308 queque

163 4311 239 4364 ditur,
252 4324 288 4358 sc.
296 4263 449 4374 sepeliendis.
477 4312 573 4360 Satelles
585 4313 649 4366 Orci,
659 4312 724 4360 Chn—
757 4311 996 4376 domet,pntentiam;
1013 4318 1065 4358 tum
1075 4308 1192 4373 insignem
1198 4308 1318 4363 virtutem,

163 4373 409 4488 llirllbssllll
427 4375 680 4490 hliidirli'tl*
701 4379 729 4498 t
760 4373 1321 4490 ttttltt-²tt³tti⁰ttt„tlt¹trttt

164 4498 276 4561 ἓιὴκονος
302 4502 397 4552 dicitur.
412 4457 573 4563 ’pcaltidum
602 4458 727 4561 ruffin,
760 4506 820 4556 adeo
836 4505 857 4554 ei
874 4477 937 4572 apoll
953 4457 1041 4555 inscios
1057 4501 1186 4570 prestitum
1199 4504 1319 4554 bonorem.

730 4574 765 4620 12
