3150 5200
292 335 357 401 362
704 334 1027 405 SATIRARUM

377 484 515 549 Canidia
529 484 656 565 Albuti,
672 489 792 572 quibus
805 502 857 555 est
871 493 1011 571 inimica,
1026 515 1202 575 venenum

377 586 513 652 Grande
528 587 646 651 malum
660 588 790 669 Furius,
807 593 929 676 siquid
945 617 980 659 se
989 595 1102 677 judice
1117 608 1234 662 certes.

312 688 355 749 50
376 687 434 764 Ut,
450 710 515 771 quo
530 690 668 773 quisque
683 691 778 770 valet,
793 706 964 777 suspectos
978 706 1111 775 terreat,
1126 709 1226 782 utque

376 788 519 873 Imperet
532 790 595 855 hoe
611 791 740 855 Natura
755 805 882 877 potens,
900 797 946 860 sic
961 797 1077 883 collige
1092 822 1234 864 meeum:

375 890 487 956 Dente
501 892 609 977 lupus,
624 915 726 959 cornu
741 906 854 959 taurus
867 900 967 980 petit:
991 898 1090 975 unde,
1107 900 1169 963 nisi
1183 901 1271 963 intus

375 992 615 1057 Monstratumt
661 994 782 1059 Seaevae
798 997 941 1063 vivacem
954 1000 1051 1065 crede
1066 1002 1179 1085 nepoti

375 1094 538 1173 Matrem3
562 1096 606 1159 nil
621 1096 717 1161 faciet
733 1098 864 1163 sceleris
878 1100 933 1183 pia
949 1099 1096 1178 dextera,
1112 1101 1240 1183 (mirum

310 1196 352 1257 55
375 1195 422 1259 Ut
437 1218 542 1279 neque
558 1197 645 1261 calce
660 1197 757 1281 lupus
773 1220 968 1283 quenquam,
983 1224 1090 1286 neque
1105 1204 1202 1269 dente
1217 1206 1301 1289 petit
1313 1206 1376 1271 bos
1389 1206 1413 1288 3)

375 1296 441 1361 Sed
457 1296 540 1360 mala
555 1296 646 1361 tollet
660 1319 757 1362 anum
772 1301 885 1365 vitiato
899 1301 992 1365 melle
1008 1304 1125 1368 cicuta.

373 1398 428 1463 Ne
443 1399 575 1483 longum
589 1398 721 1463 faciam:
746 1422 805 1464 seu
819 1424 870 1465 me
885 1402 1058 1487 tranquilla
1073 1416 1224 1470 senectus

374 1499 567 1582 Exspectat,
584 1521 642 1563 seu
658 1500 751 1563 Mors
767 1502 846 1564 atris
862 1504 1070 1568 circumvolat
1085 1506 1156 1583 alis,

372 1601 486 1678 Dives,
501 1601 611 1684 inops3
636 1601 761 1677 Romae,
779 1624 848 1679 seu,
864 1602 946 1667 Fors
962 1605 1007 1668 ita
1017 1606 1164 1689 jusserit,
1180 1609 1291 1688 exsul;

307 1704 350 1766 60
372 1702 531 1786 Quisquis
546 1704 608 1766 erit
624 1704 707 1780 vitae,
725 1705 875 1779 scribam,
890 1705 990 1769 color.
1038 1708 1071 1770 Ο
1086 1730 1180 1791 puer,
1196 1720 1232 1773 ut
1245 1710 1289 1772 sis

370 1803 500 1881 Vitalis,
516 1814 641 1882 metuo;
665 1816 709 1881 et,
725 1806 883 1887 majorum
897 1828 938 1871 ne
953 1808 1026 1891 quis
1041 1810 1163 1875 amicus

369 1905 504 1989 Frigore
519 1915 552 1968 te
567 1904 672 1969 feriat.
718 1905 831 1980 Quid?
854 1929 954 1990 quum
968 1920 1019 1973 est
1034 1910 1180 1976 Lucilius
1196 1933 1295 1975 ausus

367 2006 495 2071 Primus
510 2008 543 2071 in
557 2006 645 2071 hunc
660 2009 767 2091 operis
783 2030 976 2090 componere
991 2012 1132 2076 earmina
1146 2034 1278 2090 marem,

283 2141 391 2207 (videde
405 2141 838 2207 eainrlrgum.ed1·3pod.5)mini·
871 2140 944 2207 impie
965 2142 1049 2193 dextra
1071 2142 1206 2200 occidisset,
1227 2143 1350 2192 ostendere
1371 2145 1431 2193 vult.

283 2217 349 2255 tatur
365 2222 475 2254 venenam
493 2208 584 2263 Albuti,
601 2204 626 2254 h.
639 2222 662 2255 e.
678 2204 742 2269 quali
760 2203 839 2253 Albu·
872 2202 985 2255 Ceterum
1001 2207 1064 2272 quod
1082 2206 1112 2255 de
1129 2216 1221 2256 nature
1270 2208 1347 2256 tentia
1363 2207 1432 2257 affert

282 2270 330 2319 tius
350 2270 417 2318 uxori
439 2286 488 2319 sue
511 2280 609 2318 mortem
629 2284 723 2334 parasse
742 2268 839 2317 dicitur.
871 2271 985 2333 poeta,id
1003 2271 1196 2335 insequentibus
1253 2272 1369 2337 seipsum
1379 2272 1432 2323 sira

284 2334 340 2383 Vet.
352 2334 444 2391 Schol,
455 2336 492 2382 bic
501 2337 561 2381 enirn
572 2334 680 2383 Albutius
691 2350 773 2382 venena
783 2350 839 2381 aro·
871 2332 902 2381 sd
920 2335 1043 2384 satirarum
1058 2335 1237 2385 scribendarum
1254 2336 1286 2383 im
1318 2336 1432 2391 tum,cui

281 2414 328 2445 cern
343 2401 533 2459 soampcrcraissc
546 2400 644 2447 dicitur.
678 2398 772 2445 Grande
789 2415 838 2444 ma·
871 2398 977 2447 resistere
1001 2407 1112 2463 nequeat,
1130 2398 1249 2447 transfert.
1283 2353 1330 2447 dir
1349 2400 1431 2447 omnia

283 2460 331 2508 lom
343 2460 439 2515 Furias,
451 2468 508 2509 cett.
542 2460 635 2517 Furius,
648 2460 702 2509 siin
713 2476 787 2509 cansa
799 2470 841 2509 tue
871 2463 1235 2527 autemerprimereroluithac:
1249 2471 1429 2511 naturaunum-

280 2524 355 2586 juder
366 2524 454 2579 sedeat,
463 2527 554 2587 grands
568 2526 654 2573 malam
664 2524 838 2587 (tristissimum
871 2541 941 2589 quem
960 2544 998 2586 ue,
1018 2526 1104 2591 quibus
1125 2542 1150 2575 se
1169 2526 1289 2581 defendat,
1310 2526 1348 2574 vel
1369 2526 1429 2577 alios

282 2603 361 2636 cauae
384 2596 431 2635 tuse
452 2586 587 2651 eventum),
605 2596 691 2654 repete,
709 2588 838 2638 minitatur.
871 2604 929 2664 aggr
960 2590 1028 2648 'atnr,
1036 2590 1107 2640 armis
1117 2590 1241 2650 instruxit;
1258 2608 1295 2639 mc
1304 2589 1429 2642 satiramm

282 2651 362 2700 Schol.
373 2653 458 2716 Cmq„
471 2653 497 2699 C.
513 2651 626 2700 ilar-ciam
636 2653 658 2700 F
657 2657 735 2701 urium
746 2655 835 2718 signifi·
887 2655 957 2703 mbas
968 2655 993 2702 in
1003 2655 1059 2703 vitia
1071 2655 1194 2702 hominum
1205 2654 1310 2712 invehar,
1319 2653 1427 2703 scriben-

281 2726 319 2764 cat
333 2719 439 2779 judicent
458 2718 661 2778 corruptissimum,
685 2721 724 2778 qui
745 2727 837 2779 accepta
869 2670 952 2765 datum
969 2719 1083 2767 facultate
1098 2717 1228 2779 instmxit;
1245 2734 1298 2781 ergo
1312 2717 1428 2766 scribam.

279 2784 378 2842 mannia
399 2798 439 2842 pro
461 2783 506 2828 reis
526 2781 677 2840 praenuntiare
696 2783 727 2826 sit
747 2783 835 2828 solitus.
868 2781 963 2830 Scaeua:
991 2783 1071 2832 schot.
1094 2783 1179 2848 Cruq„
1199 2784 1272 2830 Scaea
1294 2783 1429 2830 isauriasus

281 2843 338 2892 Rem
349 2845 451 2908 aliquam
467 2859 516 2908 pro,
531 2845 558 2892 dc
574 2845 689 2905 malique
701 2855 798 2898 certare,
810 2854 836 2894 nt
868 2849 961 2906 quidam
967 2847 1033 2910 suit,
1044 2849 1083 2909 qai
1094 2856 1189 2894 matrem
1200 2850 1255 2894 dato
1264 2862 1345 2894 ueneno
1357 2863 1427 2893 ncca-

281 2907 324 2957 inf.
342 2908 367 2966 ii,
384 2911 408 2966 5,
426 2910 466 2966 27,
480 2909 569 2971 Magna
585 2909 684 2954 minorve
693 2908 750 2971 jera
765 2911 785 2955 si
802 2926 837 2959 res
867 2909 910 2963 uit,
929 2922 1049 2973 propterca
1068 2913 1126 2972 quod
1144 2913 1165 2958 ci
1184 2913 1250 2958 nimis
1269 2913 1312 2958 din
1329 2911 1427 2960 viveret.

280 2976 406 3022 certabitur
414 2975 475 3020 atina.
497 2975 587 3020 Sensus
598 2979 621 3019 et
630 2986 705 3019 nexus
716 2972 837 3034 sequentis
871 2971 988 3022 Vivaccm:
1005 2977 1072 3022 visas
1083 2974 1135 3046 Jarn
1145 2974 1170 3022 in
1199 2974 1275 3038 ropria
1285 2971 1427 3036 significati-

280 3046 305 3085 et
323 3037 394 3103 paulo
414 3036 566 3102 impeditioris
584 3035 631 3084 loci
654 3035 709 3084 inde
731 3050 745 3082 a
764 3052 787 3082 r.
804 3039 836 3084 50
868 3050 922 3091 ons,
944 3037 974 3085 de
1003 3054 1031 3086 eo
1052 3053 1092 3085 cus
1113 3037 1163 3085 rita
1182 2992 1279 3102 longior
1301 3035 1428 3100 confingit.

281 3099 603 3176 usqueadb'iestferehic:
631 3099 836 3162 quomodannus·
869 3100 959 3157 Verba,
967 3104 1053 3148 miram
1062 3117 1138 3175 usque
1150 3101 1181 3148 ad
1191 3101 1427 3166 petitbasparentbe·

280 3181 382 3230 quisque
393 3165 430 3220 iis,
439 3165 527 3229 quibus
536 3162 607 3216 valet,
614 3161 704 3210 viribus
712 3173 837 3230 suspectos
868 3178 921 3210 seos
931 3163 1006 3228 signis
1014 3164 1119 3212 distinxi.
1142 3165 1227 3212 Vitiata
1239 3166 1312 3220 melle,
1320 3163 1426 3214 admixto

279 3239 304 3277 et
314 3231 359 3278 sibi
370 3229 468 3278 infestos
478 3235 602 3281 terrester
612 3227 729 3290 quomodo
741 3235 834 3287 natura,
867 3225 948 3284 melle,
992 3229 1117 3277 reiculam
1126 3228 1218 3276 vitiato.

247 3295 350 3364 'cujus
368 3309 455 3356 magna
472 3299 508 3340 est
521 3291 555 3338 vis
572 3297 595 3338 et
612 3290 778 3354 potentiales
795 3294 834 3355 (se
899 3293 939 3338 58.
986 3310 1022 3339 arc
1033 3296 1091 3340 atris
1100 3295 1249 3342 circumvolat
1260 3293 1313 3338 alis.
1341 3292 1427 3352 Morti,

279 3357 403 3406 defendere
421 3365 504 3406 contra
523 3353 658 3420 suspectos)
678 3354 783 3419 imperet,
804 3356 834 3406 de
866 3362 894 3402 ut
909 3355 956 3403 diis
972 3355 1079 3421 plurimis
1098 3356 1128 3405 ad
1146 3356 1302 3410 celeritatem,
1321 3371 1371 3419 qua
1390 3355 1427 3404 illi

279 3419 325 3469 bac
338 3438 362 3470 re
377 3421 411 3468 ita
426 3435 519 3468 mecum
536 3417 627 3483 cogita:
646 3417 835 3484 iupusdenteet
865 3418 955 3482 ubique
979 3419 1074 3478 adsunt,
1096 3420 1267 3484 designandam
1291 3419 1427 3468 tribuuntur

280 3493 361 3532 taurus
371 3499 444 3532 cornu
456 3499 496 3548 pro
509 3482 579 3531 annis
589 3482 663 3530 utitur
672 3500 679 3540 3
697 3483 791 3546 (rande)
802 3500 832 3533 ex
865 3482 919 3538 alae,
930 3493 956 3531 et
964 3484 1061 3548 quidem
1071 3485 1143 3532 Morti
1154 3483 1323 3532 convenienter
1332 3493 1399 3531 atre.

278 3547 433 3611 quatandem
449 3562 522 3596 causa
537 3546 592 3604 alia,
606 3545 650 3594 nisi
661 3549 726 3611 quad
740 3547 834 3597 interna
897 3548 938 3595 59.
957 3549 1035 3605 Dives,
1055 3556 1113 3596 cett.
1146 3550 1194 3596 Seu
1215 3546 1281 3595 dives
1299 3562 1363 3600 sum,
1381 3563 1425 3596 seu

278 3622 368 3660 nature
378 3611 411 3660 vis
420 3611 504 3676 lupum
515 3619 539 3659 et
549 3619 643 3659 tannim
655 3610 726 3658 armis
738 3611 787 3660 illis
797 3611 832 3660 uti
865 3610 942 3684 inops,
951 3627 993 3660 seu
1004 3611 1057 3660 vivo
1069 3613 1164 3666 Rome,
1176 3627 1227 3669 seu,
1238 3610 1258 3658 si
1269 3610 1316 3658 fors
1327 3610 1361 3657 ita
1369 3611 1424 3675 jus·

277 3675 375 3724 docuiti
408 3683 433 3723 st
458 3677 541 3724 Scoeva
559 3675 630 3724 annis
650 3691 664 3723 a
683 3684 767 3724 natura
786 3675 832 3724 sibi
864 3683 927 3731 sent,
944 3676 1013 3724 exsul
1029 3690 1090 3724 sum.
1123 3676 1164 3724 Ad
1172 3677 1272 3738 jusserit
1288 3673 1425 3738 supplenda

276 3739 346 3797 datis,
359 3739 455 3788 dextera
468 3737 567 3794 scilicet,
580 3738 667 3787 advim
686 3729 832 3787 inferendam
864 3747 900 3786 est
917 3739 1004 3787 omissa
1073 3739 1135 3788 'cula
1152 3743 1181 3796 si,
1198 3747 1226 3787 ut
1243 3739 1268 3786 in
1285 3738 1423 3794 vernacula,

277 3819 325 3852 non
343 3804 433 3862 utitur;
457 3803 525 3852 crede
543 3803 607 3852 enirn
624 3802 663 3850 isti
680 3803 769 3851 homini
790 3819 831 3852 ne·
865 3804 998 3851 willardus
1023 3803 1167 3852 'bicbsalsn

276 3884 348 3934 quam
368 3878 392 3917 et
409 3867 506 3933 prodiga
523 3877 630 3923 matrem,
647 3866 737 3915 diutius
759 3883 833 3932 quarn
897 3868 1002 3916 fio-6⁸2.
1022 3867 1079 3914 Vita
1096 3869 1165 3924 calor,
1179 3867 1235 3915 vitre
1246 3865 1360 3920 conditio,
1373 3875 1423 3914 sta·

276 3942 343 3998 optat
363 3933 489 3988 viventem,
503 3947 550 3978 noa
566 3934 604 3993 pia
623 3931 725 3996 (homini
742 3932 829 3980 sceles-
862 3939 910 3986 tus,
928 3930 1036 3979 fortuna:
1055 3929 1098 3978 inf.
1113 3930 1191 3995 Epist.
1206 3929 1223 3987 i,
1237 3930 1276 3987 17,
1288 3931 1330 3984 3³,
1342 3929 1423 3976 Omnis

276 3999 364 4047 tissima
395 4013 436 4062 per
462 3994 617 4060 antiphrasin,
647 4004 674 4042 ut
701 3994 832 4060 loquuntur
862 3998 1006 4058 Aristippum
1022 3994 1100 4044 decuit
1114 3997 1184 4050 ector,
1201 4003 1223 4041 ct
1239 4003 1322 4050 statas,
1337 4003 1360 4040 ct
1376 4009 1422 4040 res.

277 4061 442 4118 Grammatici,
459 4063 498 4122 pia
514 4063 594 4108 dcrtra
611 4058 736 4120 tribuitur)
749 4061 831 4107 ianm
864 4061 884 4107 0
903 4076 970 4121 puer,
994 4070 1022 4107 ut
1046 4061 1084 4114 cis,
1107 4067 1163 4107 cett.
1195 4057 1322 4106 Trebatius
1345 4055 1422 4103 roluit

275 4128 354 4176 scelus
364 4127 435 4186 faciet
446 4123 545 4184 (mirum
556 4139 623 4178 sane,
634 4121 751 4187 quomodo
762 4123 831 4172 aliter
862 4123 949 4179 dicere,
960 4123 1059 4178 Vereor,
1067 4121 1195 4178 Horatiae
1204 4119 1336 4169 scribendis
1343 4119 1422 4166 satiris

275 4201 349 4258 agunt
363 4187 552 4243 animalia‚dum
571 4203 649 4252 neque
665 4187 736 4251 lupus
764 4204 829 4235 nem-
862 4187 963 4252 gratiam
984 4186 1122 4242 amicorum,
1142 4195 1171 4234 ut
1187 4184 1340 4238 blateratis,
1362 4191 1420 4232 cett.

275 4272 346 4320 quam
361 4255 436 4310 calce,
448 4252 490 4300 sed
506 4251 585 4308 dente,
598 4267 674 4314 neque
691 4253 735 4298 bos
747 4203 829 4310 dente,
862 4251 963 4316 perdas;
980 4268 1021 4325 pra
1036 4267 1065 4300 eo
1078 4249 1146 4303 dixit,
1159 4261 1242 4305 metuo,
1254 4259 1282 4296 at
1291 4252 1321 4295 sis
1330 4249 1420 4302 vitatis,

274 4319 401 4370 sedconm
415 4314 528 4378 invadit),
541 4314 583 4364 sed
592 4330 685 4363 veneno
698 4331 770 4363 anum
787 4333 828 4365 ne·
862 4332 934 4377 poert
959 4315 1053 4364 scilicet
1073 4331 1121 4362 non
1142 4312 1238 4370 medici,
1262 4321 1290 4360 ut
1309 4312 1422 4359 observat

273 4383 346 4434 cebit.
370 4381 483 4432 Horatius
495 4395 543 4428 non
554 4379 632 4428 elevat
642 4380 719 4429 scelus
730 4381 828 4436 Sceve,
863 4379 1165 4443 Barterus,sedparentes
1176 4385 1201 4426 et
1212 4377 1254 4424 slii
1264 4376 1307 4440 qni
1319 4389 1420 4440 puerum

273 4447 337 4521 qnod
348 4447 391 4497 iste
407 4455 506 4496 matrem
518 4459 610 4494 veneno
625 4443 826 4509 occiditsedpo-
860 4443 965 4508 aliquem
983 4460 1024 4508 pro
1044 4452 1113 4492 oetate
1131 4440 1201 4489 nimis
1222 4439 1372 4505 ingeniosum
1396 4447 1421 4487 et

274 4523 320 4560 trus
335 4511 394 4561 illud
412 4527 478 4574 nque
495 4525 565 4572 grave
581 4524 641 4565 esse,
653 4524 680 4557 ac
693 4509 713 4556 si
730 4519 827 4557 matrem
860 4516 957 4558 acutum
979 4506 1179 4561 animadvertunt,
1199 4503 1279 4554 dicere
1300 4504 1420 4558 solebant,
