3150 5200
561 340 725 406 LIBER
749 341 776 418 l,
800 342 831 405 7.

544 561 750 629 CARMEN
774 561 854 627 Vll.

422 762 480 810 An
502 759 738 808 MUNATIUM
759 757 979 808 PLANCUM.

294 904 513 969 Laumsauur
525 900 579 964 alii
593 899 712 965 claram
727 899 884 976 Rhodon,
900 909 956 962 aut
972 897 1163 982 Mitylenen,

338 1002 409 1069 Aut
424 1002 594 1088 Epheson,
610 1002 781 1066 bimarisve
797 999 946 1064 Corinthi

297 1103 435 1181 Moeniu,
451 1103 502 1168 rel
516 1102 650 1168 Baccho
664 1101 813 1179 Thebas,
828 1101 880 1166 vel
894 1099 1048 1186 Apolline
1062 1103 1212 1188 Delphos

338 1207 498 1290 Insignes,
514 1216 571 1269 aut
584 1203 746 1268 Thessala
760 1202 898 1288 Tempe.

253 1309 274 1372 5
296 1305 380 1371 Sunt
393 1308 512 1390 quibus
528 1327 627 1370 unum
641 1327 724 1390 opus
739 1317 802 1382 est,
817 1306 949 1371 intacta
963 1305 1107 1371 Palladis
1123 1328 1214 1371 arces

340 1408 489 1473 Carmine
503 1418 664 1493 perpetuo
676 1407 852 1484 celebrare,

294 1509 441 1593 Indeque
454 1511 643 1594 decerptam
658 1506 755 1574 fronti
771 1531 962 1594 praeponere
976 1509 1102 1574 olivam.

340 1609 503 1674 Plurimus
519 1611 553 1674 in
566 1609 706 1674 lunonis
721 1609 877 1676 honorem

291 1830 444 1881 CARMEN
464 1833 525 1883 vn.
717 1847 789 1898 quam
801 1849 832 1882 ex
841 1832 931 1882 mutuis
938 1832 993 1898 ejus
1000 1839 1025 1880 et
1031 1829 1154 1880 Ciceronis
1161 1831 1277 1897 epistolis,

159 1897 191 1944 L.
204 1895 332 1944 Munatius
344 1895 522 1952 Plancus‚cum
534 1897 565 1946 ob
576 1904 684 1946 coutrac·
716 1913 771 1970 qua
783 1905 878 1946 exstant
887 1894 970 1947 iuCic.
982 1897 1029 1961 Ep.
1039 1895 1071 1944 ad
1080 1896 1139 1945 Div.
1147 1895 1189 1952 l,x
1209 1896 1277 1944 intel-

125 1968 175 2008 tam
192 1959 238 2007 sibi
256 1959 322 2024 apud
339 1961 477 2022 Augustum
495 1961 574 2010 dubiae
591 1960 645 2010 fidei
662 1969 687 2010 et
718 1961 759 2024 ligi
778 1969 862 2026 potest.
897 1961 938 2010 Cf.
952 1960 983 2009 de
999 1975 1028 2009 eo
1046 1959 1086 2010 Cl.
1097 1960 1207 2009 Wetrelii
1223 1959 1279 2009 lud.

125 2022 293 2072 inconstantia
309 2023 466 2087 suspicionem
486 2041 533 2072 non
552 2039 636 2090 porum
656 2023 687 2073 de
721 2025 795 2072 Nom.
806 2041 832 2089 p.
844 2025 885 2073 69.

126 2087 212 2136 salutis
239 2103 289 2135 sue
316 2087 442 2136 securitate
470 2098 533 2138 esset
560 2088 686 2146 sollicitus,
756 2089 811 2146 1,2.
830 2088 1042 2135 [laudabantuliit
1059 2103 1108 2135 non
1123 2087 1223 2136 deerunt
1237 2087 1278 2136 alii

127 2160 212 2218 sponte
228 2151 305 2200 solnm
317 2151 422 2200 vemendi
438 2159 463 2200 et
478 2151 503 2199 in
514 2153 626 2201 Graecam
642 2151 685 2200 sli-
718 2151 760 2217 qui
781 2151 890 2207 laudent,
912 2151 1088 2200 commendent.
1117 2151 1158 2200 cl.
1177 2151 1279 2202 Mitscb.

126 2231 202 2280 quam
222 2214 342 2264 civitatem
364 2214 499 2271 secedendi,
519 2226 638 2290 quantum
657 2233 688 2266 ex
719 2215 860 2264 minimam
872 2215 984 2263 Grecam
999 2213 1119 2279 explicat:
1138 2214 1277 2264 laudeutli·

126 2280 174 2327 hoc
192 2278 298 2328 carmine
315 2278 384 2326 nobis
395 2279 507 2342 colligere
518 2281 583 2338 bcet,
596 2279 688 2345 cepisse
719 2278 1139 2344 cet,celebreutperme,estollsut.
1171 2279 1276 2337 Rhodon,

126 2352 219 2392 etcum
235 2343 312 2392 amico
326 2359 370 2392 suo
381 2343 482 2392 Horatio
498 2343 687 2392 communicasse
718 2345 815 2400 clarum,
828 2352 969 2398 mercatura,
982 2342 1081 2399 artibus,
1091 2351 1116 2390 el
1126 2342 1220 2407 pbiloso
1236 2343 1278 2394 bia

126 2406 222 2456 videtur
244 2406 379 2455 confilium.
423 2409 500 2456 Poeta
524 2407 604 2471 igitur,
628 2406 687 2470 quid
718 2415 786 2471 puta.
831 2407 971 2470 Mitylenen,
999 2405 1062 2454 hauc
1091 2405 1162 2454 Lesbi
1192 2423 1222 2455 ur
1252 2424 1277 2454 m

127 2471 177 2519 sibi
185 2469 294 2518 rideatur
303 2470 333 2519 de
342 2471 388 2519 hoc
399 2471 509 2526 consilio,
520 2487 564 2546 per
574 2471 687 2534 ambages
719 2469 805 2519 Cicero
817 2485 923 2534 quoque,
935 2471 961 2517 in
972 2470 1042 2518 Orat.
1054 2485 1077 2518 c.
1089 2469 1159 2518 Rull.
1167 2486 1190 2518 c.
1202 2472 1241 2529 14,
1253 2482 1276 2519 et

127 2543 154 2584 et
164 2533 238 2601 paulo
249 2534 333 2582 tectim
348 2535 372 2582 in
389 2533 435 2584 boc
453 2551 558 2584 carmine
570 2535 685 2584 declarat.
718 2545 815 2589 nutura,
827 2544 849 2581 et
860 2536 1009 2595 demriptioae
1020 2535 1176 2599 edificiorum,
1188 2545 1211 2583 et
1220 2536 1275 2596 pal-

130 2602 167 2649 Ut
185 2614 215 2648 ex
231 2600 288 2648 urbe
302 2599 408 2648 discedat
421 2599 538 2655 Plancus,
551 2600 616 2649 baud
632 2598 686 2663 qui·
718 2602 888 2647 claritudinem
921 2602 970 2646 'mb
984 2600 1167 2647 ambilemrocat.
1201 2598 1276 2661 Ephe-

127 2663 186 2711 dem
210 2663 340 2737 impmbare
358 2662 469 2722 videtur,
491 2664 540 2720 sed,
558 2665 616 2712 dum
638 2679 686 2729 prm
717 2679 776 2720 sam,
789 2664 873 2711 urbem
898 2663 958 2711 oniae
970 2662 1122 2720 maritimam,
1134 2663 1221 2712 Diana
1238 2661 1275 2711 iu-

129 2726 223 2776 Groecis
234 2727 504 2791 mritatibus(quotum
515 2728 616 2792 migrare
626 2728 688 2777 sole-
719 2726 802 2791 primis
817 2726 907 2802 templo
924 2726 1021 2775 claram.
1056 2726 1166 2782 Binaria,
1180 2729 1211 2775 ob
1226 2727 1275 2776 duo

128 2792 190 2839 bant
206 2790 327 2840 securitati
345 2808 395 2839 suia
414 2791 538 2855 timentes)
555 2790 688 2840 Tiburtina
720 2791 804 2845 maria,
815 2792 911 2838 lonium
922 2799 945 2839 et
958 2791 1079 2853 AEgeum,
1092 2790 1180 2854 quibus
1193 2794 1274 2839 Corin-

127 2854 231 2967 raehgipnis
253 2854 416 2965 amopnitatem
429 2856 605 2968 ι,οιοῑιξιιιιισῑιιὰίιῐῂ
619 2855 689 2967 qupsi
720 2853 1276 2969 clippeppIspbmumipoehtcbaiastitassllgitur;

163 2936 178 2967 u
259 2933 296 2975 ns,
318 2934 453 2975 ocum,ur
497 2936 573 2970 aucus
607 2935 650 2968 acc
668 2936 685 2975 ι,
717 2932 755 2966 ei
822 2934 839 2966 n
875 2934 953 2965 amaris
1022 2934 1108 2967 umes
1220 2936 1275 2968 rec.

128 2982 218 3031 letitiae
247 2982 328 3039 atesis,
340 2998 437 3032 munere
448 2983 567 3032 tristitiam
581 2992 606 3031 et
619 2984 686 3032 dolo·
719 2934 1077 3046 61θάλασσος,ἀμφιθάλασσος.
1095 2980 1227 3047 Opuleutia
1238 2984 1275 3031 in-

128 3063 179 3096 rem
199 3048 342 3111 abstergere,
362 3056 387 3095 et
406 3048 436 3095 ad
455 3048 546 3111 quasvis
565 3046 689 3097 toleranda
719 3045 801 3111 primis
808 3046 965 3094 etmultamm
973 3060 1050 3093 rerum
1057 3046 1204 3094 abundantia
1213 3046 1276 3097 hauc

128 3110 238 3160 animum
248 3111 386 3160 confirmare
396 3112 478 3177 possit,
490 3112 561 3175 longe
575 3119 687 3178 opportu-
720 3112 803 3159 urbem
814 3108 920 3158 floruisse
930 3117 1039 3168 constat,
1055 3109 1151 3157 Grec-ie
1161 3112 1228 3158 &cus
1235 3128 1276 3160 vo·

129 3175 219 3224 niorem
239 3175 327 3223 innuit.
361 3175 444 3224 Nesus
460 3176 640 3231 sententiarum,
659 3173 689 3223 de
721 3184 761 3221 cat
772 3174 916 3223 Corinthum
927 3173 991 3221 Flor.
1002 3173 1029 3230 ii,
1042 3173 1082 3221 16.

129 3256 179 3303 quo
191 3239 251 3288 adeo
267 3240 403 3287 laborarunt
416 3240 525 3288 nonnulli
539 3240 687 3305 interpretes,
751 3240 775 3294 3,
788 3241 813 3286 4.
833 3238 937 3285 &celos
954 3236 1046 3284 Bacchi
1066 3236 1165 3300 origiue,
1185 3236 1273 3287 educa·

129 3304 214 3352 utboc
231 3318 328 3352 cannen
340 3318 369 3351 es
384 3302 479 3352 duobus
491 3303 589 3353 diversis
599 3304 688 3352 confla·
719 3300 908 3360 tioue‚etcultu.
925 3303 1043 3363 Apolline:
1059 3300 1179 3367 Apollinis
1187 3304 1276 3368 templo

128 3366 463 3432 tumesseopiuarentur,est
478 3367 589 3416 lerehic:
609 3367 687 3415 “cla·
720 3372 743 3414 et
753 3366 859 3414 oraculo.
884 3366 989 3413 lhessula
998 3365 1089 3427 Tempe:
1106 3365 1191 3414 barum
1199 3382 1275 3416 amoe-

129 3431 236 3479 rissimas
247 3431 348 3480 orecte
362 3430 470 3479 civitates
486 3431 540 3479 aliis
551 3431 689 3480 laudandas
721 3430 872 3478 nissimarum
898 3429 959 3477 iuter
984 3430 1072 3478 Ossam
1097 3437 1122 3478 et
1145 3430 1217 3495 Olym
1235 3448 1276 3479 um

130 3496 254 3560 relinqu03
270 3510 309 3543 me
323 3494 443 3561 precipue
455 3496 559 3545 delectat
574 3494 688 3543 amoenis·
720 3493 851 3543 Thessalia
865 3493 1020 3550 convallium,
1032 3500 1116 3558 prater
1128 3494 1201 3543 Ouid.
1242 3504 1276 3544 et.

130 3559 192 3609 sima
210 3558 311 3607 Tiburni
327 3558 406 3621 regio,
423 3567 450 3607 tu
467 3574 572 3633 quoque,
587 3560 688 3615 Plance,
722 3558 738 3614 i,
757 3559 806 3606 569
823 3572 877 3622 sqq.
889 3558 1020 3606 uberiorem
1036 3557 1217 3622 descriptionem
1234 3558 1276 3609 de·

130 3624 157 3671 in
168 3623 351 3689 capotissimum
359 3622 453 3686 regione
462 3622 535 3672 animi
545 3622 579 3672 tui
585 3623 690 3671 dolorem
720 3622 757 3669 dit
770 3621 862 3670 AElian.
875 3621 907 3669 V.
919 3621 954 3669 Η.
965 3621 1000 3678 iii,
1014 3623 1037 3669 l.

131 3685 251 3751 deponere
303 3686 367 3741 teris,
387 3690 554 3750 (supplectilem
573 3691 632 3735 eslim
649 3697 690 3743 est,
755 3688 779 3743 5,
792 3687 816 3734 6.
833 3685 938 3742 Intacta,
957 3686 982 3732 b.
993 3701 1016 3734 e.
1032 3684 1177 3745 indelibata,
1194 3698 1276 3737 caste.

156 3750 688 3813 mdcomtopratemisltpoeto)eotecon·
722 3751 792 3797 Aroes
810 3749 958 3798 Athenarum
976 3765 1029 3799 nem
1063 3750 1169 3815 ,quibus
1185 3752 1279 3815 prefuit

130 3768 177 3869 ih,
194 3822 219 3861 et
235 3813 321 3877 cogita,
339 3829 387 3862 aon
405 3830 497 3879 semper
514 3815 578 3863 mala
595 3814 690 3871 durare,
722 3814 842 3871 Minerva,
855 3812 919 3861 unde
937 3813 1026 3862 dictai
1077 3822 1114 3863 est
1127 3818 1216 3863 πολιοῦ
1234 3835 1277 3875 oc:

131 3877 176 3926 sed
192 3885 246 3941 post
262 3876 313 3933 illa,
328 3878 389 3926 sicut
404 3886 567 3943 tempestatem
582 3878 635 3927 exci
665 3894 689 3925 re
721 3876 770 3926 vid.
789 3878 878 3951 Caper.
893 3878 995 3926 Observ.
1010 3877 1045 3933 iii,
1059 3880 1097 3935 16,
1110 3887 1135 3926 et
1150 3836 1233 3943 Spauh

130 3940 195 3990 solet
216 3940 338 3997 serenitas,
361 3941 475 3990 latiorem
498 3952 584 3990 sortem
646 3942 689 3990 ire.
722 3942 753 3989 ad
770 3941 905 3989 Callum-in
922 3942 1072 3996 Pallam,
1089 3942 1157 3989 Aroes
1175 3943 1280 3991 Palladis

133 4004 281 4069 Ubicunque
295 4006 380 4062 cavel
395 4006 490 4053 iuturus
504 4022 537 4062 es,
550 4006 606 4055 vino
620 4022 691 4054 curas
722 4014 804 4054 autem
816 4021 858 4069 pro
869 4005 926 4069 ipsis
938 4004 1049 4053 Athenis.
1080 4004 1102 4050 Ρ
1142 4006 1279 4068 etuo,quod

130 4068 554 4127 dilue,etanimumtuumexbilara.
577 4070 692 4135 Exemplo
723 4086 771 4117 uno
784 4077 864 4117 tenore
875 4083 957 4115 omnes
968 4068 1116 4115 Athenarum
1136 4067 1279 4116 audescon·

130 4132 159 4181 in
179 4133 225 4181 hac
246 4148 270 4181 re
290 4132 334 4181 tibi
352 4148 404 4181 esse
424 4141 502 4198 potest
520 4134 622 4190 Teucer,
641 4134 692 4199 qui,
722 4132 826 4200 junctim
837 4139 932 4186 tractat,
943 4130 1043 4195 cyclico.

22 4220 29 4246 ι
130 4195 244 4261 quamvis
265 4196 367 4261 patriam
389 4211 457 4245 suam
478 4196 559 4260 lugere
581 4198 690 4253 debebat,
756 4198 780 4246 7.
798 4196 847 4244 Pro
863 4196 974 4256 audique,
985 4192 1049 4257 quod
1064 4192 1119 4242 inde
1136 4193 1167 4241 ab
1182 4196 1281 4245 Erasmo

130 4270 213 4309 tamen
224 4260 332 4308 animum
344 4260 407 4309 baud
419 4260 590 4326 despondebat,
601 4263 649 4310 imo
661 4261 692 4310 ad
724 4260 840 4325 plurimas
861 4256 978 4306 editiones
999 4256 1100 4315 obsidet,
1120 4257 1161 4308 Cl.
1180 4259 1282 4309 Mitscb.

23 4330 24 4355 1
130 4324 216 4373 vinum
228 4339 255 4373 se
266 4324 392 4389 sociosque
401 4340 457 4373 suos
468 4324 500 4373 ad
510 4325 614 4374 melioris
624 4326 694 4375 sortis
726 4332 787 4374 recte
799 4323 824 4372 iu
835 4330 926 4371 textum
941 4336 994 4371 rece
1010 4320 1037 4378 it,
1049 4322 1114 4386 quod
1127 4322 1178 4395 jani
1193 4322 1281 4373 Schra-

129 4387 335 4453 exspectationem
346 4389 493 4438 excitabat.''
526 4390 693 4449 Quamvarius
724 4388 965 4453 deruscouJecerat,i
999 4402 1068 4449 ψη
1085 4386 1284 4438 sicemmomuis

130 4462 156 4501 et
165 4451 305 4501 inconstans
317 4452 388 4501 luerit
394 4453 509 4511 Plancus,
517 4461 565 4502 tam
578 4470 608 4502 ex
616 4453 693 4502 diver·
725 4453 861 4508 difficultas,
871 4466 919 4514 qua
929 4450 954 4498 iu
965 4449 1010 4498 hoc
1021 4450 1074 4499 loco
1085 4450 1226 4518 explicando
1238 4455 1282 4501 mi-

129 4516 243 4581 sicque
254 4516 280 4566 iu
289 4516 412 4583 republica
420 4527 517 4567 secutus
525 4526 569 4577 est,
578 4518 692 4583 partibus,
726 4532 776 4568 sere
792 4534 817 4568 se
834 4524 951 4566 torserunt
968 4514 1114 4581 interpretes,
1133 4524 1222 4567 remota
1239 4528 1284 4569 est.
