3150 5200
299 367 362 429 ms
723 359 1025 426 cnnnrrnum
1098 433 1104 444 ,

734 715 940 781 CARMEN
965 716 1010 780 11.

468 922 662 988 Anousrnn
678 923 778 986 amice
794 920 983 1005 pauperiem
997 921 1067 1004 pati

430 1089 433 1093 ,
467 1026 639 1090 Robustus
655 1025 722 1088 acri
736 1022 850 1086 militia
865 1043 948 1106 puer

510 1128 706 1204 Condiscat;
729 1137 763 1189 et
778 1124 921 1189 Parthos
937 1123 1062 1188 feroces

554 1229 665 1293 Vexet
678 1248 778 1310 eques
794 1226 988 1289 metuendus
1003 1224 1116 1288 hasta:

414 1331 435 1392 5
468 1329 644 1413 Vitamque
660 1328 813 1392 subdivo
829 1328 965 1410 trepidis
978 1338 1054 1411 agat

469 1430 507 1494 ln
522 1433 631 1495 rebus.
677 1430 773 1494 Illum
787 1451 830 1492 ex
844 1429 1006 1492 moenibus
1022 1428 1158 1491 hosticis

513 1531 669 1595 Matrona
682 1531 834 1596 bellantis
849 1533 977 1614 tyranni

555 1633 776 1717 Prospiciens,
792 1642 826 1696 et
840 1631 953 1696 adulta
967 1634 1069 1717 virgo,

468 1735 636 1818 Suspiret:
661 1733 776 1798 Eheu!
801 1756 841 1797 ne
857 1734 948 1797 rudis
964 1735 1130 1818 agminum

407 1837 448 1900 10
469 1836 617 1920 Sponsus
632 1835 770 1900 lacessat
785 1829 895 1919 regius
911 1856 1063 1919 asperum

470 2019 626 2069 CARMEN
643 2018 680 2065 11.
892 2017 1005 2066 virtutum
1022 2015 1227 2066 commendatione
1243 2016 1298 2080 quis
1314 2032 1362 2066 non
1380 2019 1460 2068 sentit

328 2085 392 2133 Cum
405 2083 510 2132 Romani
523 2099 536 2131 a
547 2083 630 2147 priscas
644 2080 778 2147 discipline
793 2095 859 2129 seve-
891 2081 1063 2144 generosiorem
1072 2081 1149 2146 gentis
1161 2081 1279 2129 Romana
1289 2081 1411 2146 spin'tum!
1534 2093 1538 2098 ’

294 2147 364 2197 ritate
404 2147 490 2196 ulatim
498 2148 523 2195 in
532 2146 666 2204 mollitiem,
676 2146 770 2202 luxum,
779 2153 804 2193 et
813 2145 861 2193 alia
926 2147 998 2194 1-6.
1015 2146 1139 2202 Roburtns,
1156 2145 1182 2192 b.
1196 2160 1219 2194 e.
1235 2145 1296 2193 firmi
1312 2145 1459 2222 robustique

295 2211 355 2260 ritia
385 2219 558 2276 egenemssent
577 2219 655 2276 poeta,
671 2211 771 2279 primam
787 2209 861 2274 hujus
892 2209 1005 2274 corporis,
1017 2209 1107 2269 durus3
1124 2209 1252 2320 opponitur
1264 2225 1338 2275 puero
1349 2211 1459 2260 molllter

295 2275 351 2324 mali
371 2276 452 2326 labem
471 2291 487 2324 a
503 2291 612 2341 perversa
629 2274 749 2325 educandi
767 2273 858 2322 ratione
889 2273 990 2322 educato
998 2283 1023 2323 et
1031 2273 1135 2323 terendis
1153 2273 1265 2322 aboribus
1276 2274 1377 2339 impari:
1395 2292 1455 2340 pos-

295 2341 448 2404 repetendam
464 2355 518 2388 esse
536 2354 644 2396 censens,
663 2339 765 2402 graviter
781 2354 812 2402 po
829 2355 857 2386 u·
889 2337 922 2386 sis
937 2353 1032 2403 quoque
1044 2339 1155 2402 jungere,
1172 2341 1275 2386 robustus
1290 2341 1340 2387 acri
1355 2341 1453 2397 militia,

296 2403 358 2452 lares
368 2420 425 2452 suos
438 2411 527 2459 monet,
543 2411 571 2449 ut
586 2403 698 2466 antiquas
715 2402 794 2466 gentis
806 2355 857 2452 llo-
890 2400 915 2449 b.
927 2417 949 2450 e.
967 2402 1045 2450 lactus
1060 2417 1102 2476 per
1118 2417 1197 2452 acrem
1214 2411 1239 2451 et
1253 2411 1373 2452 strenuam
1388 2403 1454 2452 milr-

296 2482 373 2514 manae
392 2466 492 2514 virtutes
507 2465 633 2515 recolendo
650 2482 734 2531 pueros
750 2465 858 2532 inprimis
889 2465 947 2512 tiam
980 2468 1104 2514 robustior.
1148 2469 1277 2530 Angustum
1307 2471 1452 2529 pauper-ianr,

287 2529 441 2593 fortitudini,
457 2532 582 2591 sapientie,
593 2537 618 2578 et
625 2532 695 2594 fidei,
707 2531 858 2580 sanctissime
890 2525 1007 2579 duriorem
1025 2531 1092 2580 illam
1111 2540 1207 2586 sortem,
1223 2546 1271 2595 que
1288 2531 1359 2580 rebus
1370 2532 1395 2579 in
1407 2547 1453 2581 au·

296 2592 322 2641 in
333 2593 372 2651 iis,
382 2610 435 2658 qun
446 2592 603 2655 taciturnitati
614 2593 718 2658 alicujus
731 2595 858 2645 commissa
890 2603 986 2658 gustum
1008 2595 1135 2645 contractis
1156 2603 1282 2644 contentus
1307 2611 1359 2645 esse
1381 2595 1455 2647 debet

294 2656 592 2714 sint,servsndm,mature
603 2659 774 2707 adsuefaciunt.
800 2662 857 2709 Jam
890 2660 968 2708 miles.
1002 2663 1079 2709 Amice
1098 2662 1159 2723 pati,
1183 2660 1285 2708 Gracc:
1313 2660 1454 2725 ἀγαπητῶς

294 2736 349 2769 vero
366 2738 422 2770 cum
442 2722 565 2771 sententia
584 2722 682 2778 laxiore,
699 2731 727 2770 ut
744 2724 857 2773 canuinis
890 2722 978 2788 φέρειν,
990 2724 1014 2771 h.
1026 2740 1048 2773 e.
1058 2726 1167 2773 lubenter
1181 2724 1231 2771 sire
1246 2732 1336 2797 promto
1354 2734 1453 2789 parato·

295 2784 363 2849 lyn'ci
375 2785 466 2834 serebat
477 2785 579 2842 indoles,
589 2786 616 2835 in
632 2786 678 2834 hoc
694 2802 789 2852 quoque
804 2804 856 2836 car·
889 2802 937 2851 que
952 2790 1033 2838 animo
1048 2788 1123 2847 lerre;
1140 2787 1205 2852 quod
1216 2803 1279 2837 emm
1296 2790 1323 2835 fit
1335 2792 1413 2846 senice,
1426 2790 1454 2839 id

294 2849 360 2898 mine
377 2850 438 2899 inter
451 2866 476 2899 se
492 2866 560 2899 uere
576 2850 625 2900 sint
638 2851 745 2905 vinculo,
756 2850 782 2899 id
797 2852 857 2901 adeo
889 2866 985 2917 quoque
999 2861 1091 2918 promto
1108 2859 1239 2917 paratoque
1256 2852 1335 2901 auimo
1347 2852 1397 2901 lieri
1411 2870 1453 2903 so-

294 2914 417 2963 nonnullis
433 2914 512 2963 fraudi
531 2914 585 2972 luit,
602 2924 638 2973 ut,
657 2932 712 2963 curn
729 2915 789 2964 ratio
808 2930 857 2979 qua
889 2914 931 2963 let.
953 2917 1028 2974 Veret,
1039 2926 1130 2983 premat
1141 2926 1165 2965 et
1175 2916 1266 2965 fortiter
1277 2917 1383 2965 invadat.
1409 2918 1452 2966 Vi-

294 2992 337 3026 eaa
355 2978 417 3027 inter
431 2996 457 3029 se
475 2979 630 3029 conciliarent
646 2996 694 3029 non
713 2988 855 3045 suppeteret,
890 2990 981 3043 tumque
994 2984 1035 3029 snb
1050 2985 1180 3037 diuo,cett.
1214 2980 1454 3031 IuomnibusLibb.

294 3040 340 3091 boc
351 3057 447 3093 carmen
458 3060 487 3094 ea
499 3044 576 3094 tribus
585 3045 685 3094 dirersis
699 3044 753 3092 aliis
766 3044 856 3096 confla·
889 3044 964 3093 MSS.
980 3054 1005 3094 et
1020 3045 1095 3094 Editt.
1110 3045 1198 3110 legitur
1215 3044 1333 3107 Vtramque
1345 3047 1387 3093 rub
1399 3049 1454 3095 dim

293 3114 411 3157 tamesae
425 3118 566 3158 statuerent.
599 3108 855 3158 Sedbeneseresha·
888 3116 909 3155 at
923 3112 1018 3172 trepidis
1028 3120 1084 3185 agot
1097 3110 1125 3157 ln
1137 3114 1220 3166 raban
1239 3125 1283 3157 nec
1298 3106 1362 3157 ullus
1375 3110 1453 3159 inter-

294 3172 343 3221 bet.
372 3174 500 3223 Sententiae
512 3175 546 3223 ita
555 3174 785 3240 lereseexcipiunt:
805 3174 856 3222 “Si
888 3183 980 3237 pretum
1008 3175 1165 3223 articulamet
1181 3182 1237 3222 ante
1254 3176 1350 3235 trepidis
1364 3188 1452 3239 super·

293 3237 416 3301 antiquam
438 3238 515 3300 gentis
534 3246 620 3287 nostras
637 3237 735 3301 gloriam
752 3238 855 3311 amplius
888 3236 960 3285 fluam
969 3191 1040 3303 phion
1048 3253 1109 3296 esse,
1118 3247 1142 3287 et
1151 3237 1264 3286 orationis
1272 3237 1453 3301 simplicitatem

293 3301 355 3348 tueri
379 3301 498 3357 volumus,
523 3302 612 3351 relictis
637 3303 708 3350 rebus
733 3304 854 3360 omnibus,
887 3302 1175 3360 turbare,animadvertit.
1209 3304 1300 3352 Verum
1313 3302 1452 3362 enimvero,

291 3378 379 3473 pueros
393 3374 484 3414 nostros
498 3375 590 3414 mature
602 3366 626 3412 iu
638 3365 780 3429 perferendis
798 3368 856 3416 belli
887 3376 1044 3415 cumextrusa
1051 3368 1196 3432 particulaet
1205 3374 1364 3415 seususexeat
1372 3366 1452 3417 multo

302 3428 415 3476 aboribus
432 3445 548 3488 exercere,
568 3429 600 3477 ad
616 3430 699 3478 mortis
734 3446 759 3478 ro
779 3432 855 3497 patn'a
886 3430 1034 3488 concinnior,
1045 3442 1066 3481 et
1078 3434 1150 3479 vitam
1161 3434 1186 3479 in
1196 3434 1263 3479 retro
1274 3430 1418 3492 crepidini.
1427 3447 1451 3482 e.

292 3500 411 3557 suscepte
428 3492 502 3543 decus
522 3494 678 3551 inflammare,
699 3447 733 3542 ab
751 3495 854 3558 ignavius
886 3494 983 3557 quando
1010 3495 1148 3563 reipublicae
1168 3495 1301 3561 periculum
1327 3494 1450 3559 imminet)

292 3563 372 3604 autem
383 3556 498 3607 dedecore
509 3559 633 3613 deterrere,
645 3566 670 3606 et
679 3558 713 3607 sic
727 3574 768 3607 eos
777 3568 854 3609 metu·
885 3560 926 3606 snb
944 3562 997 3607 divo
1013 3572 1086 3623 ogau
1106 3559 1169 3608 baud
1186 3559 1244 3608 mihi
1262 3559 1372 3623 religioni
1391 3559 1452 3609 duxi

292 3620 367 3668 endos
386 3621 494 3670 hostibus
512 3623 598 3670 uostris
618 3622 712 3671 reddere
730 3622 854 3673 debemus.
886 3636 938 3670 eam
957 3624 1044 3680 delere,
1061 3640 1105 3673 uec
1121 3640 1151 3673 en
1165 3623 1243 3673 deleta
1258 3622 1452 3673 mevimlecisse

292 3684 605 3759 Sedpretersortitudinem
619 3694 656 3735 est
670 3687 725 3744 alia,
738 3687 769 3735 ad
783 3687 854 3751 cujus
886 3694 962 3750 poetae
984 3688 1074 3753 putari.
1108 3689 1220 3737 Ceterum
1239 3702 1287 3753 qua
1307 3687 1347 3736 hic
1366 3702 1452 3737 versus

290 3748 399 3797 studium
423 3760 514 3799 mature
537 3749 674 3799 adducendi
696 3758 753 3798 sunt
776 3752 853 3815 puen',
886 3766 998 3800 mensure
1019 3768 1078 3800 usus
1096 3759 1133 3800 est
1152 3760 1242 3816 poeta:
1271 3752 1390 3814 Virumque
1407 3755 1451 3801 nab

291 3812 375 3869 virtus,
386 3830 450 3877 quae,
465 3831 522 3864 cum
536 3814 634 3863 minime
650 3813 681 3862 ad
698 3830 762 3862 aune
776 3830 854 3879 popu·
885 3814 957 3880 diluo
973 3818 1069 3879 trepidis
1087 3827 1152 3880 ngat,
1173 3816 1257 3865 eadem
1274 3816 1332 3865 alibi
1351 3832 1451 3881 quoque

291 3876 348 3931 laris
364 3878 487 3926 arbitrium
503 3896 529 3929 se
543 3878 715 3936 accommodet,
725 3878 766 3927 sed
781 3889 856 3929 semet
885 3880 977 3939 utitur;
994 3880 1028 3929 sic
1048 3880 1091 3929 inl.
1114 3881 1147 3935 ir,
1167 3882 1205 3937 14,
1228 3882 1266 3929 17.
1306 3881 1450 3942 Spectandae

290 3942 368 4006 ipsam
382 3958 427 3991 suo
444 3944 519 4008 ipsius
534 3950 630 3993 tueatur
644 3944 763 4007 prasidio,
776 3959 854 4008 neque
886 3947 913 3992 in
928 3960 965 3992 cer·
986 3947 1070 3992 tamine
1087 3944 1185 3993 Martio.

291 4006 317 4053 in
329 4007 437 4073 petendis
445 4008 763 4072 honoribusignominiosam
773 4009 853 4073 rapul—
918 4010 966 4057 6-—
983 4010 1007 4056 2.
1035 4009 1136 4072 Junge:
1169 4010 1281 4057 Matrona
1312 4008 1450 4073 (honestius

290 4086 342 4119 sam
362 4073 415 4130 lert,
435 4088 513 4136 neque
532 4074 558 4121 in
578 4073 607 4120 iis
623 4072 751 4135 iungendis
768 4080 853 4121 contu·
885 4087 935 4183 pro,
949 4073 1021 4135 uxor)
1033 4083 1054 4120 et
1066 4075 1150 4121 adulto
1167 4076 1233 4136 virgo
1250 4075 1316 4137 (pro,
1337 4073 1388 4123 filia
1402 4090 1449 4123 nu·

291 4136 370 4185 melias
384 4136 510 4201 cujusdam
528 4146 583 4186 nota
601 4137 786 4192 contaminatur,
804 4137 853 4185 imo
902 4136 955 4200 ilis)
973 4139 1080 4185 bellantis
1102 4141 1199 4201 tyranni
1217 4141 1356 4199 prospiciens
1379 4140 1449 4187 illurn

290 4198 474 4249 immortalitatis
483 4202 580 4266 praemio
594 4202 704 4249 afficitur.
737 4201 777 4248 Ad
789 4200 850 4250 hanc
884 4201 925 4267 (h.
944 4217 967 4249 e.
983 4208 1032 4249 tam
1049 4201 1150 4275 egregie
1168 4200 1313 4250 fortitudinis
1331 4202 1448 4265 militem)

291 4266 390 4314 accedat
411 4264 487 4314 fidelis
505 4265 664 4322 taciturnitas,
688 4281 742 4329 quar
764 4264 851 4329 pariter
882 4268 980 4327 suspiret
998 4265 1152 4358 (susprrando
1167 4266 1192 4313 in
1212 4265 1264 4315 brec
1279 4267 1352 4314 rerba
1367 4282 1449 4316 erum-

290 4329 387 4393 premio
397 4344 441 4377 suo
467 4328 556 4387 eudet3
572 4344 627 4376 cum
638 4330 712 4393 impia
722 4337 803 4376 contrs
814 4345 850 4377 rcs
882 4329 952 4395 pnt):
975 4330 1055 4379 Eheu.
1075 4346 1103 4377 ne
1114 4337 1171 4377 cett.
1194 4330 1345 4391 Prospiciens,
1358 4332 1450 4379 utAn·

290 4407 389 4443 manas
405 4345 534 4457 evulgandi
554 4393 638 4440 levitas
658 4392 740 4441 sceleri
759 4408 786 4441 se
808 4394 850 4441 ob·
883 4394 900 4441 ti
933 4392 1120 4443 neemoenibus
1139 4393 1261 4443 Thebanis
1277 4393 1342 4457 apud
1364 4394 1450 4461 Eurip.

290 4459 385 4506 noxiam
402 4458 483 4515 faciat,
500 4456 572 4521 cujus
586 4473 682 4521 poenam
699 4457 734 4505 dii
749 4457 847 4515 ultores,
881 4458 902 4505 P
921 4457 1004 4507 oeuiss.
1016 4460 1066 4508 90:
1088 4458 1120 4506 cl.
1134 4459 1232 4507 Homer.
1246 4456 1318 4505 Iliad.
1335 4457 1370 4515 iii,
1384 4460 1450 4520 154;

288 4523 398 4584 quamvis
428 4538 488 4579 sero,
517 4521 655 4586 repetunt.”
688 4523 719 4569 In
746 4536 847 4584 quarum
881 4522 981 4571 Hesiod.
1000 4524 1068 4571 Scut.
1090 4524 1163 4571 Herc.
1184 4524 1242 4570 241.
1276 4522 1353 4570 lindis
1372 4526 1450 4587 ugni-
