3150 5200
576 358 739 423 LIBER
764 358 809 437 11,
824 358 856 423 t.

226 512 364 579 Rectius
379 510 540 575 Albanam
555 510 643 574 fumo
659 511 827 574 duraveris
841 532 946 572 uvarn.

149 674 155 685 ,
227 614 323 679 Hanc
338 636 401 698 ego
416 634 490 677 cum
504 611 607 689 malis,
624 634 686 697 ego
701 612 814 676 faecem
828 613 951 696 primus
966 623 1001 676 et
1015 612 1106 687 allec,

226 716 355 780 Primus
371 726 404 780 et
419 713 565 777 invenior
580 714 675 798 piper
690 713 810 790 album,
826 736 900 777 cum
915 712 982 776 sale
997 713 1092 797 nigro

160 818 204 881 75
226 816 399 893 lncretum,
416 816 507 900 puris
522 814 794 898 circumposuisse
809 814 936 878 catillis.

225 918 367 981 immane
382 926 433 980 est
447 916 571 992 vitium,
587 916 667 979 dare
682 915 780 979 millia
795 926 889 980 terna
901 917 1046 994 macello,

226 1018 445 1103 Angustoque
459 1039 559 1101 vagos
575 1018 682 1101 pisces
697 1039 815 1103 urgere
830 1020 948 1083 catino.

226 1121 352 1206 Magna
365 1129 472 1185 movet
487 1118 653 1183 stomacho
668 1117 811 1195 fastidia,
827 1143 885 1184 seu
899 1144 983 1205 puer
997 1121 1105 1186 unctis

227 1223 397 1288 Tractavit
412 1221 544 1286 calicem
559 1222 718 1297 manibus,
734 1220 813 1285 dum
827 1221 914 1285 furta
928 1222 1074 1307 ligurrit3

163 1326 206 1389 80
228 1326 304 1390 Sive
319 1326 427 1409 gravis
441 1325 544 1387 veteri
560 1334 695 1387 craterae
709 1322 804 1386 limus
820 1322 970 1388 adhaesit.

227 1427 359 1492 Vilibus
375 1428 408 1491 in
426 1426 544 1510 scopis,
561 1426 594 1488 in
610 1426 748 1509 mappis,
764 1425 799 1488 in
814 1426 924 1502 scobe,
940 1436 1081 1508 quantus

229 1529 388 1595 Consistit
403 1530 551 1593 sumtus?
573 1526 742 1611 neglectis,
757 1526 917 1610 flagitium
931 1527 1057 1609 ingens.

140 1722 204 1764 tasse
214 1717 259 1778 jus
274 1716 358 1777 duplex
369 1714 447 1763 simile
463 1714 510 1764 fere
525 1714 581 1763 cibo
591 1713 633 1779 qui
644 1728 701 1763 voce
733 1716 870 1771 adnutum,
881 1729 915 1762 sc.
931 1714 1025 1773 cubio,
1041 1728 1098 1762 nam
1115 1716 1232 1763 incessere
1247 1726 1291 1772 est,

141 1780 220 1827 anc
276 1778 421 1827 licadicitur
434 1778 522 1827 crime.
733 1777 825 1842 aliquid
841 1795 884 1843 per
893 1777 996 1826 cribrum
1007 1778 1081 1827 alicui
1095 1777 1128 1826 rei
1144 1777 1292 1844 adspergere.

174 1844 216 1891 69.
255 1859 315 1891 resse
330 1843 538 1909 Venafranaequed
552 1844 700 1891 bracarensi·
734 1842 808 1890 Puris
819 1844 919 1891 catillis.-
936 1844 997 1891 bene
1009 1842 1133 1897 doctrinae,
1149 1842 1181 1890 ad
1198 1857 1294 1892 coenanr

140 1909 172 1955 sit
190 1908 268 1955 elios:
285 1907 394 1971 elegante
411 1906 541 1973 periphrasi
555 1922 606 1971 pro,
623 1906 702 1955 eleum
734 1904 897 1955 instruendam
917 1907 1055 1971 spectantis,
1077 1907 1195 1971 professor
1215 1916 1295 1957 noster

142 1970 324 2032 Venafranum;
341 1971 456 2037 optimum
477 1972 541 2019 enirn
561 1971 641 2019 oleum
661 1986 702 2019 es·
735 1970 886 2019 commendat
902 1969 1053 2027 munditiem,
1064 1970 1122 2033 quia
1132 1970 1294 2020 immundities

140 2034 288 2100 primebatur
309 2036 334 2083 in
353 2050 409 2099 agro
428 2036 566 2085 Venafrano
584 2034 610 2082 in
629 2035 703 2084 Cam·
736 2034 859 2083 stomacho
870 2034 966 2082 fastidia
980 2044 1067 2091 moret,
1080 2034 1233 2098 dequarner
1244 2035 1295 2099 agit

174 2098 227 2147 nia:
247 2099 279 2148 cf.
300 2116 354 2165 sup.
375 2099 405 2147 ad
426 2100 474 2148 Od.
493 2099 518 2155 ii,
536 2101 561 2154 6,
577 2100 617 2154 16,
638 2099 703 2147 Plin.
735 2096 851 2146 indear.
864 2098 904 2146 78.
948 2098 1156 2160 circumposuisse:
1175 2098 1238 2162 apud
1250 2114 1294 2148 nes

169 2164 223 2211 .N.
236 2179 275 2219 xv,
288 2164 312 2211 8.
341 2164 448 2219 Remisit,
470 2162 557 2221 emisit,
577 2162 702 2211 submisit:
736 2176 833 2236 queque
859 2164 936 2210 catilli
958 2164 1005 2222 (fes
1029 2163 1145 2223 auteres)
1164 2162 1190 2211 in
1212 2177 1295 2211 mensa

141 2227 188 2275 inf.
206 2228 257 2275 Sat.
275 2226 301 2282 ii,
320 2229 344 2283 8,
357 2228 398 2283 ts,
419 2228 464 2275 His
482 2232 578 2275 mistum
590 2230 635 2290 jus
653 2236 701 2275 est:
735 2224 853 2274 convivali
875 2225 923 2274 buc
944 2225 1005 2274 illuc
1034 2224 1180 2289 circumponi
1206 2225 1294 2275 solent.

141 2293 198 2347 elec,
210 2294 269 2353 quse
279 2294 354 2353 primu
369 2290 466 2357 Venafri
479 2292 565 2339 Pressit
576 2292 644 2339 selle.
736 2288 809 2348 Quod
825 2298 894 2354 putat
909 2290 1051 2345 Lambinus,
1074 2288 1181 2353 singulos
1201 2290 1295 2342 catillus

175 2356 216 2403 70.
235 2354 443 2417 Picenis-pomis:
465 2355 499 2403 cf.
511 2370 564 2467 sup.
577 2356 628 2403 Sat.
639 2354 665 2412 ii,
677 2355 702 2409 3,
735 2353 837 2417 singulis
860 2353 968 2402 convivis
995 2351 1115 2418 appositos
1140 2353 1222 2411 fuisse,
1246 2370 1295 2403 non

139 2420 201 2468 772.
214 2418 331 2477 Tiburtis,
343 2419 432 2469 Tibure
444 2419 523 2483 (nunc
559 2418 626 2481 'eoli)
638 2427 703 2467 nata.
736 2417 859 2483 probabile
869 2416 971 2466 ridetur.

175 2484 216 2531 71.
234 2482 296 2530 Nona
305 2484 374 2549 socie
388 2493 508 2545 prestant,
522 2497 577 2530 narn
593 2482 703 2531 Tiburtia
767 2482 807 2534 76,
821 2481 862 2529 77.
886 2481 988 2530 lmmoss
1008 2490 1040 2529 est
1060 2483 1157 2529 vidum:
1177 2491 1204 2529 at
1218 2483 1296 2547 pisces

140 2554 241 2598 externa
259 2556 353 2596 tantum
371 2547 458 2614 specie,
476 2563 524 2595 non
541 2562 622 2606 succo,
641 2562 701 2613 prra-
735 2560 823 2621 magno
845 2545 919 2612 pretio
941 2560 1019 2594 emere
1039 2560 1129 2611 eosque
1146 2546 1173 2594 in
1194 2555 1296 2612 angusto

142 2621 216 2660 stant.
254 2611 380 2668 vennam,
395 2627 450 2667 ura,
464 2627 519 2676 qua
531 2612 556 2660 in
568 2611 622 2660 ollis
634 2611 705 2660 condi
736 2605 962 2676 catrne'apponere,
980 2610 1011 2659 ad
1024 2609 1129 2659 maxima
1145 2627 1223 2660 eoene
1238 2611 1297 2660 ritia

142 2675 243 2731 solebat,
256 2691 308 2733 nos,
322 2677 486 2743 Tepsrosinsa:
505 2675 536 2724 cf.
549 2676 615 2724 Plin.
628 2677 661 2724 H.
670 2676 705 2724 N.
737 2675 847 2740 pertinet,
860 2685 887 2724 ut
897 2692 920 2721 v.
932 2677 972 2731 82,
986 2676 1203 2739 ingrasflogitium.
1232 2675 1297 2724 Rern

142 2739 192 2798 xiv,
211 2741 251 2795 14,
269 2741 299 2801 6,
317 2740 373 2789 binc
391 2739 510 2804 ejusmodi
527 2757 575 2788 sice
595 2741 706 2788 dicuntur
737 2738 839 2788 ridicule
863 2747 991 2803 exaggerat
1013 2747 1151 2804 praeceptor,
1174 2739 1231 2787 dnm
1257 2755 1295 2797 ea,

140 2805 226 2852 ollares
237 2805 334 2854 Colum.
344 2805 380 2861 iii,
396 2806 421 2860 2,
434 2803 542 2853 Martini.
554 2804 596 2860 vii,
611 2805 650 2852 19.
674 2804 705 2852 In
737 2818 793 2866 qua
815 2805 894 2867 inepte
916 2805 984 2860 flunt,
1007 2803 1038 2852 ad
1060 2803 1176 2851 immania
1194 2802 1252 2852 vitia
1273 2813 1298 2853 et

142 2867 262 2933 scriptura
278 2869 351 2933 hujus
366 2868 433 2917 vocis
451 2876 508 2918 vett.
525 2868 585 2916 libb.
597 2868 704 2917 variant:
738 2867 845 2932 ingentia
862 2866 953 2931 flagitia
971 2867 1048 2916 refert.
1085 2868 1116 2914 Vs
1134 2883 1173 2915 os:
1194 2869 1299 2918 suaviter

142 2934 267 2988 senacula,
283 2936 420 2989 venusiensis,
437 2935 576 2988 maraculo,
590 2934 705 2990 verbulo,
738 2931 768 2980 de
780 2931 894 2996 piscibus,
905 2930 948 2996 qui
960 2940 1015 2980 ante
1025 2931 1050 2978 in
1062 2883 1143 2995 amplo
1160 2931 1219 2978 mari
1236 2931 1297 2981 libe·

144 2999 284 3044 eernucuto.
738 2997 787 3044 rius
814 2996 1028 3069 circumteguntur,
1052 3010 1116 3042 nunc
1143 2994 1168 3042 in
1195 3004 1298 3059 angrrsto

176 3061 218 3110 72.
235 3061 329 3110 Rectius
350 3063 579 3110 Albanam-avam:
607 3060 639 3109 cf.
662 3060 706 3108 inf.
739 3059 820 3108 catino
831 3067 944 3109 comeum
952 3067 977 3107 et
986 3057 1114 3124 compressi
1122 3058 1214 3132 Jacent.
1250 3059 1298 3106 Ur-

144 3125 167 3172 E
184 3125 223 3173 ist.
246 3124 271 3182 ii,
294 3127 317 3182 8,
338 3127 380 3174 86.
425 3125 563 3183 Duroveris,
586 3124 707 3173 durabiles
737 3139 808 3188 gers.-
825 3124 860 3172 ita
868 3122 1013 3173 condensare
1022 3132 1047 3171 et
1057 3131 1198 3187 constipare,
1206 3123 1300 3172 etalter

187 3188 284 3245 dideris,
297 3189 322 3237 b.
333 3205 356 3238 e.
367 3189 505 3238 servaveris.
738 3188 840 3237 alterum
869 3197 951 3242 ramat,
964 3186 1103 3236 alteralteri
1115 3185 1240 3252 impositus
1251 3188 1290 3236 sit.

178 3254 283 3302 78-75.
303 3253 369 3301 Hanc
385 3270 435 3328 ege,
448 3263 504 3302 cett.
514 3252 608 3318 egregie
627 3254 705 3301 Hora-
771 3252 811 3300 78.
854 3256 921 3306 sctis,
932 3251 1001 3300 sorde
1014 3249 1110 3316 pollutis
1119 3259 1145 3298 et
1159 3249 1298 3314 inquinatis,

143 3317 193 3366 tius
201 3317 253 3382 jam
271 3318 385 3382 expressit
398 3317 522 3381 ingenium
534 3327 557 3366 et
573 3331 704 3366 sennonem
738 3325 765 3364 ut
776 3333 831 3382 sup.
843 3318 894 3365 Sat.
905 3315 931 3372 ii,
943 3317 968 3370 2.
981 3317 1022 3373 68,
1033 3324 1105 3363 uncta
1115 3333 1129 3362 o
1179 3349 1185 3362 .

142 3397 235 3437 eorum,
248 3381 290 3446 qui
306 3397 331 3430 se
348 3382 437 3446 primos
449 3381 552 3447 alicujus
571 3382 603 3430 rei
620 3381 703 3430 inven-
771 3381 812 3430 79.
830 3381 894 3429 Dum
904 3380 980 3446 sarta
1000 3382 1108 3445 ligurrit,
1145 3394 1184 3427 nm
1208 3376 1303 3444 aliquid

143 3453 207 3494 tores
225 3461 275 3495 esse
290 3445 384 3510 jactant
401 3454 553 3511 crepantque.
594 3447 654 3509 Ego,
672 3445 706 3494 ait
737 3459 800 3493 mera
820 3444 900 3493 furtim
920 3459 933 3493 e
954 3444 1037 3510 patina
1058 3442 1169 3492 manibus
1187 3452 1299 3508 surreptas

144 3509 239 3575 sapiens
250 3509 291 3558 ille
304 3510 423 3559 lentarum
434 3510 558 3574 epularum
570 3509 704 3566 instmctor,
737 3508 848 3572 deglutit,
860 3517 884 3557 et
895 3509 929 3557 sie
940 3524 1025 3557 manus
1035 3507 1156 3573 inquinat.

143 3589 186 3638 ege
203 3577 291 3636 prnsus
312 3575 371 3622 hanc
390 3575 475 3638 (uvam
498 3575 630 3634 Albanam)
649 3589 705 3623 curn
770 3575 810 3621 80.
828 3573 913 3621 Gravis
924 3574 1006 3622 tirsus:
1023 3588 1100 3621 sermo
1108 3579 1145 3620 est
1155 3570 1185 3620 de
1193 3578 1303 3619 vetereet

143 3637 231 3702 pernis,
242 3654 282 3704 ege
297 3641 385 3700 primm
403 3638 485 3688 facem
504 3648 528 3687 at
544 3639 613 3693 allec,
626 3645 649 3686 et
660 3637 708 3702 pri·
741 3638 849 3685 obsoleta
854 3646 955 3692 cratera,
967 3652 1022 3701 quae
1033 3637 1105 3698 longa
1116 3650 1232 3684 annorum
1241 3635 1301 3683 seris

143 3715 199 3749 mus
225 3701 292 3767 piper
317 3703 400 3750 album
422 3718 477 3752 eum
505 3703 555 3751 sale
577 3703 644 3766 nigro
670 3717 710 3766 per
741 3700 844 3748 multum
862 3701 923 3755 fimi,
940 3699 1025 3756 sordis,
1046 3701 1084 3749 rel
1105 3697 1220 3762 robiginis
1243 3713 1301 3746 cen·

144 3765 251 3814 cribrnrn
263 3765 400 3831 adspersum
412 3766 477 3832 puris
492 3766 580 3815 catillis
590 3766 617 3813 in
627 3781 711 3814 mensa
742 3773 861 3822 traxerat3
883 3764 930 3812 nisi
947 3764 1046 3812 fortasse
1061 3767 1140 3828 gravis
1156 3762 1187 3810 ad
1204 3777 1301 3827 grasso·

144 3829 345 3904 circumposuisse
356 3830 472 3886 invenior,
485 3831 533 3878 sive
546 3829 652 3905 inventor
662 3829 707 3877 eir·
741 3827 840 3903 lentiam
855 3837 982 3902 connecte
999 3827 1077 3902 sordis
1096 3825 1244 3875 referendum
1261 3827 1301 3880 sit.

144 3894 630 4024 ‘trittftltf0t,9lt⁶:ttttt
645 3893 710 4006 ft.
742 3901 974 4018 “attuit
986 3890 1303 4018 ‘trititiam

178 4037 193 4068 x
222 4032 276 4070 usta
299 4023 454 4086 (gebrosater
485 4023 634 4080 Weinrtein),
659 4021 709 4070 vid.
744 4020 846 4082 Mappis,
857 4018 888 4068 ad
905 4036 932 4068 os
944 4035 972 4069 ve
994 4034 1080 4067 manus
1097 4018 1122 4065 in
1139 4033 1211 4066 coena
1226 4017 1303 4065 deter-

145 4099 209 4148 qncs
221 4085 303 4134 laudat
315 4086 405 4134 Heind.
417 4086 462 4134 fuit
472 4094 551 4134 autem
563 4085 710 4136 condimenti
744 4084 847 4147 gendas3
865 4083 921 4132 bine
933 4101 1015 4146 mappa
1026 4084 1057 4132 ab
1073 4082 1126 4157 ejus
1135 4097 1181 4129 nsu
1193 4080 1236 4129 inf.
1248 4079 1266 4138 i,
1278 4083 1303 4137 6,

145 4149 537 4276 tttt'tttltdftlttttt·
561 4152 708 4262 ‘'t‘f'flsli'
743 4148 1000 4261 itelllh‘flliit
1023 4147 1140 4258 liulf
1158 4147 1305 4257 'millii‘

204 4231 216 4268 's
285 4233 321 4260 Μ
531 4251 536 4270 ,
635 4251 641 4262 .
703 4249 709 4262 .
889 4247 895 4259 ·
922 4249 929 4268 ,
1003 4249 1010 4268 ,
1142 4245 1147 4258 .
1296 4227 1303 4255 .’

144 4275 172 4332 ii,
193 4279 218 4332 8,
238 4279 267 4337 9)
287 4278 376 4327 vilioris
398 4279 466 4343 pretii
489 4232 572 4340 genul¹
587 4231 708 4344 ddoddam
739 4280 800 4326 scobs
820 4277 857 4324 vel
873 4280 942 4325 scobis
956 4277 985 4324 de
1006 4276 1112 4341 partibus
1128 4273 1304 4328 minutissimis,

179 4339 207 4396 ri,
218 4356 249 4389 ex
261 4341 395 4390 visceribus
407 4345 568 4392 scombrorum
580 4345 708 4409 praecipue,
742 4359 796 4407 quae
809 4342 846 4390 vel
857 4358 872 4390 e
883 4342 951 4398 ferro,
964 4341 1027 4452 (ped
1041 4339 1145 4396 limatur,
1153 4337 1192 4386 rel
1202 4353 1216 4384 e
1227 4337 1303 4410 ligno,

220 4421 247 4454 se
262 4406 373 4454 halecurn
391 4423 487 4472 quoque
504 4416 528 4456 et
543 4408 643 4456 aliorum
660 4407 709 4473 pis·
761 4408 809 4455 uod
825 4415 927 4454 serretur
944 4405 975 4454 do
985 4409 1072 4456 abrave
1086 4402 1225 4470 perforatur,
1240 4401 1304 4449 decr·

146 4468 213 4518 cium
231 4470 375 4518 marinorum
393 4471 508 4520 confecti:
527 4472 575 4521 vid.
593 4471 660 4520 Plin.
678 4472 711 4520 H.
743 4424 805 4520 dunt
821 4478 887 4529 (nos,
900 4471 1098 4532 Hammerschlag,
1112 4467 1233 4529 Eirenfsih
1245 4465 1304 4529 sag-

149 4533 174 4582 N
180 4567 186 4582 .
205 4533 271 4589 xxxi,
293 4537 333 4581 4⁴.
375 4535 509 4584 incretam:
533 4535 615 4586 Schol.
642 4537 710 4593 Aer..
735 4537 845 4648 spitum
862 4537 1017 4601 spargebatur
1028 4543 1108 4589 autern
1119 4533 1187 4587 scobs,
1200 4539 1236 4588 ut,
1248 4528 1305 4579 dum

707 4618 723 4649 n
