3150 5200
705 331 1000 402 CARMINUM

679 655 885 723 CARMEN
905 652 1021 718 XVII.

623 871 687 918 AD
723 865 1079 916 TYNDARtDEM.

492 1012 615 1077 Venox
631 1031 794 1075 amoeniun
809 1029 897 1090 saepe
913 1003 1112 1070 Lucretilem

492 1113 604 1177 Mutet
619 1113 739 1196 Lycaeo
753 1110 897 1185 Faunus,
914 1117 948 1170 et
977 1107 1106 1191 igneam

538 1212 697 1278 Defendit
710 1221 856 1276 aestatem
870 1207 1003 1292 capellis

583 1313 698 1398 Usque
712 1314 803 1388 meis,
819 1310 1012 1396 pluviosque
1027 1318 1151 1373 ventos.

440 1416 461 1478 5
493 1414 630 1500 Impune
645 1423 752 1478 tutum
767 1435 827 1496 per
838 1434 951 1476 nemus
966 1412 1102 1474 arbutos

493 1514 655 1588 Quaerunt
668 1514 806 1577 latentes
819 1523 853 1577 et
867 1512 978 1596 thyma
991 1511 1095 1576 deviae

536 1614 664 1680 Olentis
679 1636 798 1679 uxores
813 1614 937 1677 mariti:

577 1716 652 1782 Nec
668 1716 787 1780 virides
803 1725 953 1778 metuunt
967 1714 1130 1790 colubras,

276 1893 355 1940 essem,
372 1885 453 1956 agebat
473 1884 575 1931 conata.
609 1883 678 1932 Misit
699 1887 724 1930 in
744 1884 836 1937 iambos,
869 1888 919 1929 tora
933 1881 998 1945 Cym
1012 1879 1155 1946 perfugium.
1189 1878 1302 1927 Ceterum
1311 1875 1432 1942 Tyndari-

278 1945 595 1996 concitavitadscribendos
606 1946 705 1996 iambos.
722 1945 770 1995 Sed
781 1946 837 1994 nolo
868 1943 924 1992 dem
949 1945 1082 2000 honestam,
1100 1943 1204 2000 doctam,
1227 1951 1252 1990 et
1277 1940 1433 2004 elegantioris

278 2011 419 2059 contendere
429 2025 523 2074 cumqu
556 2009 837 2074 uam,quicelmsmalit
868 2007 959 2070 ingenii
974 2009 1047 2057 luisse
1059 2007 1175 2074 puellam,
1190 2022 1255 2056 exv.
1269 2007 1297 2054 17
1312 2021 1368 2070 sqq.
1378 2006 1432 2055 col·

278 2074 308 2122 ad
319 2083 428 2122 naturam
439 2075 511 2122 iambi
522 2089 546 2122 re
556 2089 615 2123 erre.
868 2071 910 2134 ligi
921 2081 1007 2136 potest.

309 2140 415 2187 25—28.
444 2139 541 2186 attritus
562 2150 651 2187 mutare
672 2141 770 2186 tristia:
798 2151 835 2193 sa,
904 2138 975 2185 1-4.
995 2137 1077 2184 Veios:
1097 2134 1214 2184 (illenim
1233 2133 1372 2199 capripedes
1392 2132 1431 2182 in·

277 2202 472 2266 quetetristitia
482 2210 507 2252 et
517 2200 681 2266 indignatione
698 2201 836 2260 affecerunt,
870 2199 952 2264 primis
962 2201 1087 2250 velocitate
1104 2199 1235 2249 excellunt.
1268 2199 1331 2260 Seps
1341 2199 1431 2247 Lm·

279 2266 421 2315 remunerari
438 2267 468 2313 iis
485 2281 540 2330 qum
556 2265 600 2314 tibi
614 2267 696 2316 suavia
712 2275 783 2330 atque
801 2266 837 2312 'u·
870 2266 933 2312 tilem
944 2275 1019 2312 motat
1030 2265 1119 2327 Lycao,
1131 2277 1196 2327 sepe
1206 2277 1235 2310 ex
1248 2264 1335 2326 Lyceo
1345 2262 1433 2310 transit

278 2329 358 2376 cunda
377 2338 441 2378 sunt.
474 2329 609 2378 Ricoototis
624 2333 756 2394 opprobriis.
791 2281 838 2376 ilo·
870 2325 896 2374 in
916 2328 1080 2388 Lucretilem3
1103 2336 1141 2376 est
1160 2326 1224 2375 enim
1248 2327 1349 2374 Faunus
1369 2324 1432 2374 (leus

277 2403 370 2440 cantare
387 2395 506 2455 opprobria
527 2401 571 2449 est,
591 2394 716 2460 opprobria
731 2401 837 2450 cantata,
870 2391 1010 2454 ὀρειβάτης,
1023 2393 1073 2456 qui,
1083 2400 1111 2439 ut
1122 2391 1225 2438 Ovidius
1235 2391 1316 2453 (Fast.
1328 2389 1354 2445 ii,
1366 2391 1431 2451 285)

277 2456 346 2519 quasi
362 2471 410 2504 non
425 2464 528 2511 cantata,
540 2472 657 2513 reamare,
671 2457 731 2505 lalsa
745 2465 769 2506 et
781 2458 838 2505 licta
869 2455 899 2503 de
915 2472 944 2504 eo
961 2456 1075 2522 loquitur,
1086 2458 1214 2504 discurrere
1227 2456 1317 2518 gaudet
1332 2457 1358 2500 io
1374 2457 1431 2502 ultis

278 2521 352 2568 luisse
367 2527 463 2568 cantata
476 2521 602 2584 opprobria
615 2521 751 2570 declarare:
770 2521 846 2568 simi··
869 2523 991 2568 montibus.
1013 2522 1162 2576 Lucretilem,
1173 2528 1278 2567 montem
1286 2517 1311 2565 in
1323 2517 1431 2576 Sabinis,

278 2584 331 2632 litor
350 2583 411 2649 apud
430 2583 499 2647 Virg.
518 2585 578 2632 AEu.
595 2585 637 2643 xii,
656 2586 695 2642 ll,
711 2596 837 2634 retractare
868 2582 933 2632 villa
944 2584 1038 2633 Horatii
1049 2584 1220 2634 imminentem.
1249 2583 1432 2646 imitamenta

277 2650 340 2695 dioto
360 2664 410 2713 pro,
430 2664 545 2705 revocare,
566 2658 695 2698 recantare.
728 2651 837 2698 Alcimum
868 2646 895 2694 in
909 2649 1024 2703 Arcadia,
1035 2650 1119 2697 Fauno
1136 2656 1162 2697 et
1176 2648 1239 2696 Pani
1252 2662 1334 2695 sacro:
1354 2646 1432 2696 Ovid.

277 2714 369 2767 reddas,
381 2712 480 2775 pristino
496 2728 574 2760 amore
590 2730 628 2763 me
644 2713 801 2778 amplectaris,
813 2723 836 2762 te
870 2712 936 2761 Fast.
952 2713 978 2770 ii,
996 2715 1052 2770 424,
1070 2714 1166 2762 Faunus
1184 2715 1211 2761 tn
1228 2712 1330 2759 Arcadio
1345 2713 1432 2772 templs

278 2775 337 2823 mihi
348 2775 465 2825 restituas.
870 2776 1051 2839 Lycoeashubet.
1085 2778 1198 2842 Defendit
1213 2786 1312 2823 estatem
1325 2777 1431 2836 capeliis.

870 2840 1000 2905 Desertam
1026 2850 1124 2888 estatem
1151 2842 1246 2902 capellis
1272 2846 1317 2895 est,
1339 2853 1431 2898 arcera,

429 2904 582 2953 CARMEN
601 2905 688 2953 XVII.
869 2913 973 2953 avertere
986 2904 1086 2969 capellis
1098 2912 1213 2959 nantem,
1226 2902 1348 2969 prohibere
1359 2910 1432 2951 asta·

309 2966 477 3032 Tyndaridem,
490 2977 518 3016 ut
532 2968 557 3015 in
568 2968 660 3025 villam,
671 2984 743 3033 quam
755 2968 780 3015 in
793 2970 836 3015 Sa·
869 2975 917 3015 tem
935 2984 950 3016 a
966 2969 1080 3035 capellis;
1098 2968 1132 3017 sic
1149 2967 1215 3033 apud
1231 2967 1301 3031 Virg.
1317 2967 1372 3015 Ecl.
1386 2966 1432 3024 vii,

277 3030 339 3078 binis
364 3030 468 3079 habehat
489 3041 566 3097 posta,
589 3048 671 3081 secum
696 3031 837 3081 msticatum
869 3033 910 3088 47,
930 3035 1052 3081 solstitium
1071 3036 1147 3095 pecori
1164 3032 1298 3096 aesculum
1321 3029 1434 3079 similiter

277 3095 366 3153 veniat,
387 3096 542 3154 dulcissima,
561 3112 610 3161 qua
629 3098 662 3145 ibi
686 3096 733 3144 lrui
753 3097 836 3161 possit,
869 3096 934 3160 apud
951 3097 1049 3145 Grecos
1064 3096 1157 3159 ἀρκεῖν,
1172 3095 1284 3160 ἀρήγειν,
1299 3094 1431 3153 ἀλαλκεῖν,

276 3158 397 3208 felicitatis
413 3159 570 3226 descriptione
593 3176 725 3225 permovere
747 3160 836 3208 studet.
867 3159 981 3209 ἀύνειν.
1016 3162 1154 3224 Plautoque
1169 3171 1258 3208 asotos:
1274 3159 1356 3222 itaque
1370 3159 1433 3207 villa

278 3224 409 3272 Auctorem
427 3224 501 3287 hujus
518 3224 638 3272 felicitatis
655 3224 762 3289 inprimis
779 3224 837 3274 iacit
895 3224 971 3281 oratii,
988 3240 1045 3272 cum
1062 3238 1140 3287 neque
1159 3232 1220 3271 aestu
1241 3238 1319 3287 noque
1341 3222 1434 3287 pluviis

278 3288 397 3335 Faunum.
426 3288 836 3351 Nameumillodeusregionis,in
868 3288 1053 3343 laboraret‚tam
1069 3288 1209 3336 salubritate
1221 3302 1294 3352 quam
1308 3286 1432 3337 fertilitate

276 3366 325 3413 qua
343 3352 389 3399 sita
405 3351 451 3397 luit
463 3351 523 3398 villa
539 3352 679 3408 Horatiana,
698 3352 836 3401 amoenitate
867 3353 1003 3416 gavisaest.

275 3414 309 3461 ita
319 3420 451 3478 caperetur,
457 3422 484 3461 ut
494 3414 576 3463 relicto
586 3416 673 3479 Lycaeo
684 3415 771 3479 sapius
781 3431 834 3463 eam
898 3419 988 3465 6-12.
1001 3415 1219 3477 lmpane,sinoullo
1227 3413 1327 3480 periculi
1334 3414 1429 3472 timore,

276 3476 396 3533 inviseret,
408 3485 432 3526 et
443 3477 524 3526 dulcia
538 3478 644 3527 carmina
653 3478 687 3526 ibi
699 3480 779 3527 fistula
792 3494 833 3527 ca·
865 3496 966 3529 secure.
1001 3481 1090 3527 Olentis
1100 3496 1179 3527 osam
1194 3478 1373 3535 morithiacets
1386 3494 1430 3527 ca-

275 3550 342 3589 neret
369 3544 432 3653 (pun
460 3542 519 3589 nihil
544 3543 575 3590 ad
598 3542 644 3589 loci
671 3543 834 3591 amoenitatem
867 3560 962 3608 pramm
973 3544 1114 3609 descripti05
1129 3558 1201 3609 caper
1211 3541 1276 3592 enim
1285 3545 1432 3592 mimaritias

274 3620 382 3655 commen
401 3605 487 3652 andam
504 3606 561 3670 fingi
579 3622 593 3654 a
609 3614 679 3671 poeta
694 3606 771 3671 potuit
790 3622 832 3672 ap·
865 3609 904 3657 vel
921 3613 958 3657 vir
965 3612 1052 3673 gregis,
1065 3617 1093 3656 ut
1102 3617 1201 3656 vocatur
1213 3607 1278 3673 apud
1290 3606 1359 3670 Virg·
1372 3606 1431 3656 Ecl.

274 3668 358 3733 tiua);
381 3668 478 3733 dignam
499 3684 603 3781 speque,
623 3687 697 3734 quam
719 3669 834 3735 singulari
867 3671 908 3730 vii,
930 3674 954 3729 7,
976 3671 1109 3721 secuudum
1131 3671 1286 3720 imitationem
1306 3670 1432 3719 Theocriti

274 3734 349 3781 tutela
366 3733 503 3789 foveret,ha
521 3734 565 3783 uit.
600 3734 668 3789 Hinc,
683 3736 780 3783 Faunus
796 3736 841 3783 ni·'
867 3736 971 3793 vitata,
984 3736 1060 3802 τράγε
1073 3737 1166 3785 λευκᾶν
1179 3736 1258 3801 alpos
1268 3738 1339 3798 ἄνερ.
1371 3736 1431 3785 11ae-

273 3796 347 3845 mium
363 3797 421 3845 solis
436 3806 519 3846 astum
538 3815 557 3845 se
575 3814 605 3847 ue
621 3814 649 3846 ac
665 3798 761 3846 nimiam
780 3800 834 3863 plu·
867 3802 949 3858 doleo,
969 3800 1047 3867 proles
1064 3814 1094 3848 ca
1111 3814 1198 3857 ramm,
1216 3814 1295 3865 parve
1318 3798 1429 3862 capellae.

272 3860 363 3908 viarum
383 3861 476 3927 copiam
498 3816 589 3911 aviliu
609 3862 702 3910 Horatii
721 3870 834 3919 avertere,
868 3864 991 3912 Martiales
999 3868 1077 3925 lupos:
1094 3815 1297 3927 iupusMartialis
1306 3863 1345 3911 vel
1359 3864 1430 3910 Mar-

272 3924 422 3974 secaritatom
435 3926 545 4001 gregibus
556 3935 676 3992 prestare,
689 3934 713 3974 et
723 3942 792 3990 agros
801 3927 835 3992 pii
867 3929 914 3976 tius
938 3929 1018 3993 (apud
1034 3928 1105 3991 Virg.
1124 3928 1184 3975 AEn.
1201 3927 1235 3982 ir,
1252 3929 1315 3990 566)
1331 3926 1430 3985 dicitnr,

318 3999 347 4037 tu
370 4006 454 4053 quovis
476 3990 597 4039 felicitatis
619 4007 704 4055 genere
731 4000 835 4041 mactare
867 3993 924 4056 quia
946 3993 1019 4041 Mani
1045 4008 1113 4041 sacer
1134 3999 1178 4039 est.
1221 3992 1343 4054 lltouapue
1362 3993 1432 4040 dulci

290 4053 367 4102 icitur.
400 4054 682 4122 Promittitigiturpoeta
693 4055 833 4121 Tyndaridi,
858 4060 945 4120 fistulo
961 4065 1019 4106 cett.
1033 4056 1091 4104 dum
1110 4056 1210 4103 Faunus
1225 4055 1305 4103 dulcia
1321 4054 1432 4104 carmina

272 4117 293 4164 si
310 4118 341 4165 ad
357 4134 383 4166 se
399 4117 424 4165 in
439 4119 521 4167 villam
538 4136 605 4167 susm
621 4120 718 4176 venerit,
731 4119 834 4185 primum
866 4122 933 4169 cauit
948 4121 1036 4177 fistula,
1051 4136 1106 4184 qum
1123 4119 1149 4168 in
1164 4120 1227 4168 valle
1243 4117 1323 4167 saxosi
1340 4119 1432 4167 montis

271 4180 834 4313 tailliat-³lett2⁸0tll⁰³tlttll
866 4182 1432 4315 liltnttlhhttttlzglhltt

271 4309 304 4357 ibi
315 4311 390 4375 possit
399 4284 514 4360 caniudis
524 4287 677 4369 carniinibui,
682 4312 832 4379 jucundissi-
865 4315 922 4362 Jam
942 4316 1049 4370 Faunus,
1069 4311 1178 4361 similiter
1194 4320 1222 4360 ut
1239 4312 1302 4366 Pan,
1322 4324 1431 4375 quocum

271 4389 355 4434 mum;
378 4390 447 4441 porro
469 4376 569 4425 hilarem
588 4376 613 4424 in
634 4377 693 4426 locis
714 4377 832 4425 umbrosis
864 4378 967 4442 plurima
978 4377 1115 4427 communia
1126 4376 1199 4425 habet
1212 4374 1353 4438 (utriusque
1361 4373 1431 4423 enim

271 4440 487 4503 computationem
510 4440 615 4504 denique
634 4448 712 4488 tutum
736 4442 766 4489 ab
786 4441 832 4488 im·
864 4440 904 4491 dei
920 4441 1018 4515 mythos
1033 4442 1059 4489 in
1075 4456 1152 4489 unum
1168 4439 1293 4495 confluxit,
1306 4440 1338 4486 ci.
1352 4438 1431 4488 Voss.

271 4510 382 4566 portuno,
398 4505 469 4568 cujus
483 4504 531 4553 vim
548 4503 629 4568 puella
643 4504 749 4561 timebat,
765 4520 831 4553 ama·
865 4506 895 4553 ad
920 4508 988 4570 Vrrg.
1010 4508 1064 4555 Fal.
1086 4505 1120 4561 vi,
1143 4504 1200 4569 at),
1227 4503 1310 4553 fistula
1336 4517 1431 4551 masas
