3150 5200
313 308 377 370 446
693 304 1088 374 EPISTOLARUM

399 458 466 521 Seu
479 458 621 543 linguam
637 461 743 523 causis
759 463 860 537 acuis,
876 482 934 523 seu
948 461 1050 525 civica
1059 462 1136 545 jura

399 558 614 644 Respondere
629 582 737 643 paras,
755 584 814 625 seu
828 560 942 624 condis
958 562 1095 625 amabile
1110 583 1258 642 carmem

333 660 377 722 25
399 659 509 724 Prima
523 660 608 725 seres
621 660 753 725 hederae
767 663 908 725 victricis
923 663 1072 745 praemia:
1097 662 1215 746 quodsi

397 759 532 845 Frigida
546 784 696 826 curarum
712 762 854 826 fomenta
868 762 1059 846 relinquere
1068 786 1193 847 posses,

398 861 475 935 Quo
491 874 523 926 te
538 862 680 927 coelestis
697 864 856 947 sapientia
871 864 1017 939 duceret,
1034 865 1109 927 ires.

399 963 474 1028 Hoc
490 986 584 1048 opus,
600 964 663 1029 hoc
680 964 823 1027 studium
838 966 929 1048 parvi
944 986 1157 1048 properemus
1172 976 1206 1029 et
1220 966 1329 1049 ampli,

397 1065 433 1128 Si
449 1067 564 1149 patriae
578 1065 736 1142 volumus,
754 1066 782 1128 si
796 1066 890 1129 nobis
906 1066 1014 1130 vivere
1030 1067 1106 1129 cari.

331 1168 376 1230 30
397 1166 510 1231 Debes
526 1166 588 1230 hoc
604 1168 700 1231 etiam
716 1168 907 1243 rescribere,
923 1168 951 1230 si
966 1168 1026 1231 tibi
1041 1188 1139 1242 curae,

396 1268 539 1340 Quantae
552 1270 732 1345 conveniat,
750 1268 938 1331 Munatius:
962 1290 1004 1330 an
1019 1268 1100 1331 male
1116 1278 1205 1330 sarta

397 1368 515 1433 Gratia
529 1369 744 1452 nequicquam
760 1370 836 1444 coit,
853 1379 886 1430 et
901 1368 1118 1432 rescinditur?
1163 1365 1211 1430 At
1225 1390 1294 1446 vos,

396 1470 462 1534 Seu
478 1470 602 1533 calidus
618 1471 762 1554 sanguis,
779 1492 838 1533 seu
852 1491 961 1534 rerum
973 1470 1102 1533 inscitia
1115 1480 1213 1533 vexat

397 1572 557 1635 Indomita
572 1574 697 1635 cervice
711 1570 810 1646 feros,
826 1572 1012 1654 ubicunque
1028 1570 1173 1635 locorum

330 1674 374 1735 35
396 1673 526 1749 Vivitis,
543 1672 669 1757 indigni
682 1671 861 1737 fraternum
876 1693 1027 1755 rumpere
1043 1671 1162 1736 foedus.

395 1773 546 1838 Pascitur
560 1774 593 1837 in
608 1785 751 1837 vestrum
766 1774 907 1837 reditum
924 1775 1031 1837 votiva
1041 1774 1192 1857 juvenca.

308 1990 369 2038 quos
382 1974 408 2023 in
426 1976 487 2023 hanc
503 1990 551 2023 rem
568 1974 719 2023 laudavimus
732 1975 762 2023 ad
775 1974 866 2024 Catuli.
898 1974 1051 2039 respondere:
1064 1972 1111 2022 vid.
1122 1974 1217 2021 Ernest.
1226 1972 1251 2020 in
1261 1974 1331 2022 Clas.
1342 1975 1397 2025 Cic.
1407 1993 1431 2026 s.
1439 1994 1464 2027 v.

308 2040 409 2094 nini.
444 2040 530 2096 Cdsus,
588 2040 674 2113 tuqui
690 2040 789 2087 aliorum
807 2038 866 2087 scri·
899 2038 1051 2098 despondere.

307 2103 518 2169 niacornpilabat;
543 2113 631 2152 ortasse
642 2102 705 2151 idern
713 2106 791 2151 Celsus
801 2105 866 2151 Alti-
929 2103 971 2149 25.
991 2104 1084 2151 {ledere
1100 2104 1201 2149 uictricis
1216 2105 1329 2162 premis:
1343 2118 1398 2169 sup.
1410 2104 1462 2152 Od.

307 2184 414 2225 sirannus,
429 2168 507 2217 scriba
524 2167 621 2224 Tiberii,
643 2167 673 2215 ad
689 2183 759 2232 quem
778 2166 866 2232 scripta
898 2165 916 2221 i,
936 2166 958 2221 l,
982 2167 1022 2222 29,
1049 2166 1088 2213 Me
1107 2170 1226 2214 doctarum
1248 2167 1334 2214 isdem
1365 2173 1461 2229 premia

307 2239 344 2279 est
355 2231 463 2295 Epistola
474 2234 574 2279 Octava.
891 2229 1028 2294 frontium
1046 2230 1088 2277 ubi
1098 2228 1148 2277 vid.
1160 2238 1209 2277 not.

342 2296 380 2343 16.
399 2296 507 2344 Privatus
528 2306 555 2343 ut
576 2306 662 2359 querat
684 2311 743 2357 opes,
762 2302 820 2343 cett.
839 2302 867 2341 ut
930 2294 1026 2349 26,2'i.
1053 2296 1139 2346 Quodsi
1162 2294 1260 2355 Frigida
1284 2310 1396 2341 curarim
1414 2296 1461 2358 so·

307 2356 420 2406 doctrinar
431 2359 513 2423 copias
524 2374 552 2406 ex
565 2374 590 2408 se
601 2360 653 2423 ipso
663 2358 766 2413 hauriat,
778 2374 826 2407 non
837 2374 866 2407 es
898 2367 973 2403 merita
981 2360 1109 2419 relinquere
1115 2373 1194 2418 pones,
1200 2364 1258 2404 cett.
1267 2359 1460 2421 sensus:quodsi

307 2420 405 2468 aliorum
418 2422 519 2486 scriptis,
529 2438 583 2496 quae
595 2424 619 2471 in
630 2422 776 2471 bibliotheca
784 2422 867 2488 templi
898 2435 975 2476 curas,
984 2437 1045 2484 quas
1055 2421 1129 2476 loves,
1138 2420 1224 2483 ejicere
1235 2435 1316 2484 posses
1328 2437 1358 2469 ex
1368 2422 1458 2479 animo,

308 2484 430 2547 Apollinis
442 2486 546 2534 Palatini
557 2495 687 2535 servantur.
898 2484 928 2532 ad
942 2484 1093 2548 altioraque
1109 2494 1133 2533 te
1148 2484 1246 2532 duceret
1255 2483 1345 2532 dirime
1361 2485 1459 2548 originis

342 2548 444 2596 itt-21.
464 2550 506 2606 Ne,
525 2554 544 2598 st
553 2551 627 2615 sirie,
639 2560 695 2600 cett.
714 2566 752 2606 ns,
772 2550 793 2600 si
808 2550 865 2601 forts
897 2548 1022 2614 sapientia,
1034 2548 1172 2604 evehereris,
1185 2548 1241 2595 h.e.
1252 2548 1346 2596 virtutis
1362 2557 1387 2598 et
1400 2549 1457 2600 doc·

305 2611 393 2667 aliena,
413 2613 501 2676 quibus
521 2629 546 2662 se
567 2615 699 2670 exornavit,
719 2624 864 2680 repetantur,
897 2613 964 2660 trinu
987 2613 1062 2677 gloria
1080 2612 1224 2678 conspicuus
1241 2613 1457 2677 exsplendescente.

306 2675 379 2723 risum
401 2685 503 2732 moveat,
525 2677 589 2726 sicut
611 2677 635 2724 in
662 2679 754 2726 Fabula
778 2680 865 2745 AEsopi
899 2676 1002 2726 Videtur
1024 2677 1139 2725 Horatius
1163 2677 1233 2724 Floro
1253 2677 1351 2724 mollins
1371 2693 1455 2742 expro-

306 2739 417 2802 (Phaedr.
440 2739 456 2796 i,
479 2741 517 2802 3),
540 2741 661 2789 cornicula
683 2742 864 2853 velapraculns.
896 2741 964 2789 brars
981 2740 1115 2788 divitiamm
1132 2740 1294 2804 cupiditatem,
1307 2755 1363 2814 que
1379 2757 1458 2806 neque

307 2803 441 2860 Cornicula,
454 2804 518 2852 sicut
527 2804 662 2854 cornicula:
680 2805 712 2852 ci.
761 2808 864 2869 praeced.
954 2814 1009 2853 ntur
1029 2820 1108 2868 neque
1130 2803 1279 2869 possidentur
1299 2818 1351 2852 srne
1376 2807 1457 2864 curis;

307 2867 385 2932 Epist.
396 2885 421 2916 v.
431 2870 473 2917 42.
507 2869 612 2916 Furtiuis
634 2871 723 2918 audiun
744 2872 864 2927 coloribus,
914 2882 941 2916 as
948 2869 1021 2933 igitur
1031 2883 1108 2925 curas,
1116 2883 1178 2932 quas
1186 2868 1255 2916 alunt
1262 2876 1286 2915 et
1288 2870 1373 2933 fovent
1381 2870 1456 2924 arari,

304 2940 377 2980 exuta
393 2933 499 2998 pulchris
530 2933 614 2981 avonis
628 2933 722 2998 pennis,
733 2949 795 2996 quas
809 2950 865 2983 snas
897 2933 1019 2995 eleganter
1030 2942 1098 2980 vocat
1113 2933 1345 2996 curarumfosrenta,
1362 2941 1386 2979 et
1401 2933 1456 2996 qui-

305 2994 393 3045 lecarat
411 2949 541 3046 corniculi.
575 2997 626 3058 lpse
643 3000 699 3060 quid
720 3001 804 3045 arides?
820 2999 863 3046 tibi
896 2995 950 3043 dem
965 2997 1073 3062 frigida,
1092 2995 1149 3060 quia
1167 3004 1260 3060 pectus,
1280 2996 1347 3067 quod
1363 2995 1457 3045 virtutis

304 3061 454 3110 tractandum
482 3061 699 3127 perficiendumque
730 3062 862 3110 sumsistil
895 3075 975 3108 rmore
989 3059 1088 3108 accendi
1100 3060 1136 3108 vel
1150 3059 1243 3123 poetico
1257 3061 1341 3123 spiritu
1352 3059 1454 3109 incales-

305 3127 383 3188 agilis,
405 3125 468 3174 sicut
489 3127 558 3188 agilis
580 3125 617 3188 (h.
637 3141 659 3173 e.
680 3123 777 3184 sedula)
801 3126 862 3190 apis.
894 3139 949 3172 cere
958 3123 1038 3178 debet,
1051 3123 1153 3172 reddunt
1155 3123 1287 3187 frigidam.

306 3189 420 3238 Horatius
438 3205 492 3254 sup.
505 3189 553 3237 Od.
566 3189 597 3245 iv,
614 3191 638 3244 2,
657 3189 689 3236 27
708 3188 738 3236 dc
755 3203 781 3238 se
799 3189 860 3254 ipso,
924 3189 966 3236 28.
984 3188 1452 3250 llocopus,toerrudium,cett.sensns:

303 3267 352 3314 ego,
374 3257 425 3314 apis
443 3253 539 3300 Mutine
562 3253 627 3300 More
650 3255 764 3314 modoque,
785 3253 862 3302 Grata
894 3251 947 3299 Nos
964 3267 1047 3300 ornnes
1062 3251 1134 3316 igitur
1149 3249 1282 3316 superiores
1298 3261 1454 3315 sequensque

303 3320 417 3375 carpentis
434 3317 512 3378 thyma
523 3332 565 3378 per
576 3317 671 3364 laborem
686 3317 861 3372 Plurimum-
893 3314 967 3362 intimi
989 3331 1082 3364 summo
1103 3314 1182 3363 studio
1201 3329 1270 3378 agere
1288 3313 1405 3362 debemus
1420 3315 1452 3372 id,

305 3377 416 3427 Carmina
425 3380 511 3442 fingo;
530 3381 572 3428 ubi
585 3379 703 3454 videque
719 3380 749 3428 de
766 3396 862 3446 compa·
895 3387 931 3432 ut,
944 3378 965 3426 si
975 3386 1000 3427 et
1009 3379 1091 3443 patrie
1103 3388 1127 3426 et
1136 3378 1206 3426 nobis
1215 3377 1265 3425 cari
1273 3378 1375 3426 evadere
1385 3379 1452 3427 volu·

303 3439 394 3490 ratione
412 3452 532 3507 poetarum
549 3459 605 3492 curn
623 3445 708 3510 apibus
724 3445 793 3493 flores
809 3461 861 3494 car-
895 3458 957 3498 mus,
974 3441 1037 3490 curis
1055 3459 1086 3492 ex
1102 3442 1181 3490 animo
1197 3441 1275 3506 pulsis
1288 3441 1372 3489 virtuti
1387 3458 1452 3492 erer-

302 3504 413 3567 pentibus
427 3507 568 3556 notavimus.
894 3506 977 3554 cende
988 3505 1166 3555 adsuescamus.

336 3569 376 3615 22.
402 3571 524 3634 ingenium
548 3573 650 3620 hirtum:
673 3571 794 3635 ingenium
815 3586 863 3619 non
927 3571 1033 3619 30-35.
1052 3573 1078 3618 Si
1096 3573 1139 3618 tibi
1157 3586 1227 3624 cure,
1246 3577 1303 3617 cett.
1323 3571 1343 3615 sl
1367 3569 1451 3632 (uum)

302 3632 424 3681 excultum
447 3644 596 3701 comparatur
612 3651 667 3685 cum
689 3651 754 3710 apro,
774 3635 825 3700 qui,
843 3636 864 3683 si
896 3633 1020 3682 Munatius
1031 3637 1074 3682 tibi
1080 3633 1114 3681 sit
1124 3642 1196 3682 tante
1206 3650 1267 3680 eure
1277 3643 1369 3694 quante
1379 3634 1400 3680 is
1410 3633 1453 3680 tibi

304 3708 352 3742 non
371 3697 465 3755 colitur,
482 3699 592 3765 vepribus
609 3707 633 3747 at
652 3699 726 3764 spinis
746 3700 821 3747 hirtus
840 3706 864 3747 et
894 3713 959 3746 curse
978 3713 1029 3746 esse
1045 3701 1164 3746 mantas
1183 3700 1239 3760 (par
1256 3694 1311 3770 sit),
1325 3695 1351 3742 h.
1362 3711 1385 3744 e.
1397 3711 1452 3744 nun

303 3757 411 3824 hispidus
422 3771 467 3810 est.
894 3761 1000 3810 studiosa
1016 3762 1050 3810 ita
1060 3776 1117 3826 erga
1128 3769 1230 3810 veterem
1247 3775 1352 3808 anticum
1362 3761 1452 3808 Muna-

335 3825 376 3880 23,
388 3827 429 3873 24.
446 3827 490 3874 Seu
512 3829 617 3890 linguam
636 3830 710 3874 eurisis
727 3830 800 3883 ansis,
819 3842 862 3875 seu
895 3825 953 3873 tium
964 3833 988 3873 te
999 3841 1075 3888 geras,
1088 3825 1124 3873 nti
1135 3839 1192 3888 erga
1202 3823 1270 3871 illurn
1286 3831 1310 3872 te
1326 3823 1454 3886 geremias

303 3894 326 3934 te
337 3887 367 3936 ad
378 3904 463 3938 causas
470 3897 541 3939 acute
549 3899 573 3939 et
583 3891 670 3938 diserte
682 3889 706 3938 in
715 3890 815 3955 judiciis
825 3891 861 3938 di·
894 3889 937 3948 sit3
955 3889 1074 3938 discordia
1083 3887 1176 3937 scilicet
1183 3888 1245 3935 inter
1254 3887 1352 3936 Florum
1363 3896 1388 3934 et
1395 3889 1453 3935 ilu-

301 3952 390 4011 eendas
410 3961 434 4002 te
470 3969 585 4028 reparas:
603 3969 699 4002 causam
719 3957 744 4002 in
762 3954 863 4018 judiciis
894 3954 985 4001 natium
1003 3952 1103 4016 gliscere
1119 3958 1234 4016 coepsrat.
1266 3951 1376 3999 Aumale
1390 3961 1453 3999 urta

302 4013 389 4064 dicturi
401 3971 469 4082 apud
481 4019 619 4068 Ciceronem
634 4034 730 4082 quoque
745 4020 813 4067 Orat.
825 4018 860 4074 iii,
895 4018 990 4073 Gratia,
1008 4025 1065 4066 cett.
1085 4031 1115 4064 an
1133 4016 1223 4077 (maie)
1241 4015 1382 4063 simulanter
1400 4023 1453 4062 tsn-

301 4080 342 4136 30,
354 4081 474 4145 eleganter
484 4083 590 4145 linguam
601 4085 631 4130 ud
646 4083 768 4130 dicendam
778 4099 862 4131 acuere
893 4089 945 4128 turn
965 4080 1117 4129 reconciliata
1133 4079 1252 4127 intervos
1270 4087 1307 4126 cst
1325 4079 1411 4140 gratia
1430 4093 1455 4128 et

301 4151 323 4189 el
342 4149 466 4204 procudere
484 4144 614 4204 dicuntur,
630 4146 702 4194 etsie
721 4145 784 4211 apud
801 4161 862 4194 eun·
894 4153 1033 4193 renovatum
1048 4143 1157 4192 amicitiae
1169 4142 1249 4192 ioedus
1263 4141 1294 4191 de
1309 4142 1403 4204 iniegm
1417 4159 1454 4190 re·

301 4205 355 4254 dem
372 4209 402 4257 ad
418 4209 495 4258 artic.
506 4209 531 4266 ii,
544 4211 568 4264 7,
581 4227 603 4258 ss
620 4225 702 4258 acme
715 4213 746 4258 ad
763 4212 863 4272 aliquid.
895 4209 1025 4257 scinditurl
1042 4209 1455 4260 Serta-coit-rescinditar.trans-

302 4269 407 4320 Pindaro
419 4273 491 4338 Pyra.
501 4273 519 4329 i,
529 4275 569 4328 86,
582 4275 625 4321 hoc
635 4272 722 4320 dicitur
733 4272 863 4338 χαλκεύειν
896 4272 945 4321 lata
952 4273 1003 4321 hec
1015 4280 1095 4320 sunta
1104 4271 1251 4326 vulneribus,
1259 4286 1323 4333 quae,
1330 4278 1358 4317 ut
1366 4283 1454 4328 mut,

300 4336 421 4444 pidaras
433 4355 453 4386 π
470 4339 563 4396 όςτινι·
579 4337 629 4385 vid.
639 4337 755 4385 eruditam
767 4339 860 4386 Boacl-
893 4345 1042 4386 consuuntur
1059 4345 1084 4385 et
1099 4335 1252 4398 colligantur,
1263 4342 1314 4390 ant,
1326 4341 1453 4399 postquam

318 4399 334 4446 ii
348 4409 428 4449 notam
462 4401 503 4458 .ii,
515 4417 540 4465 p.
551 4401 577 4458 ii,
589 4417 613 4466 p.
624 4402 682 4448 2³8.
717 4403 861 4464 Cioirajura
894 4400 1009 4458 coierunt,
1022 4402 1196 4448 rescinduntur.
1230 4400 1260 4444 Ar
1279 4414 1324 4454 sos,
1337 4405 1410 4445 cett:
1430 4409 1457 4447 at

302 4461 451 4526 Responderi.
483 4467 528 4514 Jus
544 4467 676 4528 respondere
694 4481 744 4530 pro,
761 4465 860 4529 dejure
892 4480 944 4521 vos,
955 4465 1006 4514 sire
1023 4463 1097 4512 animi
1111 4463 1196 4517 servor,
1209 4476 1251 4510 sen
1268 4459 1455 4510 remminscitia
