3150 5200
586 357 814 424 CARMEN
841 362 868 424 l.

330 511 492 575 Utrumne
503 511 588 595 jussi
603 533 839 595 persequemur
851 512 965 589 otium,

435 611 514 676 Non
529 611 635 688 dulce,
652 613 686 676 ni
702 623 810 677 tecum
824 613 941 678 simuli

329 715 385 779 An
399 714 487 778 hunc
501 713 646 778 laborem
659 725 767 780 mente
781 713 891 791 laturi,
907 715 1003 780 decet

267 819 307 880 10
436 816 515 889 Qua
529 815 614 880 ferre
629 838 695 880 non
710 815 822 881 molles
837 817 946 880 virosi

329 917 501 996 Feremus;
524 928 559 982 et
574 927 607 981 te
621 916 671 982 vel
685 939 745 1001 per
760 915 896 1002 Alpium
906 919 1000 1002 juga,

435 1007 670 1103 Inhospitalem
684 1028 718 1082 et
734 1019 928 1095 Caucasum,

327 1119 393 1186 Vel
408 1121 587 1186 occidentis
602 1141 707 1204 usque
723 1121 766 1184 ad
780 1119 928 1185 ultimum
943 1122 1060 1199 sinum,

435 1223 528 1288 Furti
542 1244 715 1307 sequemur
730 1233 874 1306 pectore.

267 1327 306 1387 15
328 1325 453 1410 Rogas,
471 1336 561 1390 tuum
575 1325 687 1388 labore
700 1324 780 1407 quid
791 1327 903 1408 juvem
917 1346 1000 1400 meo,

435 1425 590 1502 Imbellis,
608 1448 645 1489 ac
660 1425 773 1490 firmus
789 1428 926 1510 parum?

327 1527 444 1591 Comes
458 1528 582 1591 minore
598 1549 669 1590 sum
684 1525 815 1590 futurus
830 1528 863 1591 in
878 1537 978 1602 metu,

438 1629 507 1702 Qui
521 1628 624 1712 major
640 1630 793 1691 absentes
808 1627 926 1692 habet:

329 1729 378 1793 Ut
392 1730 539 1794 assidens
556 1729 763 1814 implumibua
779 1729 876 1813 pullis
892 1733 959 1793 avia

262 1833 307 1896 20
437 1831 645 1916 Serpentium
660 1830 803 1915 allapsus
819 1833 910 1896 timet

328 1933 437 2018 Magis
452 1933 591 2012 relictia3
616 1956 692 2010 non,
708 1943 745 1997 ut
761 1933 859 2008 adsit,
875 1933 977 1998 auxili

436 2036 561 2099 Latura
575 2034 648 2119 plus
664 2035 892 2118 praesentibus.

326 2137 485 2201 Libenter
500 2137 562 2202 hoc
577 2147 611 2201 et
627 2158 719 2202 omne
735 2135 926 2200 militabitur

436 2239 565 2304 Bellum
579 2241 613 2302 in
629 2250 694 2302 tuae
710 2259 801 2322 spem
816 2239 947 2322 gratiae:

150 2407 322 2471 navigaturum
339 2407 407 2454 esset
439 2407 487 2454 Per
503 2423 570 2454 naues
588 2405 713 2462 Liburnus,
786 2405 891 2453 12-10.
920 2405 1082 2468 inhospitalem
1105 2407 1247 2457 comtum:
1274 2411 1308 2464 el,

150 2471 288 2535 dequibus
306 2469 360 2518 vide
377 2485 431 2534 sup.
448 2469 616 2528 adtactu,
635 2469 713 2532 desig·
746 2468 844 2532 sup.ad
858 2469 876 2524 i,
887 2471 928 2525 22,
940 2471 965 2518 6.
993 2469 1035 2517 Vel
1051 2472 1173 2519 occidentis
1188 2489 1259 2536 enque
1275 2478 1307 2524 ad

152 2547 224 2584 natur
245 2533 330 2582 classis
349 2535 469 2599 Augusti5
490 2550 532 2600 per
552 2535 602 2582 alta
620 2536 714 2581 nauium
745 2534 855 2580 altimum
871 2535 956 2590 sinum,
969 2533 1000 2582 ad
1016 2541 1134 2583 extremos
1145 2551 1223 2599 usque
1234 2539 1307 2588 Occi·

149 2601 330 2663 propugnacula
353 2610 432 2648 autem
454 2598 540 2648 classis
563 2598 664 2647 Antonii
691 2606 715 2647 et
746 2596 841 2647 dentem
864 2614 946 2647 versus
967 2598 1059 2647 Oceani
1080 2599 1208 2659 terminos,
1233 2604 1309 2653 laboro

151 2664 214 2713 Cleo
247 2674 298 2719 trae,
310 2664 468 2727 cujusnaues,
480 2672 508 2712 ut
520 2662 592 2711 tradit
604 2663 668 2711 Flor.
682 2662 713 2717 iv,
745 2679 801 2719 meo,
814 2677 868 2711 mea
878 2662 973 2720 militia,
985 2678 1048 2719 maa,
1058 2678 1131 2727 quam
1141 2662 1168 2711 in
1179 2664 1244 2715 bello
1255 2682 1308 2717 sus·

154 2730 194 2785 ll,
232 2730 327 2776 arribus
342 2739 410 2791 atque
424 2730 535 2776 tabulatis
548 2729 651 2776 allevata
665 2743 714 2775 cna·
746 2725 822 2774 tinere
836 2742 943 2792 possum,
958 2742 1038 2792 opera.
1066 2728 1167 2776 imbellis
1184 2746 1308 2793 separans

152 2794 260 2841 ullorum
272 2794 398 2842 sturbium
409 2796 579 2855 speciesproess
588 2791 715 2856 serebant:
739 2790 836 2853 firmus,
854 2790 998 2855 ἀπτόλεμος
1014 2792 1055 2840 καὶ
1073 2793 1186 2851 ἄναλκις.
1222 2795 1307 2854 Habet,

151 2854 202 2905 vid.
215 2856 292 2914 Diol,
308 2858 345 2905 lu.
374 2856 439 2905 Hinc
457 2856 574 2920 Virgilius
592 2854 622 2903 de
639 2855 716 2904 classo
747 2854 806 2919 ἔχει,
819 2864 930 2919 occupat,
942 2871 1059 2920 occupem
1070 2855 1139 2905 solet.

152 2920 257 2969 Antonii
275 2918 466 2979 AEn.viii,690,
482 2922 564 2984 pelago
580 2921 659 2967 credas
675 2922 712 2967 in·
746 2944 749 2951 ·
781 2920 886 2967 19-22.
906 2920 939 2968 Ut
955 2922 1214 2993 asidenaimplumibut
1224 2924 1305 2983 pisliia,

152 3002 212 3033 nare
229 2987 331 3033 reuulsus
353 2986 474 3048 Cycladas,
493 2994 535 3033 aut
556 2993 640 3032 montes
660 3002 713 3032 con-
746 2984 851 3032 renuti
868 2983 988 3039 lemovis,
1006 2983 1080 3049 pullis
1096 2984 1252 3049 inplumibus
1268 3001 1306 3037 aa·

151 3066 246 3097 rursm
265 3050 378 3097 montibus
396 3050 468 3097 altos:
493 3048 569 3096 Tanto
590 3050 646 3095 nole
667 3051 715 3097 uiri
747 3046 828 3095 sidens
847 3048 903 3112 (pro
923 3048 998 3104 tenui,
1017 3046 1099 3121 pullos
1118 3046 1245 3113 implumes
1263 3049 1306 3100 bs·

152 3116 249 3161 turritis
264 3116 380 3176 puppibus
396 3116 499 3161 instant:
517 3112 549 3161 cl.
561 3112 627 3160 Plin.
639 3112 713 3171 xxxii,
746 3111 830 3172 bens),
847 3109 923 3174 magis
937 3111 968 3159 iis
982 3110 1071 3160 relictis
1088 3110 1128 3176 (in
1145 3126 1204 3160 casu
1222 3113 1306 3177 tertio)

152 3177 255 3253 Ι1.],ὶιιί
268 3178 318 3225 aits
329 3181 425 3252 fluuium
433 3179 610 3250 propugnaculo
618 3176 651 3251 ‘de
663 3192 713 3225 ma·
747 3174 892 3250 uomentium
903 3176 1009 3241 allapsus
1020 3174 1097 3249 timet,
1109 3175 1134 3224 h.
1146 3192 1169 3224 a.
1181 3175 1210 3224 de
1227 3175 1257 3223 iis
1270 3193 1307 3227 re·

148 3241 716 3370 tiit{altit“ittitlilitltltt
747 3239 1308 3369 {inlittlutnttllltlllllll

151 3368 281 3426 recedunt,
295 3369 419 3420 sedetiam
430 3369 538 3436 periculi,
549 3369 580 3417 de
591 3385 638 3434 quo
648 3377 718 3435 poeta
749 3366 808 3417 licet
827 3368 882 3433 (ut)
903 3368 973 3426 adsit,
995 3368 1025 3416 iia
1047 3368 1174 3434 presentia
1192 3384 1237 3417 sua
1259 3386 1309 3420 non

153 3434 261 3483 maxime
275 3434 389 3484 sollicitus
400 3443 445 3490 est,
463 3434 659 3498 magnitudinem,
671 3432 717 3483 nisi
748 3432 814 3497 plus,
833 3447 906 3498 quam
925 3432 946 3482 si
968 3432 1039 3491 absit,
1061 3432 1146 3481 auxilii
1166 3432 1245 3481 latura
1263 3442 1308 3484 est.

153 3498 246 3547 tollunt
255 3498 335 3563 plane,
346 3508 411 3549 certa
423 3499 518 3548 elevant
528 3506 554 3547 et
562 3498 683 3547 minuunt.
750 3497 791 3546 Sic
808 3513 859 3551 uon
875 3513 937 3563 opus
950 3496 1052 3554 videtur,
1069 3504 1098 3545 ut
1114 3512 1170 3546 cum
1187 3498 1308 3557 Bentleio,

188 3565 279 3613 5-10.
301 3565 364 3617 Quid
380 3566 435 3612 nos?
456 3566 546 3627 quibus,
564 3570 622 3611 cen.
651 3560 717 3621 Quid
749 3577 792 3627 pro
803 3580 858 3619 non,
869 3572 897 3609 ut
907 3564 978 3618 adsit,
990 3562 1075 3618 auxili,
1085 3569 1143 3611 cett.
1156 3561 1307 3621 rescribatur,

152 3643 200 3691 ego
215 3626 294 3702 igitur,
311 3636 334 3677 ts
351 3628 377 3677 in
394 3635 442 3677 tum
454 3626 614 3695 periculosum
625 3626 716 3675 bellum
748 3644 803 3685 nors,
821 3630 858 3675 uti
876 3628 906 3674 ait
925 3626 1009 3683 sutili,
1027 3634 1084 3675 cett.
1101 3625 1207 3692 explieat
1223 3643 1277 3677 nem

153 3693 327 3757 proficiscente,
343 3692 477 3741 laciamle
510 3690 569 3749 ,cui
584 3689 642 3747 vita,
656 3690 676 3741 ai
692 3698 717 3740 te
748 3708 803 3748 non,
819 3694 857 3738 uti
875 3706 926 3755 pro,
947 3706 996 3738 non
1015 3706 1073 3756 quo,
1093 3691 1140 3747 vel,
1159 3706 1208 3739 non
1227 3644 1308 3757 quod}

152 3754 717 3870 ulti?litttltttttl'illii?
748 3754 833 3868 tlt?
844 3754 1310 3877 ‘⁰⁰²²l,³i²,ttt¹³“lt⁰ti’tli‘

151 3888 257 3947 perstite,
270 3836 516 3949 iclrvitacontigertn
533 3884 643 3950 planeut
660 3900 716 3933 mox
748 3819 976 3933 inlectummal:
993 3882 1038 3931 int.
1055 3855 1081 3932 il
1114 3834 1211 3948 pistlad
1222 3836 1309 3931 lisa.

153 3964 225 3997 versu
237 3950 261 4005 B,
273 3952 298 3997 ni
315 3960 389 3997 tecum
403 3951 482 4007 simul,
497 3964 531 3998 sc.
546 3948 621 3997 otium
638 3949 715 3997 conti-
750 3948 788 4003 13,
801 3964 846 3994 non
858 3956 886 3995 ut
896 3948 1013 4007 Serpentes
1021 3949 1102 3995 cnibrn
1109 3949 1266 4009 geminentur.

152 4013 224 4124 §rit
256 4013 372 4061 Utrumne
381 4016 446 4076 jussi
460 4029 619 4077 persequemur
634 4016 715 4070 otium,
780 4012 889 4059 23-30.
906 4010 1015 4059 Libenter
1030 4012 1104 4059 boeot
1121 4026 1184 4057 mnne
1197 4011 1309 4057 militabi-

182 4078 296 4133 ondnlse,
311 4080 336 4125 ni
351 4080 519 4126 reconsimult
547 4078 584 4125 An
602 4078 663 4125 lunc
680 4078 715 4124 ln·
749 4085 799 4131 tur,
811 4083 867 4123 cett.
893 4074 1006 4123 Libenter
1015 4073 1165 4136 ego,tamin
1176 4072 1222 4121 boc
1251 4090 1307 4123 unm

153 4144 238 4199 boram,
261 4149 318 4190 cett.
342 4142 470 4198 Utrumne,
493 4142 558 4207 quod
581 4157 618 4189 me
639 4140 717 4189 lacere
749 4138 774 4187 iu
810 4136 1023 4193 novisaliobello,
1040 4136 1212 4186 militiavicem
1228 4153 1243 4185 o
1260 4137 1308 4197 ibo,

150 4205 233 4279 J'nbes,
250 4204 315 4253 domi
332 4222 377 4269 ego
390 4206 464 4255 vitam
480 4206 589 4263 otiosam,
605 4222 653 4253 non
671 4204 717 4253 nisi
749 4220 773 4252 m
806 4219 829 4260 o,
852 4202 878 4251 id
899 4201 943 4250 tibi
965 4210 1058 4264 gratum
1076 4200 1166 4259 lore,s
1223 4218 1248 4251 re
1266 4218 1309 4267 po-

151 4284 180 4317 rn
192 4277 236 4318 tua
247 4268 360 4319 societate
370 4269 429 4318 milri
437 4269 581 4336 jucundam,
593 4269 716 4319 sectaborl
750 4276 815 4328 tero;
834 4267 891 4322 alia,
908 4282 964 4332 quae
981 4264 1023 4314 alii
1039 4273 1156 4341 spectant,
1203 4264 1231 4314 lli
1249 4282 1310 4331 prn-

152 4348 187 4381 an
210 4333 265 4382 lorti
285 4333 365 4399 potius
388 4334 468 4384 animo
485 4351 536 4383 una
557 4344 637 4384 tecmn
659 4333 717 4382 belli
750 4332 807 4389 mia,
820 4331 935 4397 ampliora
952 4330 1087 4388 latifundia,
1174 4330 1309 4397 'sparena

151 4398 249 4448 labores
267 4400 400 4464 perieram!
424 4416 467 4465 pro
484 4398 586 4474 vulgari,
606 4407 718 4449 utrumne
749 4397 822 4446 villas
843 4395 990 4461 magnificas,
1012 4394 1073 4444 nihil
1123 4393 1205 4443 uiam
1224 4411 1310 4445 moror.

151 4478 200 4526 ego
219 4478 249 4512 ex
270 4472 312 4511 tua
329 4463 452 4513 voluntate
472 4464 536 4512 domi
557 4465 666 4522 manebo,
687 4478 718 4511 an
752 4462 805 4511 Non
821 4471 849 4510 at
857 4462 966 4525 juvencis
985 4462 1080 4534 illigata
1097 4461 1205 4523 paribus
1220 4461 1309 4509 Aratea

153 4542 206 4575 nna
217 4534 299 4577 tecum
310 4527 335 4576 iu
348 4526 438 4577 bellurn
450 4527 599 4595 proficiscar?
751 4529 859 4576 nitantur
882 4542 939 4582 mes,
960 4524 1112 4590 exquisitiore
1137 4524 1249 4589 loquendi
1271 4539 1309 4575 rt·
