3150 5200
568 346 739 413 LIBER
762 349 825 426 111,
849 350 880 412 5.
1242 349 1297 416 ΙΙΙ

362 503 482 567 Fertur
496 500 626 586 pudice
640 501 789 586 conjugis
805 499 961 579 osculum,

362 605 551 688 Parvosque
566 615 672 679 natos,
688 615 725 666 ut
740 604 856 688 capitis
872 605 987 682 minor,

404 703 461 771 Ab
477 727 512 769 se
525 707 711 782 removisse,
725 716 760 769 et
774 705 897 770 virilem

445 806 577 871 Torvus
592 807 682 872 humi
696 806 846 891 posuisse
862 806 1003 870 vultum:

296 909 340 972 45
360 909 478 974 Donec
492 908 641 974 labantes
656 908 792 973 consilio
806 919 918 992 patres

360 1011 521 1074 Firmaret
535 1021 650 1075 auctor
663 1032 829 1094 nunquam
844 1011 923 1074 alies
939 1011 1028 1088 dato,

403 1110 559 1195 Interque
573 1123 748 1176 moerentes
764 1112 884 1176 amicos

447 1213 614 1298 Egregius
629 1225 822 1299 properaret
837 1215 942 1278 exsul.

360 1314 466 1400 Atqui
481 1317 617 1393 sciebat,
633 1339 708 1399 quae
723 1315 787 1379 sibi
801 1317 962 1380 barbarus

299 1419 342 1482 50
362 1418 486 1482 Tortor
500 1429 649 1503 pararet:
672 1441 739 1482 non
753 1417 847 1482 aliter
863 1429 971 1482 temen
1024 1483 1032 1494 ,

406 1519 553 1584 Dimovit
566 1522 736 1585 obstantes
751 1521 965 1604 propinquos,

450 1623 498 1687 Et
512 1622 669 1707 populum
683 1622 809 1687 reditus
824 1633 1013 1701 morantem,

363 1727 472 1799 Quam
486 1727 514 1789 si
528 1724 682 1791 clientum
696 1725 794 1809 longa
809 1727 941 1810 negotia

363 1827 555 1912 Dijndicata
569 1828 625 1893 lite
640 1827 849 1910 relinqueret,

298 1929 342 1992 55
405 1929 563 1994 Tendens
577 1928 783 1994 Venafranos
799 1931 833 1993 in
847 1953 955 2015 agros,

449 2031 521 2096 Aut
536 2032 820 2097 Lacedaemonium
835 2031 1026 2096 Tarentum.

138 2236 173 2286 de
188 2237 240 2286 virs
256 2237 303 2286 sibi
319 2237 476 2286 condonanda
497 2254 552 2287 cum
564 2238 632 2287 hoste
648 2238 708 2302 egit.
740 2252 848 2306 unquam
871 2237 897 2286 in
912 2252 985 2311 ¹suam
992 2235 1083 2350 ,idm
1134 2236 1233 2286 rniciem
1253 2245 1302 2286 tam

138 2301 266 2374 Protross's
277 2305 355 2350 Altior
367 2303 442 2351 ltalia
452 2304 546 2351 ruinis!
579 2303 708 2376 Carthago,
741 2317 856 2376 generoso
878 2317 958 2376 animo
975 2301 991 2349 d
1022 2301 1049 2351 it.
1109 2307 1214 2376 gregim,
1235 2301 1260 2350 b.
1281 2318 1302 2350 e.

137 2365 205 2413 dum
221 2368 348 2431 imperinm
364 2367 504 2415 Muranum
518 2368 629 2432 probrosa
645 2368 708 2414 mrlr·
742 2367 831 2431 egregii
841 2365 1002 2430 etsrngnlans
1013 2365 1125 2430 exempli.

136 2439 198 2479 tum
217 2430 315 2506 ignatio
335 2430 472 2488 destruitur,
494 2446 524 2479 eo
544 2430 618 2480 altius
638 2441 711 2496 caput
775 2433 882 2480 49-56.
899 2433 971 2494 Atqui
980 2433 1070 2505 sciebat.
1080 2449 1129 2508 qus
1138 2433 1181 2478 esdr
1192 2433 1304 2479 borbat-ur

138 2495 339 2609 mlii-exiliit
349 2563 433 2623 sopitis
443 2564 526 2616 minor,
538 2569 565 2610 ut
575 2561 655 2617 bomo,
667 2560 709 2626 qni
740 2496 968 2626 iiiiigniiibiii'n
975 2495 1304 2615 bdcmzbdmibldrdbbndtrii

142 2624 286 2691 captivitate
306 2640 355 2673 non
381 2626 459 2674 solum
484 2625 553 2675 liberi
573 2626 635 2675 civis
645 2642 711 2739 dm
741 2626 1181 2701 etndsaqoiritnsnppliciaproſseisri.
1215 2624 1303 2691 Respi-

145 2689 235 2746 amisit,
250 2689 292 2738 sed
306 2706 391 2738 servus
405 2690 466 2739 adeo
481 2690 560 2739 iactus
576 2700 628 2751 est;
662 2691 710 2740 ice·
743 2691 778 2739 cit
786 2690 879 2739 scilicet
890 2690 1003 2738 Horatius
1016 2688 1180 2739 crudelissime
1194 2688 1237 2737 illa
1247 2705 1304 2756 sup·

144 2754 234 2802 bantur
248 2753 367 2818 ejusmodi
386 2754 495 2803 homines
509 2758 623 2803 deminuti
636 2759 712 2818 capite
742 2756 816 2821 plicia
830 2762 854 2805 et
868 2763 992 2813 tormenta,
1007 2754 1095 2819 quibus
1113 2754 1232 2819 Regulus,
1249 2770 1304 2803 cum

146 2818 213 2881 (vid.
225 2818 279 2866 Liv.
294 2818 353 2875 xxii,
365 2820 407 2876 60,
418 2820 460 2867 ubi
471 2820 580 2868 Manlius
594 2821 709 2886 captivos,
743 2820 914 2885 Carthaginem
936 2834 1043 2867 reversm
1066 2828 1137 2875 esset,
1159 2818 1259 2867 affectus
1282 2828 1307 2868 et

146 2892 175 2931 ut
190 2882 361 2933 redimerentur
378 2884 409 2932 ab
423 2884 561 2932 Hannibale
575 2883 668 2941 mneos,
684 2892 712 2933 ut
743 2893 843 2934 necatus
853 2900 905 2935 esee
916 2883 1032 2941 traditum
1048 2898 1148 2947 qnorum
1166 2882 1304 2948 descriptio·

144 2950 275 2996 ἀωίιιιιιιι
290 2951 383 3011 sopitis,
400 2951 540 2996 otelnnotos
549 2953 609 3011 jars
626 2952 712 2997 clnmm
744 2964 799 2997 nem
810 2948 863 3013 lege
874 2948 937 3014 apud
949 2948 992 2995 Sil.
1003 2948 1061 2995 ltal.
1071 2948 1228 3012 vtaassqq.
1256 2950 1304 2996 Ex·

144 3022 252 3060 etam
263 3014 499 3077 Cortlwginienrinn,
511 3011 575 3061 baad
592 3012 709 3061 redimen-
741 3014 810 3063 titere
825 3021 906 3061 autern
922 3020 976 3077 post
995 3009 1138 3060 Psimerium
1156 3010 1181 3058 in
1200 3012 1305 3060 Exercit.

145 3076 363 3141 dosmccnset),
371 3085 397 3126 et
406 3076 459 3141 ipsa
466 3093 548 3125 eorum
555 3078 661 3126 conditio
671 3096 710 3125 co-
743 3078 774 3127 ed
790 3077 831 3143 Ap
849 3112 855 3125 .
872 3077 917 3141 (ct.
936 3076 993 3125 edit.
1011 3075 1144 3187 Schweiqb.
1162 3076 1208 3123 vol.
1227 3074 1261 3148 iii,
1280 3091 1305 3140 p.

143 3143 205 3203 pitis
220 3145 355 3200 mutantia,
388 3158 425 3190 aar
439 3141 598 3207 fnittriple15
614 3146 713 3190 morino
745 3143 807 3199 392)
818 3094 906 3208 piures,
918 3139 960 3205 qui
970 3140 1093 3215 vulgarem
1121 3139 1305 3205 eRegulrsup-

145 3204 254 3269 quidem,
263 3215 290 3254 ut
299 3158 392 3270 Reguir
403 3206 477 3254 nostri
485 3210 568 3269 ospitis
578 3208 713 3263 deminutio,
746 3206 827 3273 pliciis
841 3206 999 3255 narrationem
1015 3220 1040 3252 ιιι
1054 3203 1225 3253 dubitationem
1235 3218 1306 3252 voca-

145 3269 561 3385 ementitum
575 3271 713 3400 tt‘zltl
744 3267 1307 3399 &trititiatntttltttttt

147 3398 196 3446 sed
213 3397 274 3447 eden
291 3400 352 3447 servi
368 3401 466 3458 nemer,
482 3404 557 3447 minor
572 3400 610 3448 vel
627 3403 711 3456 medin,
744 3400 929 3459 contenderent;
946 3398 1000 3447 vide
1016 3398 1041 3447 in
1058 3398 1131 3455 rimis,
1147 3414 1200 3463 que
1218 3413 1305 3465 nuper-

146 3461 310 3510 cumcirinm
322 3471 410 3513 mntem
423 3464 626 3529 jnsamittcrent;
642 3468 712 3513 misi·
744 3466 803 3513 rime
814 3464 884 3514 docte
893 3473 918 3513 et
929 3463 1024 3529 copiose
1050 3463 1124 3513 abac
1139 3478 1163 3511 re
1177 3463 1307 3527 disputavit

147 3543 200 3582 san,
219 3541 283 3583 curn,
303 3528 405 3591 pristine
425 3528 522 3577 familie
541 3529 596 3593 jare
616 3529 712 3586 amisso,
745 3529 786 3579 (ΙΙ.
800 3530 901 3595 Ruperti
918 3528 949 3577 ad
967 3527 1234 3592 sil.1a1.l.1.p.395
1252 3543 1306 3594 sqq.

147 3589 280 3656 adoptione
290 3591 315 3640 in
327 3592 398 3642 aliam
406 3594 541 3643 transirent.
562 3596 598 3641 At
608 3609 631 3641 se
640 3610 712 3641 remo-
747 3595 823 3648 Quum
833 3597 853 3641 ri
864 3594 983 3650 cibotum,
995 3601 1133 3658 remquam
1145 3592 1175 3649 si,
1184 3600 1212 3641 ul
1221 3607 1306 3642 causa·

147 3658 217 3711 vises,
234 3672 265 3705 ne
281 3666 308 3705 ιιι
321 3658 413 3707 servilis
428 3657 571 3707 conditionis
587 3658 659 3707 bomo
673 3674 714 3707 eos
746 3674 797 3706 rum
810 3658 898 3723 aliquis
909 3667 1031 3722 patronus,
1040 3672 1112 3706 causa
1121 3656 1226 3713 tandem,
1235 3672 1306 3721 qnam

147 3719 221 3785 qussi
238 3721 411 3771 contaminaret
422 3722 553 3772 osculando
568 3723 605 3771 vel
618 3722 712 3771 contin·
746 3739 795 3771 non
815 3724 867 3771 sine
889 3738 975 3787 magna
996 3721 1105 3771 molestia
1122 3736 1163 3787 pro
1180 3721 1308 3769 clientibus

148 3785 239 3849 gendo.
276 3786 371 3834 Virilem
382 3786 543 3837 Tmushami
554 3790 651 3849 positure
661 3790 713 3835 oal-
746 3787 797 3836 suis
814 3786 986 3837 defendendam
1005 3795 1150 3852 susceperat,
1167 3784 1308 3850 dijudicata,

149 3860 215 3897 tunt:
231 3866 262 3900 en
306 3850 418 3900 seclararn
435 3851 517 3917 magni
533 3851 637 3901 Romani
654 3852 713 3900 ima·
745 3853 820 3902 animi
831 3852 868 3901 sui
878 3850 998 3901 reficiendi
1007 3851 1112 3900 causain
1121 3849 1308 3899 amoenissirnam

148 3912 245 3977 gisem!
355 3917 402 3970 lus.
417 3916 468 3981 ipse
482 3932 512 3965 ca
528 3916 601 3972 tirus,
614 3930 644 3963 ne
657 3932 714 3982 cap·
745 3918 866 3982 quandam
874 3916 993 3979 regionem
1002 3913 1200 3963 rusticarumirer.
1217 3914 1309 3975 Longo,

148 3977 195 4027 tivi
209 3980 365 4036 redimantur.
382 3981 480 4029 Senatui
541 3996 611 4029 mano
625 3989 716 4039 auctor,
746 3990 772 4031 et
805 3979 888 4029 roinde
906 3996 934 4028 eo
954 3979 1087 4027 molestiora
1105 3985 1130 4026 et
1147 3978 1236 4041 majore
1254 3992 1308 4023 curn

148 4059 208 4091 cnm
217 4052 340 4093 senatores
348 4046 379 4093 de
389 4060 417 4093 ca
434 4044 506 4094 iendo
515 4045 616 4093 consilio
626 4046 714 4093 fluctu·
795 4044 966 4107 inconjuncta.
1003 4042 1146 4107 Venafranos
1156 4042 1180 4087 in
1194 4056 1270 4102 agros,
1283 4040 1309 4088 in

148 4122 193 4156 ere
213 4117 237 4156 et
258 4109 369 4157 cunctari
390 4062 464 4166 videt,
484 4109 619 4172 generosius
635 4109 715 4173 indig-
748 4107 956 4173 Campanianum,
966 4122 1008 4171 pro
1018 4120 1115 4170 quaque
1123 4103 1172 4152 elia
1180 4103 1310 4153 nmoeniore

149 4180 231 4229 natur,
250 4182 275 4223 et
299 4173 363 4221 banc
387 4173 573 4237 indignationem
591 4174 652 4239 jam·
668 4190 716 4223 non
747 4174 852 4236 regione.
884 4171 1080 4219 Lacedaemoninm
1107 4168 1248 4217 Tarentum:
1277 4168 1310 4219 cl.

148 4236 239 4294 verbis,
262 4238 306 4286 sed
325 4239 395 4287 vultu
418 4238 484 4286 humi
505 4239 600 4304 dejecto
619 4238 718 4288 viriliter
748 4254 803 4303 sup.
814 4237 841 4295 ii,
852 4238 877 4294 6,
893 4237 918 4283 ll
933 4244 958 4282 et
970 4236 1008 4285 12.

148 4301 245 4367 prodit!
265 4302 394 4366 Nunquam
403 4304 463 4350 allos
477 4306 541 4358 doto,
554 4303 626 4367 quale
637 4303 719 4353 nullus
