3150 5200
306 259 370 324 496
689 265 1082 331 EPISTOLARUM

328 413 371 475 25
394 413 596 495 Archilochi,
613 443 676 484 non
692 442 744 484 res
759 431 792 483 et
807 421 936 503 agentia
951 422 1051 484 verba
1068 420 1266 502 Lycamben.

392 515 455 593 Ac,
473 541 513 582 ne
528 543 577 584 me
593 519 677 584 foliis
694 523 767 585 ideo
782 522 985 585 brevioribus
1002 545 1109 598 ornes,

394 618 495 689 Quod
511 622 602 684 timui
617 633 742 686 mutare
757 623 870 686 modos
885 634 919 686 et
932 624 1081 686 carminis
1096 633 1216 699 artem;

392 719 570 806 Temperat
586 723 778 789 Archilochi
794 724 925 788 Musam
941 726 1026 808 pede
1037 724 1180 788 mascula
1196 722 1343 806 Sappho,

392 820 572 906 Temperat
586 824 740 902 Alcaeus;
765 827 823 889 sed
839 828 938 889 rebus
953 836 987 888 et
1002 826 1116 888 ordine
1132 826 1255 909 dispar,
1357 809 1365 824 ⁸

327 922 372 985 30
393 923 466 988 Nec
483 948 629 990 socerum
644 929 772 1011 quaerit,
788 949 884 1010 quem
901 929 1049 992 versibus
1065 928 1188 991 oblinat
1204 928 1294 1000 atris,

394 1025 466 1089 Nec
483 1050 611 1111 sponsae
625 1029 776 1112 laqueum
792 1028 915 1091 famoso
930 1029 1071 1092 carmine
1087 1029 1198 1092 nectit.

393 1125 494 1192 Hunc
509 1151 582 1213 eg0,
599 1153 664 1194 non
679 1131 741 1194 alio
758 1130 881 1193 dictum
895 1131 987 1212 prius
1003 1152 1070 1206 ore,
1089 1130 1227 1193 Latinus

393 1227 535 1313 Vulgari
550 1232 686 1309 fidicen;
706 1235 801 1313 juvet
816 1233 1036 1295 immemorata
1050 1232 1208 1296 ferentem

393 1327 547 1413 Ingenuis
564 1333 729 1417 oculisque
744 1334 820 1416 legi,
837 1334 1051 1416 manibusque
1066 1336 1181 1398 teneri.

327 1430 371 1492 35
394 1429 484 1495 Scire
501 1434 590 1511 velie,
607 1458 678 1498 mea
692 1457 750 1499 cur
766 1436 911 1517 ingratus
928 1435 1084 1518 opuscula
1098 1436 1201 1499 lector

394 1532 525 1597 Laudet
540 1547 689 1618 ametque
704 1536 803 1611 domi,
817 1547 943 1618 premat
957 1547 1051 1599 extra
1065 1536 1161 1600 limen
1176 1536 1327 1620 iniquus?

392 1632 472 1698 Non
486 1657 547 1719 ego
564 1649 705 1702 ventosae
720 1637 825 1721 plebis
842 1635 998 1720 suffiagia
1013 1661 1123 1715 venor,

393 1735 551 1821 Impensis
567 1759 743 1815 coenarum,
760 1749 794 1802 et
808 1739 894 1801 tritae
909 1761 1041 1804 munere
1056 1742 1176 1817 vestis;

395 1836 472 1900 Non
488 1861 560 1922 ego,
577 1839 732 1904 nobilium
748 1840 943 1922 scriptorum
958 1841 1088 1906 auditor
1102 1854 1137 1906 et
1153 1841 1249 1918 ultor,

329 1940 372 2002 40
395 1939 632 2004 Grammaticas
646 1943 767 2006 ambire
784 1941 890 2004 tribus
905 1951 939 2003 et
954 1942 1081 2025 pulpita
1096 1945 1231 2028 dignor:

308 2125 360 2174 Pis.
387 2143 410 2174 v.
434 2129 474 2182 79,
494 2126 655 2175 Archilochum
676 2130 770 2190 proprio
793 2129 865 2174 rahier
879 2185 883 2192 Ι
898 2125 987 2190 lyricus
998 2129 1087 2178 exstiti.
1119 2130 1193 2177 Iurat
1209 2132 1364 2176 immemorata
1374 2128 1453 2192 sma-
1549 2156 1551 2160 ,

307 2195 406 2239 armauit
418 2193 498 2238 iomho.
898 2198 950 2247 tem,
960 2191 1030 2255 juvat
1040 2209 1087 2249 me,
1099 2193 1141 2258 qui
1152 2193 1239 2258 protuli
1249 2192 1365 2250 carmine,
1377 2191 1452 2255 qualia

340 2257 380 2302 26.
400 2255 451 2302 Non
466 2271 510 2309 res,
527 2265 741 2320 argmentaque
757 2254 866 2303 tractarit
898 2263 954 2304 ante
978 2272 1017 2305 me
1042 2259 1123 2306 nullus
1144 2257 1286 2305 Latinomm
1312 2255 1453 2305 memorarit
1548 2250 1551 2273 ¹

308 2318 476 2366 Archilochus.
509 2320 610 2380 rigentia
635 2323 701 2367 uerbo
728 2321 864 2384 Lycamben,
898 2318 1009 2382 ingenuis
1019 2323 1134 2384 coetuque
1150 2324 1205 2384 legi,
1216 2323 1367 2383 monitusque
1377 2323 1453 2374 remi,

307 2381 443 2437 maledicta,
477 2398 515 2429 ua
534 2383 671 2446 Lycmnben
689 2384 792 2447 agebant
808 2383 865 2447 (inr-
898 2384 1004 2432 carmina
1026 2400 1081 2434 mea
1102 2385 1177 2449 lyrica
1197 2385 1308 2433 manibus
1330 2384 1452 2433 cultiorum

308 2443 435 2506 pellebant,
478 2446 598 2509 igebant),
610 2463 644 2495 sc.
655 2447 685 2495 ad
696 2448 785 2496 restim.
898 2447 942 2494 teri
952 2456 1024 2511 atque
1034 2449 1066 2496 ab
1075 2450 1105 2496 iis
1116 2449 1172 2512 legi.
1208 2451 1323 2511 Vulgari.-
1340 2463 1395 2514 sup.
1407 2447 1452 2495 Od-

340 2509 445 2556 26-31.
474 2513 517 2562 Ac,
540 2527 576 2566 ue,
600 2519 656 2559 cett.
690 2513 736 2569 Ac,
761 2528 791 2560 ne
814 2511 866 2560 ideo
898 2509 931 2564 lv,
948 2513 973 2566 9,
989 2513 1051 2569 ihi,
1072 2513 1125 2561 Non
1144 2523 1198 2561 onte
1214 2516 1322 2575 vulgatos
1337 2530 1381 2574 per
1398 2524 1453 2559 ortes
1549 2556 1550 2573 ,

306 2572 410 2621 carmina
429 2587 482 2621 mea
498 2573 588 2622 minore
602 2574 674 2624 laude
691 2576 799 2625 ornanda
814 2591 866 2625 esse
901 2574 973 2623 Verbo
992 2577 1070 2651 iopam
1089 2580 1196 2625 minoda
1215 2578 1316 2625 chordis.
1352 2577 1451 2630 fidicen,

305 2634 436 2692 existimes,
449 2636 512 2701 quod
528 2636 558 2684 ab
569 2639 709 2687 Archilochi
721 2641 825 2689 numeris
841 2649 866 2688 et
897 2649 968 2701 poeta
979 2641 1081 2704 lyricus:
1100 2640 1196 2706 plenius
1207 2658 1261 2706 sup.
1273 2639 1322 2689 Od.
1332 2640 1367 2697 ir,
1379 2644 1403 2697 3,
1414 2643 1452 2694 23,
1549 2645 1550 2700 ξ

306 2700 338 2746 ab
358 2710 415 2757 arte,
434 2716 482 2764 qua
501 2700 541 2749 ille
557 2717 636 2749 versus
655 2703 686 2750 nd
706 2713 782 2751 certas
802 2704 866 2768 leges
897 2702 1006 2753 Rmnouoe
1009 2707 1099 2768 fidicen
1111 2708 1176 2778 tyre.

305 2834 330 2875 et
382 2844 445 2877 enus
464 2830 589 2892 (Musam)
606 2830 713 2879 carmina
731 2847 776 2879 sua
795 2835 865 2894 (pede
897 2829 939 2879 dat
957 2840 981 2879 et
1000 2831 1029 2879 iis
1051 2832 1191 2887 delectatur,
1212 2841 1238 2880 at
1255 2832 1340 2881 eadem
1363 2832 1453 2897 publice

305 2892 452 2954 Archilochi)
464 2894 494 2942 ad
512 2893 650 2942 Archilochi
669 2899 803 2958 numeros(
808 2906 863 2943 tem·
896 2894 1012 2943 malevole
1032 2898 1117 2962 carpit,
1138 2896 1159 2943 is
1185 2910 1244 2946 sane
1268 2904 1306 2944 ast
1327 2898 1399 2944 horor
1420 2900 1452 2942 ir·

303 2957 550 3017 perot)moderantur
565 2965 589 3007 et
605 2973 656 3006 com
690 2968 760 3007 nunt.
794 2960 865 3007 Foliis
893 2969 986 3021 gratus.

306 3019 394 3083 (lauri)
413 3024 560 3079 brevioribus,
578 3038 632 3069 mox
668 3025 863 3084 senescentibus5
928 3024 969 3071 36.
988 3025 1134 3079 Premct,sc.
1153 3024 1252 3078 invidia,
1263 3025 1301 3071 vel
1318 3024 1453 3088 simpliciter

305 3086 395 3133 corolla
404 3084 486 3147 igitur,
498 3102 546 3133 non
556 3086 599 3134 diu
610 3086 707 3143 durans,
720 3103 761 3152 pro
777 3088 864 3149 exiguo
895 3100 946 3150 pro,
966 3095 1116 3136 contemnat:
1141 3088 1194 3135 Cic.
1213 3089 1288 3136 Tusc.
1311 3090 1407 3146 Quaest.
1423 3087 1452 3139 ir,

305 3158 380 3211 poete
390 3152 487 3215 praemio
498 3150 602 3215 ponitur.
896 3152 938 3204 28,
949 3152 1049 3198 humone
1058 3154 1134 3198 omnio
1145 3168 1254 3211 memma.

336 3214 377 3261 28.
395 3214 511 3269 Mascula,
524 3214 636 3262 mascula
648 3214 740 3263 virtutis
752 3216 788 3265 rel
800 3229 863 3262 mas-
929 3215 969 3262 37.
995 3216 1100 3271 Ventura,
1124 3214 1228 3271 mobilis,
1249 3215 1331 3269 varin,
1353 3225 1383 3263 ut
1402 3230 1451 3278 sup.

304 3274 354 3323 culi
365 3276 454 3339 ingenii
466 3278 558 3326 mulier.
896 3277 975 3342 Epist.
986 3278 1003 3334 i,
1015 3281 1039 3334 8,
1051 3281 1090 3327 12.
1123 3279 1253 3343 Suffragia,
1265 3279 1378 3342 gratiam,
1388 3278 1451 3345 plau·

336 3341 378 3389 29.
398 3342 481 3398 liebus,
494 3342 645 3405 argumentis.
679 3342 710 3391 Et
727 3344 816 3397 ordine,
828 3357 862 3390 sc.
895 3357 958 3391 sum.

304 3402 391 3469 ρεάιιιη
404 3403 504 3454 invicem
517 3420 542 3454 se
554 3405 730 3469 excipientium.
765 3406 860 3468 Dirpor,
926 3408 967 3463 ³9,
985 3408 1025 3455 40.
1046 3408 1098 3455 Non
1121 3424 1170 3471 ego,
1189 3416 1246 3455 cett.
1281 3408 1356 3455 Hunc
1378 3409 1450 3456 locum

304 3467 411 3517 Alenus.
894 3469 1090 3535 itainterpremr:
1112 3471 1177 3528 Quia
1188 3471 1304 3534 egoinlra
1314 3471 1450 3535 dignitatem

336 3534 376 3589 ³0,
389 3535 430 3581 al.
449 3533 497 3581 Nec
513 3552 620 3589 socerum,
632 3542 688 3583 cett.
700 3550 777 3598 neque
794 3550 860 3582 soce-
894 3549 971 3582 meam
986 3536 1088 3599 positum
1105 3550 1157 3583 esse
1173 3535 1294 3591 existimo,
1307 3551 1345 3583 me
1366 3534 1451 3583 immis-

303 3612 364 3656 rum,
375 3606 402 3645 ut
411 3596 571 3647 Archilochus
584 3599 861 3663 Lycamben,maledicis
894 3613 947 3646 cere
965 3599 1145 3653 Grammaticis,
1165 3608 1199 3655 et,
1220 3615 1274 3662 que
1296 3614 1312 3647 a
1333 3599 1452 3647 nobilibus

301 3660 408 3710 versibus
419 3662 464 3709 sihi
474 3662 677 3727 perstringendum
690 3662 769 3716 sumit,
782 3678 861 3725 neque
893 3662 1045 3726 scriptoribus
1061 3663 1124 3727 apud
1135 3663 1191 3711 illos
1210 3679 1224 3711 e
1242 3663 1341 3727 pulpitis
1352 3663 1451 3711 recitan-

301 3738 421 3790 sponsam,
433 3734 461 3774 ut
476 3726 637 3775 Archilochus
654 3726 791 3779 Neobulen,
803 3741 859 3773 con·
893 3733 940 3783 tur,
956 3726 1046 3783 audire,
1061 3728 1197 3791 laetamque
1215 3726 1261 3775 scri
1279 3726 1371 3775 toribus
1391 3726 1451 3790 inju-

301 3790 427 3843 tumelioso
444 3790 548 3838 carmine
566 3790 595 3838 ad
607 3791 761 3854 suspendium
776 3788 860 3853 adigit.
892 3789 950 3837 narn
967 3790 1062 3839 ulcisci.
1096 3792 1171 3838 Erant
1189 3800 1240 3838 tum
1261 3743 1346 3838 home
1364 3792 1450 3856 plures.

302 3852 412 3903 Ohlinot:
430 3857 537 3911 ohh'uere,
554 3854 681 3909 obducere,
700 3854 822 3917 eleganter
836 3863 860 3902 et
891 3854 932 3917 qui
953 3854 1043 3902 altioris
1062 3854 1177 3902 doctrinae
1194 3853 1302 3909 laudem,
1318 3854 1356 3901 vel
1377 3853 1451 3919 potius

299 3920 476 3968 accommodate
499 3918 529 3966 ad
548 3934 630 3967 versus
650 3917 694 3966 atri
714 3917 800 3966 coloris
820 3919 858 3967 rel
891 3918 1003 3982 speciem,
1015 3935 1063 3983 prta
1080 3934 1106 3967 se
1125 3920 1236 3973 terentes,
1248 3917 1369 3966 auditoria
1388 3918 1451 3982 quasi

299 3982 373 4046 nigrae
390 3983 494 4047 loliginis
511 3982 603 4047 plenos,
624 3997 665 4047 pro
686 3982 785 4044 vulgari,
805 3997 858 4046 per·
891 3982 1016 4046 aperirent,
1029 3984 1054 4030 in
1066 3982 1153 4046 quibus
1163 3982 1264 4031 recitata
1274 3982 1451 4056 ascriptoribus

298 4048 422 4111 stringere.
447 4048 565 4110 Laqueum
578 4046 746 4111 alicuifomoso
757 4049 859 4094 carmine
890 4054 933 4093 aut
943 4046 1106 4109 probarentur,
1115 4054 1140 4094 et
1151 4062 1166 4094 a
1177 4045 1402 4110 reprehensionibus
1411 4046 1450 4091 de·

298 4122 394 4167 nectere,
407 4110 585 4175 elegantissima
601 4110 688 4158 locutio
702 4125 743 4173 pro
755 4108 857 4173 vulgari,
891 4109 1049 4166 tenderentur,
1061 4120 1105 4158 aut
1114 4110 1304 4174 improbarentur
1319 4117 1345 4158 et
1353 4110 1450 4158 damm-

297 4176 403 4224 carmine
420 4174 578 4239 ignominioso
596 4174 722 4222 consilium
736 4173 810 4221 alicui
820 4173 856 4220 vi·
890 4183 980 4221 rentur.
1015 4176 1116 4229 Homm,
1128 4190 1189 4237 quos
1205 4174 1268 4221 salse
1280 4184 1351 4222 vocat
1368 4174 1449 4221 snum-

296 4245 345 4286 tam
358 4240 444 4303 laqueo
455 4237 553 4286 liniendi
564 4238 670 4302 injicere.
889 4239 1035 4292 muriceam
1053 4237 1165 4285 udentius
1180 4238 1205 4285 in
1220 4239 1293 4285 rebus
1302 4236 1380 4285 doctis
1395 4250 1450 4283 auc-

329 4304 434 4352 32-34.
455 4303 526 4350 Hunc
547 4318 595 4365 ego,
613 4310 670 4349 cett.
703 4302 807 4349 Sensim
826 4300 856 4347 ad
890 4301 1006 4349 toritatem
1048 4303 1129 4366 iquam
1146 4301 1377 4364 sibiarroganuum.
1390 4298 1449 4347 soci-

295 4363 369 4431 hujus
380 4366 457 4415 Alcaei
469 4366 614 4438 exemplum,
621 4365 685 4429 quod
695 4380 765 4413 nemo
776 4363 855 4412 adhuc
888 4374 974 4413 etatem
986 4375 1010 4414 et
1020 4366 1218 4414 consuetudinem
1229 4380 1285 4413 eum
1298 4364 1448 4427 tugeretllo·

294 4440 391 4480 secutus
401 4441 445 4489 est,
453 4445 498 4493 ego
507 4444 596 4493 primus
605 4429 666 4477 inter
675 4428 774 4476 Latinos
786 4436 856 4493 poeta
889 4430 971 4485 ratius,
983 4429 1066 4493 iniqua
1078 4429 1171 4477 illomm
1188 4429 1220 4478 de
1236 4428 1385 4477 carminibus
1400 4427 1449 4473 suis

303 2766 444 2875 complacuit,
453 2764 561 2813 recedere
570 2766 651 2825 uolui3
664 2768 762 2832 Sappho
770 2784 865 2832 quoque
930 2770 970 2816 ³5.
983 2768 1108 2831 Ingratus:
1117 2786 1159 2832 qur
1167 2768 1273 2817 carmina
1282 2768 1393 2832 privatim
1404 2768 1452 2815 leu-
1549 2781 1550 2802 ¹

1549 4429 1551 4490 l

1536 3579 1551 4160 l
