3150 5200
284 327 347 391 418
538 316 542 329 ’
708 323 1032 390 SATIRARUM

371 478 509 557 Vivere;
535 478 736 555 Vertumnis,
753 489 914 562 quotquot
929 488 1016 557 sunt,
1031 488 1128 541 natus
1143 475 1274 559 iniquis.

310 581 348 644 15
372 580 492 646 Scurra
508 580 716 657 Volanerius,
732 591 905 664 postquam
920 580 965 643 illi
976 580 1068 664 justa
1081 578 1241 662 cheragra

371 684 531 747 Contudit
545 683 710 759 articulos
726 684 783 765 qui
798 704 858 766 pro
874 704 909 745 se
924 681 1053 745 tolleret
1067 692 1166 763 atque

370 786 521 850 Mitteret
535 786 569 849 in
583 785 729 870 phimum
744 784 838 860 talos,
853 783 1002 848 mercede
1017 783 1136 846 diurna

370 888 577 952 Conductum
592 888 697 971 pavit:
722 897 844 970 quanto
860 885 1060 950 constantior
1074 884 1161 947 idem

371 988 411 1053 ln
426 990 523 1066 vitiis,
540 1000 630 1053 tanto
643 988 745 1052 levius
761 990 859 1051 miser
873 1009 911 1051 ac
926 987 1016 1070 prior
1030 986 1096 1062 illo,

306 1091 350 1154 20
373 1092 441 1164 Qui
450 1092 519 1176 jam
534 1100 698 1167 contento,
711 1091 779 1174 jam
793 1089 869 1153 laxo
884 1087 961 1152 fune
976 1088 1113 1151 laborat.

368 1191 448 1257 Non
464 1194 553 1257 dices
569 1192 679 1270 bodie,
696 1214 851 1276 quorsum
864 1190 936 1254 haec
952 1200 1019 1253 tam
1032 1189 1149 1273 putida
1159 1188 1311 1263 tendant,

369 1294 540 1359 Furcifer?
578 1294 635 1359 Ad
649 1306 694 1372 te,
710 1296 851 1377 inquam.
899 1292 976 1364 Quo
990 1302 1099 1374 pacto,
1113 1291 1275 1374 pessime?
1299 1287 1432 1358 Laudas

369 1396 558 1475 Fortunam,
575 1408 608 1461 et
622 1419 728 1461 mores
744 1396 886 1478 antiquae
901 1392 1017 1477 plebis,
1033 1403 1067 1456 et
1081 1392 1179 1468 idem,

371 1497 493 1585 Siquis
509 1499 551 1562 ad
566 1498 621 1562 illa
635 1499 728 1563 Deus
745 1498 854 1560 subito
870 1507 902 1559 te
916 1505 1004 1579 agat,
1019 1516 1123 1577 usque
1138 1516 1288 1558 recuses:

303 1600 347 1663 25
369 1597 439 1663 Aut
454 1600 530 1682 quia
545 1622 610 1663 non
626 1600 738 1677 sentis,
754 1598 844 1681 quod
859 1597 989 1674 clamas,
1006 1596 1126 1661 rectius
1140 1617 1226 1673 esse,

369 1699 439 1764 Aut
454 1702 532 1783 quia
546 1723 611 1765 non
625 1700 739 1764 firmus
753 1710 878 1764 rectum
894 1697 1054 1775 defendis,
1070 1709 1104 1761 et
1118 1697 1238 1773 haeres,

368 1802 603 1886 Nequidquam
618 1825 713 1867 coeno
728 1802 863 1886 cupiens
877 1799 1014 1864 evellere
1030 1799 1184 1884 plantam.

368 1903 485 1969 Romae
500 1927 556 1969 rus
572 1914 685 1989 optas;
708 1905 876 1989 absentem
892 1903 1034 1965 rusticus
1049 1901 1175 1965 Urbem

369 2006 473 2071 Tollis
489 2008 532 2070 ad
547 2018 635 2071 astra
648 2006 740 2071 levis.
786 2005 823 2067 Si
838 2026 997 2087 nusquam
1011 2026 1048 2067 es
1062 2002 1147 2067 forte
1162 2013 1298 2067 vocatus

302 2109 345 2171 30
367 2106 424 2171 Ad
440 2131 576 2187 coenam,
591 2108 706 2172 laudas
723 2128 873 2171 securum
887 2105 976 2183 olue3
999 2127 1049 2181 ac,
1064 2104 1153 2169 velut
1166 2126 1306 2187 usquam

368 2210 508 2277 Vinctus
524 2234 590 2287 eas,
607 2212 652 2274 ita
668 2220 699 2273 te
715 2209 841 2274 felicem
857 2209 950 2284 dicis,
966 2229 1131 2289 amesque,

316 2382 355 2429 14.
376 2380 514 2433 Vertumnis.
541 2378 839 2444 Vatumnmntiquiui-
872 2376 931 2427 serre
946 2377 1049 2451 amplius
1066 2376 1179 2426 nolebatt
1198 2374 1254 2424 binc
1268 2390 1372 2441 enque
1389 2376 1437 2425 ad·

282 2460 336 2492 mus
347 2446 479 2494 Tuscorum
490 2446 557 2503 deus,
571 2446 596 2493 in
613 2461 694 2495 omnes
706 2445 802 2501 formas,
813 2451 842 2491 ut
873 2442 920 2491 buc
941 2442 1002 2491 dixit
1019 2442 1113 2497 Davus,
1124 2447 1194 2489 vocat
1210 2449 1256 2487 tam
1273 2443 1367 2501 putido,
1382 2450 1435 2489 tam

280 2506 380 2555 Proteus
400 2509 462 2574 apud
480 2510 588 2566 Grecos,
607 2526 632 2559 se
654 2520 757 2568 ver·tens,·
777 2507 841 2557 unde
873 2507 972 2555 molesta
989 2513 1013 2555 et
1029 2505 1162 2563 fastidiosa,
1177 2502 1271 2554 scilicet
1288 2504 1319 2552 ob
1336 2505 1433 2578 longam

280 2570 372 2620 Tibull.
382 2570 414 2628 iv,
424 2574 449 2630 2,
461 2575 498 2630 14,
510 2574 578 2622 Mitte
589 2576 653 2622 babet
665 2578 768 2629 ornatui,
779 2573 842 2621 mitte
873 2571 916 2628 rei,
928 2585 1001 2636 quam
1017 2572 1132 2620 relatums
1146 2577 1198 2619 erat
1207 2568 1301 2626 Davus,
1312 2568 1433 2620 circuitio-

279 2637 385 2683 decenter
395 2638 470 2686 babet.
504 2636 551 2685 Sed
566 2637 598 2685 cf.
608 2637 716 2702 inprimis
732 2637 840 2701 Elegiam
874 2650 937 2684 nem.
960 2636 1080 2702 Furcifer,
1091 2643 1174 2684 notum
1185 2632 1334 2683 dominorum
1344 2633 1370 2680 in
1381 2649 1431 2683 ser-

280 2697 305 2744 in
318 2699 479 2748 Vertumnum
491 2699 617 2765 Propertii,
627 2699 658 2754 iv,
668 2703 693 2748 2.
727 2703 774 2750 Pro
787 2700 840 2750 vul·
873 2715 916 2748 vos
933 2699 1084 2748 convicium:
1110 2699 1208 2747 Terent.
1220 2696 1287 2746 And.
1302 2697 1337 2754 iii,
1351 2701 1376 2752 5,
1390 2699 1430 2754 12,

280 2761 330 2824 gari
353 2761 433 2827 igitur,
453 2767 498 2812 diis
517 2767 594 2819 iratis,
612 2765 789 2814 accommodate
808 2764 840 2813 ad
873 2764 925 2812 Tibi
944 2774 972 2812 ut
993 2780 1033 2828 ego
1055 2766 1155 2820 medam,
1169 2763 1295 2828 furciferi
1314 2761 1355 2809 ubi
1376 2763 1430 2810 Do·

280 2829 390 2874 naturum
404 2830 523 2876 Vertumni
531 2826 591 2876 dixit
601 2830 686 2890 iniquis
700 2829 839 2883 tter-camnis,
872 2837 953 2886 natus,
971 2827 1093 2893 Furciferi
1112 2829 1258 2882 dicebantur,
1276 2828 1316 2889 qui
1337 2828 1363 2872 ob
1384 2827 1432 2876 lene

279 2889 349 2953 quasi
359 2901 414 2940 nato
426 2893 509 2942 Prisco
520 2909 549 2942 ex
560 2891 595 2941 ira
604 2890 731 2940 Vertumni
742 2890 800 2941 data
810 2892 841 2941 sit
872 2894 983 2940 delictum
1001 2895 1141 2956 cogebantur
1158 2910 1172 2937 n
1192 2892 1282 2939 domino
1299 2892 1431 2955 ignommae

279 2955 435 3005 mutabilitas.
872 2959 946 3020 magis
961 2973 1029 3019 quom
1047 2957 1159 3019 supplicii
1177 2971 1246 3002 carun
1268 2957 1331 3002 circa
1346 2957 1437 3002 vicinos

314 3019 353 3068 15.
368 3017 689 3086 Jueta,quam1‘'olanerius
708 3017 779 3083 eulpa
797 3034 843 3068 sua
864 3020 965 3084 sarcum
984 3022 1010 3067 in
1029 3022 1086 3068 cotto
1096 3019 1175 3085 ferre,
1191 3019 1314 3082 subligaria
1332 3021 1362 3066 at
1380 3035 1432 3066 m

279 3081 325 3130 sibi
336 3092 494 3142 contraxerat,
507 3093 534 3133 ut
543 3103 608 3146 pirna
623 3088 688 3130 'ustm
873 3086 978 3131 omnibus
985 3101 994 3140 ,·
1010 3083 1067 3131 hinc
1078 3101 1101 3131 v.
1114 3084 1155 3140 66,
1168 3081 1216 3130 Ibis
1225 3083 1377 3147 mejam.

315 3149 353 3196 16.
367 3150 478 3198 Contudit
486 3102 774 3202 arruutmlabetacuvit,
782 3161 840 3194 con·
905 3150 947 3195 24.
965 3149 1003 3195 Aa
1013 3149 1066 3204 itta,
1077 3163 1112 3197 sc.
1120 3164 1175 3212 que
1186 3145 1284 3194 laudas:
1296 3157 1318 3194 te
1328 3157 1395 3210 egat,
1406 3154 1433 3194 te

278 3209 312 3258 ire
330 3211 356 3269 't,
367 3212 472 3260 infirmos
483 3220 506 3262 et
517 3212 615 3260 inutiles
626 3209 735 3258 reddidit.
874 3212 976 3267 auferat,
986 3211 1121 3260 truderat.

328 3276 352 3323 7.
370 3275 399 3323 In
421 3277 530 3338 phimum,
549 3274 665 3331 fritillum,
683 3274 708 3322 in
727 3289 774 3339 quo
794 3275 838 3322 tali
901 3278 943 3324 25.
971 3278 1020 3324 Aut
1042 3279 1097 3340 quio
1118 3293 1164 3324 aon
1184 3278 1260 3333 tentis,
1283 3277 1351 3336 quod,
1373 3280 1431 3322 cett.

280 3336 318 3384 vel
339 3346 432 3387 tessera
455 3339 659 3394 concutiebantur,
680 3347 704 3387 et
722 3337 778 3386 inde
797 3355 839 3404 per
870 3347 912 3388 aut
931 3340 998 3404 quia,
1015 3339 1079 3404 quod
1096 3348 1187 3388 rectum
1202 3353 1255 3388 esse
1274 3352 1315 3386 ore
1330 3338 1432 3394 clamas,

277 3415 377 3512 pypgpm
395 3402 450 3513 lsite
463 3403 612 3477 ¹turriculam
638 3402 793 3450 mittebantur
813 3403 838 3451 in
870 3403 1003 3515 nontauimi
1018 3421 1089 3454 sensu
1103 3402 1280 3476 complecteris-3
1293 3402 1432 3515 nuptaqnim

288 3479 303 3510 a
321 3481 384 3512 uam
406 3482 517 3516 usonem.
870 3483 916 3517 sun
959 3483 1020 3518 rece
1037 3479 1063 3517 ta
1094 3485 1131 3517 uu
1149 3483 1196 3516 non
1212 3476 1306 3516 sentruu
1348 3503 1355 3522 ,
1389 3481 1432 3514 .e.

312 3529 352 3576 18.
370 3531 449 3586 Parit,
460 3531 528 3581 aluit.
870 3485 1065 3597 quominveritas
1075 3485 1123 3581 iion
1133 3531 1269 3596 percipitur.
1434 3583 1438 3590 ,

313 3593 351 3648 19,
363 3594 404 3642 20.
424 3595 516 3652 Leuius,
557 3596 613 3644 aulo
634 3595 721 3643 minus.
768 3595 838 3641 Peior
902 3598 944 3644 26.
962 3597 1172 3660 Nonfirmus,non
1187 3597 1251 3643 tirmo
1265 3604 1432 3669 pectore,non

277 3657 327 3712 itta,
345 3656 421 3731 potior
437 3659 488 3716 illo,
500 3613 605 3710 melioris
622 3661 669 3710 lere
686 3658 837 3715 conditionis,
870 3674 951 3708 severo
961 3661 1048 3708 studio.
1082 3661 1203 3734 Dgfendis,
1215 3669 1275 3708 tuan
1285 3658 1376 3716 studes,
1386 3675 1429 3708 ex·

277 3735 349 3784 quam
360 3723 411 3781 ille,
424 3724 527 3786 Quijum
537 3728 707 3786 eontertto,jam
719 3723 838 3786 lusosune
869 3739 950 3782 erces;
966 3726 1044 3782 baeres,
1056 3739 1091 3772 sc.
1107 3741 1133 3772 m
1142 3723 1209 3779 virio,
1225 3723 1290 3788 quod
1307 3739 1430 3788 compara·

278 3785 376 3842 loborat,
402 3787 443 3851 qui
469 3787 628 3836 inconstantia
655 3787 755 3844 laborat,
780 3785 837 3834 dum
870 3797 910 3836 tur
921 3804 977 3836 cum
988 3803 1151 3853 coeno,aquo
1161 3787 1241 3852 pedes,
1250 3788 1428 3851 quiineobae·

277 3847 348 3906 modo
358 3850 418 3899 vires
430 3850 539 3907 intendit,
552 3851 622 3900 modo
635 3851 742 3914 languori
758 3850 838 3899 indul·
870 3860 929 3908 rent,
938 3868 987 3900 non
996 3852 1067 3902 tacite
1078 3852 1184 3917 expediri
1193 3861 1301 3917 possunt.

276 3921 325 3975 get,
335 3915 405 3964 modo
413 3931 516 3972 severus,
525 3916 596 3965 modo
607 3915 667 3964 levis
678 3925 723 3964 est.
743 3917 766 3965 V
769 3914 838 3963 iriam
903 3918 945 3964 28.
962 3919 1115 3973 Absentem
1128 3932 1182 3965 rure
1197 3924 1321 3964 remotam.
1354 3917 1430 3974 teob,

275 3982 398 4035 contentio,
409 3979 447 4029 vel
459 3995 511 4028 acre
523 3979 637 4036 studium,
649 3979 774 4052 cumsuue
785 3996 837 4026 con·
870 3981 1009 4029 inconstans
1019 3981 1137 4030 etvarius.

277 4043 443 4097 tentandum
463 4047 570 4099 remissio,
583 4044 621 4092 vel
640 4043 743 4101 incuria,
761 4042 838 4106 negti·
903 4045 944 4101 ³0,
956 4047 996 4095 31.
1019 4047 1137 4102 Seuerum,
1157 4060 1206 4108 quo
1227 4043 1282 4109 quis
1302 4044 1328 4092 in
1345 4061 1431 4095 mum

277 4105 598 4172 gentia,levitas,cumsune
610 4110 829 4174 tauocomparatur.
871 4109 1040 4158 otiorescitur.
1075 4109 1142 4158 Vetat
1158 4126 1253 4172 iuquam
1272 4107 1367 4157 Vinctus
1382 4127 1431 4165 ens,

308 4171 349 4228 21,
368 4175 409 4222 22.
434 4173 524 4220 Hodie:
548 4171 699 4220 Heindortins
714 4187 769 4220 cum
786 4170 841 4220 aliis
872 4173 942 4236 quasi
960 4175 1052 4222 obtorto
1073 4173 1136 4222 collo
1154 4171 1185 4220 nd
1203 4187 1300 4221 emnam
1321 4175 1430 4238 rapiaris,

293 4240 418 4289 ro,statim
433 4235 484 4284 acci
501 4235 535 4296 it;
553 4235 662 4299 equidem
680 4236 771 4310 accipio
788 4251 838 4299 pro,
872 4237 940 4300 quasi
963 4253 1012 4285 non
1034 4237 1058 4285 in
1080 4236 1175 4286 arbitrio
1202 4244 1244 4284 tuo
1265 4235 1368 4302 positum
1388 4238 1431 4293 sit.

276 4249 321 4372 lpc
333 4297 372 4348 die
383 4252 552 4356 saussaium,
564 4315 611 4363 quo
622 4299 665 4347 tibi
676 4315 757 4348 omma
767 4299 840 4348 libere
873 4309 950 4348 utrum
963 4302 1006 4350 tibi
1017 4316 1113 4350 coenare
1128 4301 1230 4366 placeat,
1242 4316 1273 4349 au
1287 4300 1367 4349 minus
1377 4303 1430 4368 pln-

277 4359 354 4411 drcere
376 4364 450 4424 licet;
474 4364 511 4414 vel
535 4379 584 4430 pro,
607 4363 701 4412 tandem
722 4363 767 4412 boc
789 4363 837 4418 die,
870 4374 933 4414 ceat.

236 4485 237 4488 Ἴ
276 4426 333 4488 quia
351 4428 435 4476 Davus
454 4428 516 4477 diem
537 4427 633 4493 perdere
645 4427 768 4476 videbatur
787 4443 837 4475 am-
902 4430 943 4477 31.
967 4429 1014 4484 lto,
1033 4429 1054 4476 si
1074 4445 1122 4477 non
1137 4437 1236 4477 vocatus
1250 4443 1292 4476 es:
1314 4445 1432 4492 unaque,

276 4489 385 4554 bagibus,
406 4508 465 4556 quas
486 4508 557 4540 morae
577 4491 703 4557 impatiens
725 4491 838 4540 Horatius
870 4501 903 4548 et,
915 4502 942 4540 ut
954 4491 998 4547 ais,
1010 4493 1054 4541 tibi
1065 4501 1158 4555 gratim
1169 4501 1206 4540 est
1217 4490 1291 4556 quod,
1302 4500 1359 4540 cett.
