3150 5200
567 373 742 439 'LIBER
767 373 812 449 11,
834 374 866 436 9.

355 523 406 588 Te
423 526 838 609 senes-paroimiseroeque
852 544 957 606 nuper

354 624 509 710 Virgines
523 637 645 712 nuptm,
662 639 718 691 tus
733 648 773 691 ne
789 625 934 689 retardet

656 728 751 793 Aure
764 728 908 792 maritos.

567 962 774 1028 CARMEN
797 961 860 1027 IX.

531 1176 594 1224 AD
628 1175 896 1223 VALGIUM.

356 1336 438 1399 Nou
455 1358 583 1421 semper
597 1336 717 1401 imbres
732 1334 874 1399 nubibus
889 1333 1037 1419 hispidos

357 1436 495 1502 Manent
509 1440 543 1501 in
557 1459 671 1523 agros:
695 1447 753 1500 sut
766 1458 855 1501 mere
870 1437 1025 1523 Caspium

400 1538 533 1603 Vexent
547 1538 722 1621 inaequales
738 1538 889 1621 procellae

442 1640 558 1723 Usque
571 1666 578 1717 ;
602 1661 663 1703 nec
677 1636 842 1703 Armeniis
857 1641 891 1702 in
905 1642 982 1717 oris,

303 1743 323 1805 5
356 1740 470 1807 Amice
486 1742 596 1825 Volgi,
614 1750 679 1805 stat
693 1740 814 1826 glacies
829 1742 916 1805 iners

358 1844 493 1908 Menses
508 1866 569 1928 per
583 1865 711 1920 omnes;
735 1853 792 1907 aut
807 1840 1026 1925 Aquilonibus

397 1943 565 2017 Quercets
580 1944 728 2028 Gargeni
742 1944 902 2021 laborant,

442 2047 489 2111 Et
505 2047 589 2112 foliis
605 2048 779 2111 viduantur
795 2047 877 2109 omi.

138 2236 220 2291 clivia,
236 2234 358 2290 emittunt,
375 2235 450 2284 etsie
467 2250 545 2285 mares
564 2237 594 2285 sd
611 2235 701 2284 coitum
735 2234 843 2283 Nestoris
853 2242 878 2283 et
889 2233 980 2282 Priami
991 2242 1052 2283 sorte
1067 2246 1224 2301 eomparatur,
1236 2241 1294 2289 soris

138 2300 259 2349 alliciunt.
283 2300 491 2359 Quemadmodum
502 2301 575 2365 igitur
586 2301 701 2349 Horatius
733 2299 887 2364 probabiliter
895 2298 977 2362 colligi
988 2307 1073 2364 potest.

138 2365 212 2429 psulo
225 2372 280 2413 ante
295 2364 459 2413 adolescentes
474 2366 604 2431 appellavit
612 2368 700 2429 juven·
769 2364 842 2412 1-8.
861 2362 914 2411 Non
924 2380 1019 2425 semper:
1035 2364 1127 2422 sdvim,
1136 2382 1209 2431 quam
1220 2370 1293 2433 parti·

138 2446 183 2484 sos,
194 2428 228 2476 its
245 2444 311 2477 nunc
327 2428 432 2476 Barinen
449 2439 572 2495 comparat
587 2446 644 2477 cum
653 2432 700 2491 jn·
734 2427 792 2475 culs
808 2443 893 2489 semper
907 2430 934 2476 ia
951 2427 996 2475 boc
1013 2429 1119 2478 carmine
1137 2431 1215 2487 babet,
1233 2448 1293 2497 prrs-

137 2510 209 2541 oerra
225 2492 272 2555 (ct.
288 2509 343 2557 sup.
357 2491 439 2541 Carm.
454 2494 478 2549 5,
491 2509 515 2542 v.
527 2494 568 2555 6),
585 2502 617 2549 et,
635 2492 701 2556 quod
731 2491 803 2555 'cipue
820 2490 991 2539 advertendum
1008 2501 1060 2551 est;
1076 2502 1147 2558 poets
1162 2496 1226 2543 euim
1241 2497 1294 2547 ideo

137 2556 250 2621 juvence
266 2556 385 2622 proprium
401 2563 446 2614 est,
458 2556 480 2605 ei
496 2558 588 2607 tribuit.
621 2558 701 2616 Quom
732 2555 1115 2621 tuntumosrpitVslgiiluctum,
1141 2560 1189 2608 uod
1198 2560 1295 2613 assidue

140 2621 237 2684 quidem
249 2619 414 2670 inhonestioris
426 2621 459 2669 rei
471 2621 599 2685 imaginem
611 2637 659 2669 non
671 2637 700 2670 ex
732 2629 756 2668 et
774 2638 860 2682 semper
874 2621 897 2669 ei
913 2621 961 2669 buc
978 2637 1055 2686 usque
1072 2576 1221 2685 indulserat3
1238 2627 1294 2676 hine

140 2693 227 2733 nostre
243 2687 320 2734 estatis
336 2684 624 2749 ingeniodijudiesudam
639 2701 699 2740 esse,
733 2702 778 2732 non
800 2701 894 2746 semper,
916 2703 962 2734 non
983 2703 1061 2748 suque,
1083 2705 1128 2736 non
1149 2706 1233 2738 nunus
1252 2709 1295 2752 per

139 2749 190 2814 jaun
201 2764 272 2816 supra
282 2751 299 2799 l.
312 2750 330 2798 l.
339 2749 484 2798 monuimus.
687 2793 691 2800 .
733 2765 815 2806 ornnes,
827 2767 873 2796 non
887 2766 960 2798 omsus
974 2765 1054 2806 annm,
1067 2759 1091 2799 et
1102 2762 1128 2799 tu
1142 2768 1236 2815 semper,
1248 2756 1295 2804 sibi

734 2813 884 2877 respondent.
919 2813 972 2861 Non
993 2831 1079 2876 semper
1099 2828 1196 2866 manant
1215 2821 1296 2869 imbres

313 2878 466 2928 CARMEN
484 2879 532 2926 IX.
734 2879 841 2933 nubibas,
853 2893 903 2942 pro,
915 2893 930 2925 e
949 2877 1068 2936 nubibus·,
1084 2881 1110 2928 in
1124 2881 1224 2929 eandem
1239 2899 1293 2932 sen-

173 2943 204 2992 Τ.
228 2941 345 3006 Valgium
372 2943 477 3000 Rufum,
505 2942 645 2990 immodicos
672 2941 702 2990 tle
734 2941 833 2989 tentiam
848 2956 902 3007 sup.
918 2941 936 2998 i,
954 2941 978 2997 7,
997 2942 1037 2998 16,
1055 2944 1135 2993 Notus
1151 2963 1196 2993 non
1215 2948 1295 2996 imbres

140 3005 281 3055 amatissimi
292 3005 338 3054 sibi
346 3008 436 3072 Mystes
448 3015 522 3055 morte
530 3006 641 3072 querelas
651 3004 703 3054 dies
732 3017 851 3067 perpetuos
877 3008 997 3067 parturire
1023 3003 1162 3055 dicebatur:
1188 3011 1294 3071 hispidos,

139 3081 272 3136 noctesque
293 3078 446 3136 repetentem,
468 3071 562 3119 duabus
583 3069 702 3136 precipue
734 3067 759 3118 h.
781 3086 805 3118 e.
826 3069 957 3133 squalidos,
980 3069 1017 3116 uti
1038 3073 1088 3134 agri
1113 3081 1170 3119 sunt
1192 3080 1296 3147 tempore

139 3135 281 3191 rationibus,
293 3143 321 3182 ut
332 3135 427 3184 tandem
444 3134 491 3184 illis
507 3135 603 3183 modum
619 3144 701 3200 ponat,
734 3133 858 3198 pluvioso:
882 3135 1012 3196 inequales,
1030 3134 1087 3197 quis
1105 3136 1215 3201 procelle
1236 3153 1294 3186 me·

73 3221 75 3226 ’
139 3215 278 3265 permovere
297 3199 386 3248 studet.
418 3201 526 3248 Primum
548 3199 612 3248 enim
631 3215 701 3264 repu·
733 3198 843 3262 qualiter,
851 3198 877 3245 h.
886 3198 989 3255 evasio,
999 3198 1103 3256 turbido,
1112 3209 1137 3248 st
1147 3200 1296 3251 inconstante

138 3273 192 3312 tare
202 3279 258 3311 eum
267 3277 350 3311 secum
362 3264 440 3328 jubet,
452 3263 570 3328 quomodo
585 3263 610 3311 in
626 3279 702 3311 rerum
733 3261 834 3326 impetu,
843 3261 958 3311 decidunt
964 3278 972 3321 ;
988 3262 1065 3312 ascl.
1077 3263 1297 3327 Missenprocetln

139 3337 230 3376 nature
259 3343 340 3391 noque
354 3344 403 3377 nou
418 3343 511 3394 semper
521 3328 587 3380 mals
600 3336 702 3400 tempes-
734 3325 812 3374 dictas
822 3328 1167 3393 esseputstineqnales,quod
1179 3345 1243 3378 mare
1257 3331 1295 3378 in-

138 3390 239 3447 tas.vel
271 3390 338 3449 iens,
351 3393 387 3441 vel
402 3393 467 3441 venti
483 3391 600 3450 seviant3
617 3392 703 3440 demde
737 3391 831 3455 equale
865 3390 975 3439 reddunt.
1025 3392 1120 3451 Veram,
1179 3396 1296 3453 rturbsat,

141 3463 201 3503 ante
213 3453 296 3502 oculos
306 3455 329 3502 ei
338 3457 403 3520 ponit
412 3456 548 3520 exemplum
561 3455 669 3505 Nestoris
680 3463 705 3504 et
736 3455 872 3508 concitent:
892 3455 964 3504 Ovid.
976 3456 1035 3504 Her.
1048 3457 1097 3516 xix,
1108 3460 1138 3506 12
1158 3495 1164 3515 ,
1176 3460 1214 3505 An
1224 3477 1295 3516 mass,

141 3517 246 3576 Priami,
259 3517 309 3582 qui,
321 3519 427 3584 quumvis
444 3519 548 3569 eundem
563 3519 593 3568 tle
610 3519 704 3569 carissi·
735 3523 765 3567 ab
776 3523 848 3567 inviso
857 3522 970 3584 privigne
981 3523 1070 3568 nomine
1078 3525 1175 3579 dutum,
1190 3523 1259 3572 Veros
1270 3527 1297 3574 in

140 3598 237 3632 morum
253 3583 354 3631 filionnn
372 3592 446 3632 morte
465 3583 571 3632 dolorem
592 3599 704 3648 suscepe-
735 3601 859 3647 eqnmeom
875 3601 939 3632 verso
956 3602 1050 3633 noverca
1067 3589 1150 3634 deam?
1183 3590 1297 3637 Annenis's

140 3655 206 3703 rant,
223 3654 304 3696 tamen
323 3663 372 3696 non
390 3664 489 3713 semper,
509 3655 537 3696 ut
557 3648 608 3704 ille,
629 3649 654 3696 in
676 3664 705 3697 eo
736 3649 762 3695 ia
775 3650 830 3703 oris,
842 3649 903 3697 mari
912 3650 961 3697 Cas
978 3649 1002 3697 io
1012 3648 1112 3699 vicinis:
1130 3653 1199 3708 iners,
1211 3652 1296 3701 immo·
1321 3697 1327 3706 ,

138 3711 213 3761 delixi
236 3713 418 3786 permanserint.
461 3713 533 3768 Tum,
557 3723 585 3760 ut
608 3711 703 3769 habeat,
736 3711 800 3769 bilis,
816 3713 923 3778 apposite
989 3712 1075 3777 glsciei
1091 3721 1200 3763 usturam
1217 3715 1296 3780 desig·

140 3791 191 3841 quo
208 3791 315 3824 smmum
331 3792 402 3824 suum
418 3793 474 3825 cum
491 3776 594 3826 maxime
612 3777 704 3826 exhils·
737 3776 858 3837 nandsm3
875 3781 937 3825 iners
950 3778 1015 3825 onim
1025 3777 1121 3835 diciuu,
1134 3778 1199 3843 quod
1211 3787 1296 3846 torpet,

139 3856 193 3889 rare
209 3841 291 3905 possit,
307 3856 381 3888 novss
397 3841 502 3905 Augusti
517 3841 636 3900 victorias,
651 3856 703 3890 car-
737 3841 788 3888 siue
814 3851 880 3890 motu
903 3848 928 3890 et
949 3852 1005 3889 ectu
1024 3841 1109 3905 jseet;
1137 3842 1193 3891 binc
1216 3845 1297 3893 mma

138 3904 246 3953 minibus
261 3921 342 3954 seeum
358 3905 521 3962 celebrandas,
532 3915 646 3970 tanquam
661 3921 703 3971 op·
737 3921 833 3978 quoque
851 3909 913 3953 iners
930 3904 974 3952 int.
991 3905 1024 3961 iv,
1043 3905 1067 3961 7,
1086 3908 1134 3962 12,-
1155 3915 1218 3954 ter-ra
1235 3911 1297 3956 iners

139 3969 226 4017 timum
249 3969 352 4018 tristities
378 3969 507 4018 remedium
535 3969 557 4018 si
578 3984 619 4035 pro
637 3969 704 4030 onit;
737 3969 856 4027 iri,4,45.
882 3969 1108 4033 Gargani,Apuliae
1119 3971 1206 4018 montis
1218 3970 1297 4042 (nunc

140 4049 197 4098 que
209 4031 307 4097 quidem
324 4033 449 4098 ingeniose
464 4032 494 4082 sd
507 4034 611 4098 Augusti
620 3987 705 4083 leudes
738 4033 818 4080 Monte
828 4034 853 4080 S.
865 4034 954 4094 Angeto
969 4032 995 4078 in
1011 4033 1175 4094 capitanata),
1188 4050 1230 4098 qm
1246 4050 1296 4084 ere-

139 4097 265 4171 eenendss¹
279 4098 402 4147 conversio
417 4098 584 4147 efficacissimo
598 4113 656 4172 sans
675 4099 705 4146 sd
737 4095 786 4168 bris
798 4095 980 4169 tempestatibus
995 4095 1101 4171 inlesteri
1115 4095 1192 4171 solet:
1211 4097 1243 4146 ci.
1254 4099 1297 4148 int.

138 4162 705 4292 tritu,
737 4159 1298 4288 rm

138 4292 241 4338 alterum
264 4301 348 4340 eterrw
367 4290 466 4338 Honssro
484 4295 612 4354 propiorem
631 4290 705 4338 luisse
736 4297 817 4338 tenere
830 4287 935 4353 possint:
955 4289 1057 4335 laborare
1070 4288 1298 4351 eleganterdicitur,

139 4353 256 4403 Tibullus
272 4355 305 4410 iv,
320 4356 342 4408 1,
361 4355 408 4404 180
424 4354 467 4412 sit,
482 4357 575 4421 copiose
592 4353 623 4402 sd
640 4355 704 4403 hunc
739 4352 780 4419 qui
796 4352 854 4408 vim,
873 4351 995 4417 impetum,
1013 4367 1081 4408 onus,
1099 4359 1154 4400 cett.
1170 4353 1210 4400 vix
1227 4355 1297 4404 susti·

140 4417 149 4464 i
180 4434 221 4467 um
243 4417 336 4467 Tibulli
358 4418 438 4467 locum
459 4419 508 4482 egit
531 4419 706 4468 Broukbusius.
739 4432 795 4467 nete
811 4425 904 4482 potest;
921 4416 955 4464 sic
971 4431 1026 4481 sup.
1037 4415 1054 4472 i,
1066 4417 1092 4472 9,
1104 4418 1129 4472 3,
1146 4417 1222 4473 Silvo,
1237 4419 1299 4468 nivis

171 4494 237 4546 ymen
254 4489 335 4531 autem
349 4482 431 4545 Valgii
448 4483 524 4531 lilium
542 4483 625 4540 fuisse,
641 4483 705 4536 inde,
739 4481 804 4531 oneri
823 4481 960 4529 sustinendo
983 4481 1094 4546 impares,
1115 4482 1243 4531 laborantes
1261 4484 1298 4533 di·

142 4546 207 4611 quod
215 4547 269 4612 ejus
277 4546 308 4596 de
319 4546 414 4596 ademto
424 4548 505 4611 Myste
514 4563 563 4596 sors
572 4563 627 4597 cum
637 4547 708 4596 simili
741 4555 844 4596 cuntur:
862 4547 904 4594 ubi
915 4545 946 4595 ol,
959 4554 1008 4595 not.
