3150 5200
565 365 780 444 LIBERI,
809 369 858 430 18.

220 516 397 580 Stultitiam
413 517 581 600 patiuntur
597 541 694 601 opes3
719 520 777 582 tibi
793 519 928 602 parvula
944 542 996 583 res
1011 533 1078 586 est:

153 619 198 682 30
219 620 323 683 Arcta
338 619 433 682 decet
449 641 562 682 sanum
579 621 726 684 comitem
743 631 837 705 toga3
861 622 974 686 desine
988 645 1114 687 mecum

219 721 366 784 Certare.
414 719 627 805 Eutrapelus,
642 724 824 806 cuicunque
840 746 958 788 nocere
972 725 1113 801 volebat,

218 822 424 887 Vestimenta
439 822 540 885 dabat
554 824 714 907 pretiosa:
739 826 856 888 beatus
872 825 956 889 enim
967 827 1037 909 jam

219 924 301 987 Cum
316 922 462 1007 pulchris
478 925 594 988 tunicis
611 937 716 989 sumet
728 949 812 990 nova
827 927 961 990 consilia
975 940 1008 992 et
1024 951 1117 1013 spes;

219 1025 370 1090 Dormiet
384 1026 417 1089 in
433 1025 555 1104 lucem;
580 1039 687 1092 scorto
703 1040 880 1112 postponet
894 1028 1068 1094 honestum

154 1127 197 1188 35
220 1125 393 1206 Officium3
418 1150 564 1194 nummos
580 1129 702 1192 alienos
718 1140 849 1214 pascet3
873 1132 915 1194 ad
931 1132 1029 1196 imum

218 1228 334 1293 Threx
349 1230 421 1306 erit,
438 1240 495 1293 aut
510 1230 634 1294 olitoris
650 1243 726 1315 aget
741 1232 892 1296 mercede
907 1233 1077 1298 caballum.

219 1329 387 1396 Arcanum
402 1354 507 1416 neque
524 1343 560 1396 tu
576 1334 772 1398 scrutaberis
789 1334 874 1397 illius
891 1357 1051 1418 unquam3

221 1432 499 1518 Commissumque
515 1444 617 1518 teges,
634 1446 667 1498 et
682 1436 757 1498 vino
772 1446 878 1499 tortus
894 1447 927 1500 et
942 1439 1001 1499 ira.

198 1549 201 1560 ·
221 1534 294 1600 Nec
308 1546 365 1600 tua
379 1535 528 1600 laudabis
545 1536 664 1612 studia,
681 1547 738 1599 aut
753 1536 859 1600 aliena
872 1539 1071 1622 reprendes:

155 1635 200 1697 io
220 1635 306 1713 Nec,
323 1660 422 1720 quum
439 1638 550 1702 venari
565 1637 651 1701 volet
666 1636 731 1714 ille,
746 1650 898 1722 poemata
912 1662 1047 1723 pangas.

221 1737 338 1801 Gratia
354 1741 399 1804 sic
415 1739 551 1803 fratrum
566 1739 778 1822 geminorum,
795 1740 991 1825 Amphionis
1007 1753 1105 1825 atque

223 1839 333 1918 Zethi,
351 1843 502 1918 dissiluit,
519 1842 623 1905 donec
640 1853 792 1925 suspecta
808 1864 922 1906 severo

221 1941 386 2006 Conticuit
401 1943 480 2027 lyra.
527 1942 693 2005 Fraternis
709 1944 847 2006 cessisse
862 1952 997 2027 putatur

167 2092 208 2138 24.
235 2093 307 2145 Quem
329 2095 472 2156 paupertatis
491 2096 566 2154 pudor
585 2105 607 2142 et
617 2093 694 2157 saga,
728 2093 851 2140 hominum
869 2092 991 2157 ingenium
1004 2095 1287 2160 callidojudicebatEu-

135 2170 169 2202 sc.
190 2163 263 2212 tenet,
277 2157 301 2204 h.
318 2173 341 2206 e.
359 2173 413 2205 aum
429 2156 471 2221 qui
486 2173 534 2222 pne
549 2157 695 2224 paupertatis
728 2158 843 2222 trapelus.

135 2218 224 2283 pudore
234 2235 321 2269 nomen
331 2222 442 2286 pauperis
452 2221 523 2286 fugit.
760 2223 801 2277 34,
814 2223 855 2270 35.
872 2223 950 2271 Scorto
963 2232 1079 2284 postponet
1097 2225 1212 2272 hanutum
1230 2225 1288 2288 Offi-

167 2285 208 2332 25.
227 2285 308 2333 Decem
323 2288 387 2334 vitiis
397 2289 541 2342 instructior,
553 2283 693 2336 deciesviti-
727 2288 796 2342 cr'am,
809 2286 949 2335 libidinibus
964 2286 1044 2351 potius
1061 2304 1135 2352 quam
1149 2304 1226 2336 rerum
1243 2278 1288 2337 ho·

136 2346 199 2395 osior
206 2367 213 2409 ς
231 2348 346 2412 loquendi
357 2350 511 2414 genuserita
521 2351 641 2399 communi
652 2367 692 2418 pe-
727 2358 848 2398 nestaruru
872 2350 1069 2399 administrationi
1097 2367 1192 2417 operam
1212 2353 1289 2402 dabit.

136 2411 215 2467 titum,
227 2421 251 2461 et
262 2415 325 2479 apud
336 2429 379 2462 nos
389 2431 486 2479 quoque
496 2414 619 2462 usitatum.
728 2414 837 2462 ll'nmmos
859 2417 944 2463 alienos
963 2425 1049 2477 pascet,
1073 2431 1183 2464 nummos
1205 2426 1289 2467 mutuo

168 2477 274 2525 26-30.
292 2479 372 2552 Regit,
390 2479 524 2528 moderatur
541 2494 605 2534 euru,
624 2481 693 2528 ratio·
727 2487 818 2526 sumtos
836 2479 945 2528 absumet
960 2487 985 2527 et
993 2480 1128 2544 abliguriet.
1159 2481 1287 2538 Adimam,

136 2555 191 2588 nem
208 2557 233 2590 se
244 2543 341 2605 gerendi
357 2543 380 2592 ei
397 2543 536 2609 prescribit.
568 2544 610 2601 Ac,
623 2545 695 2593 velati
728 2542 758 2590 ad
769 2553 911 2591 extremum.

133 2608 175 2666 pia
196 2616 277 2663 mater,
289 2616 347 2656 cett.
366 2607 491 2664 ac,veluti
508 2607 548 2673 pia
566 2617 640 2657 mater
653 2625 694 2674 op·
761 2609 801 2656 ³6.
819 2609 906 2657 ihrer:
924 2608 956 2657 cf.
970 2608 1000 2657 de
1016 2608 1061 2658 hoc
1078 2608 1236 2671 gladiatorum
1248 2626 1288 2674 ga-

136 2678 186 2717 tare
202 2671 270 2727 solet,
283 2681 310 2719 ut
325 2672 395 2721 libari
410 2688 435 2720 se
450 2673 502 2738 ipsa
515 2671 624 2721 meliores
639 2688 695 2721 eru·
728 2688 784 2720 uere
796 2689 850 2737 sup.
863 2675 913 2721 Sat.
925 2673 951 2729 ii,
963 2674 987 2731 6,
1000 2674 1040 2721 44,
1076 2676 1125 2723 Ant
1139 2676 1226 2721 olitoris
1236 2687 1289 2739 aget

136 2732 203 2790 daut,
216 2734 250 2783 ita
260 2735 325 2784 dives
336 2746 449 2802 patrouus
459 2753 522 2792 eum,
536 2752 607 2801 quem
619 2737 663 2785 alit
672 2745 697 2785 et
728 2740 829 2785 mercede
848 2739 971 2793 cabaliam,
989 2736 1109 2802 eleganter
1129 2753 1170 2802 pro
1187 2738 1289 2800 vulgari,

136 2799 266 2862 patrocinio
283 2817 325 2849 suo
342 2802 413 2857 soret,
425 2800 562 2866 plusquam
577 2816 603 2849 se
614 2817 696 2866 sapere
729 2812 771 2849 eut
792 2801 836 2849 erit
857 2802 940 2866 auriga
959 2802 1139 2867 (Falrrltaecht)
1160 2800 1224 2866 apud
1244 2801 1289 2851 oli-

135 2870 160 2911 et
176 2862 304 2913 virtutibus
323 2881 348 2913 se
367 2864 418 2930 ipso
438 2866 550 2929 potiorem
568 2881 619 2913 esse
636 2866 695 2915 vult.
728 2873 812 2914 torem.

137 2927 195 2975 Mae
212 2930 360 2991 (contendere
376 2930 439 2989 noli)
454 2930 584 2977 Strrltitiam
599 2932 695 2991 patiun-
761 2931 803 2978 38.
820 2931 1009 2993 commissamque
1021 2941 1089 2993 teges,
1108 2940 1130 2978 et
1147 2932 1200 2978 vino
1216 2940 1290 2979 tortus

138 3000 177 3038 tur
188 3009 252 3053 opes:
262 2994 310 3041 noli
323 3010 417 3042 mecum
427 2993 577 3048 contendere,
588 3009 642 3041 uam
652 3010 696 3057 ego
728 3004 748 3041 et
762 2997 814 3041 iro:
831 3004 863 3051 et,
875 2994 939 3058 quod
956 2994 1012 3042 fidei
1029 3003 1076 3043 tuae
1094 3002 1118 3041 et
1135 2993 1290 3043 taciturnitati

137 3070 190 3103 sum
210 3056 283 3114 dives,
301 3059 372 3131 eujus
389 3072 446 3123 opes
464 3057 590 3105 stultitiam
610 3058 695 3106 admit·
729 3058 847 3107 creditum
864 3067 910 3114 est,
928 3057 1060 3107 occultabis
1077 3066 1125 3105 tam
1141 3058 1197 3105 vino
1217 3074 1289 3122 quam

137 3126 198 3175 tunt,
207 3120 245 3169 vel
257 3121 364 3169 stultiam
374 3120 483 3186 praesidio
495 3130 559 3170 sunt.
593 3122 696 3171 Verissi-
729 3122 765 3170 ira
786 3138 911 3179 accensus,
938 3122 964 3171 h.
982 3138 1004 3171 e.
1025 3137 1103 3186 neque
1123 3122 1183 3170 inter
1203 3123 1290 3187 pocula

137 3198 202 3230 mum
210 3185 696 3251 saue,utquotidiauadocatexperientia3
730 3202 808 3251 neque
826 3187 862 3235 ira
879 3188 991 3252 abreptus
1007 3195 1106 3249 reteges.
1140 3186 1225 3235 Horat.
1235 3201 1290 3253 sup.

136 3246 180 3294 sed
198 3248 246 3296 tale
263 3250 321 3313 quid
340 3266 369 3297 ex
386 3250 438 3314 ipso
455 3250 536 3298 divitis
552 3266 591 3299 ore
607 3250 696 3308 audire,
731 3251 779 3299 Od.
790 3250 826 3307 iii,
839 3254 880 3308 21,
896 3252 925 3300 ad
943 3250 1100 3316 Amphoram,
1112 3266 1135 3297 r.
1154 3252 1192 3305 14,
1209 3262 1236 3299 ta
1252 3269 1289 3299 so·

137 3310 294 3360 rarissimum.
328 3314 375 3361 Per
390 3316 515 3363 stultitiam
529 3313 697 3378 intelligoom-
727 3318 841 3377 pientiam
863 3317 946 3372 Caras,
965 3326 986 3365 st
1006 3332 1119 3363 arcannm
1132 3319 1209 3377 jocoso
1230 3316 1289 3363 Con·

138 3375 178 3421 nia
200 3391 254 3439 quae
270 3375 403 3425 divitiamm
416 3378 607 3427 ostentandarum
624 3394 698 3428 causa
728 3382 808 3427 silium
828 3383 913 3443 retegis
925 3381 1002 3444 Lyae.
1038 3382 1095 3427 l'iao
1105 3388 1191 3428 tortas.-
1209 3378 1252 3428 ini.
1264 3378 1290 3429 iu

138 3439 212 3487 stulte
224 3439 314 3489 laciuut
325 3440 417 3489 divites.
730 3444 807 3509 Epist.
820 3444 850 3491 ad
861 3444 912 3493 Pis.
923 3462 946 3492 v.
955 3446 1013 3499 434,
1022 3444 1094 3507 Reges
1104 3446 1218 3493 dicnmam
1229 3446 1289 3493 mal-

171 3504 213 3551 30.
231 3506 302 3553 Arcto
320 3516 381 3569 toga,
396 3522 466 3569 quam
482 3507 632 3572 pauperiores
643 3524 696 3572 ges·
730 3511 759 3556 tis
770 3511 969 3571 nrgereoolallis,
985 3508 1013 3556 Et
1032 3519 1135 3571 torquere
1147 3526 1215 3564 mero,
1226 3526 1291 3571 qoem

137 3568 221 3615 tabant
243 3570 361 3634 (erigerum
384 3580 458 3634 togam
484 3580 589 3635 gestasse
610 3572 697 3621 dicitur
727 3576 864 3635 perspexisse
876 3576 988 3621 laborant.

138 3632 209 3687 Cato,
229 3632 276 3681 vid.
300 3634 377 3699 Epist.
400 3650 436 3699 sq.
455 3651 479 3682 v.
500 3636 553 3697 13),
571 3652 602 3709 op
634 3636 697 3686 uitur
761 3637 867 3683 41-44.
885 3638 971 3685 Gratia
980 3638 1013 3684 sic
1017 3635 1129 3700 fratrom
1137 3640 1290 3700 geminorum,

138 3706 159 3743 to
175 3714 193 3744 a
213 3698 277 3753 lara,
290 3715 344 3763 quar
363 3708 414 3747 erat
431 3698 557 3747 ditiomm:
576 3717 599 3747 vr
618 3735 624 3748 .
643 3718 696 3767 sup.
729 3708 786 3748 cett.
825 3701 890 3754 Jam,
903 3710 931 3749 ut
941 3700 1033 3756 doceat,
1044 3699 1104 3749 inter
1119 3701 1180 3749 duos
1198 3701 1291 3751 diversa

139 3714 175 3807 ati
183 3762 259 3825 Epod.
272 3766 296 3819 4,
308 3765 333 3811 8.
730 3764 810 3812 studia
826 3772 943 3813 sectantes
961 3780 1008 3811 non
1025 3775 1133 3813 constare
1147 3781 1216 3829 posse
1231 3766 1290 3813 ami-

170 3826 275 3875 al-so.
292 3828 442 3889 Eutrapelus,
452 3834 508 3875 cett.
532 3826 698 3892 Laudi,quam
731 3828 820 3883 citiam,
833 3830 966 3889 Amphionis
982 3838 1007 3876 et
1026 3827 1100 3884 Zethi,
1112 3831 1127 3878 J
1130 3828 1181 3876 ovis
1195 3845 1224 3876 ex
1237 3829 1290 3877 Au-

137 3888 208 3936 homo
218 3889 285 3939 dives
300 3892 385 3956 opibus
396 3891 446 3939 suis
463 3900 577 3955 tanquam
593 3892 698 3941 stultitiae
730 3893 797 3958 tiopa
807 3892 917 3949 filiorum,
926 3892 1062 3957 exemplum
1074 3892 1149 3939 effert.
1170 3894 1291 3952 Amphion,

138 3953 222 4017 clypeo
234 3953 325 4011 tribuit,
338 3955 417 4004 statim
431 3956 546 4003 lloratius
563 3955 588 4003 in
602 3956 697 4005 divitia·
731 3957 930 4005 celebratissimus
939 3956 1035 4011 fidicen,
1046 3964 1097 4003 erat
1108 3956 1178 4003 homo
1193 3956 1292 4005 mitioris

137 4032 189 4064 rum
207 4027 351 4068 contemtum
363 4019 483 4067 subnectit
498 4021 654 4069 narrationem
669 4020 700 4070 de
731 4030 756 4069 et
772 4020 887 4068 mollioris
900 4020 1006 4083 iugeuii;
1024 4019 1116 4076 Zethus,
1172 4027 1207 4067 tor
1218 4028 1243 4068 et
1254 4036 1290 4067 re·

139 4080 275 4145 etaerupem,
287 4084 329 4148 qui
345 4084 383 4143 iis,
396 4084 485 4148 quibus
500 4100 584 4133 nocere
596 4086 698 4141 volebam,
731 4102 783 4133 rum
816 4084 944 4148 agrestium
972 4082 1100 4138 studiosus,
1128 4036 1190 4130 pppm
1217 4087 1291 4132 duras

138 4146 241 4209 pretiosa
253 4148 396 4197 vestimenta
407 4148 510 4205 dedisse,
520 4155 544 4197 et
553 4148 590 4196 his
601 4164 697 4214 corrup·
731 4151 853 4213 (Propert.
865 4149 900 4205 iii,
911 4151 951 4204 15,
963 4150 1009 4211 20)
1021 4156 1047 4196 et
1056 4148 1121 4205 teras
1130 4149 1202 4210 (Stat.
1213 4147 1290 4196 Theb.

48 4258 51 4262 ,
139 4209 238 4257 telarum
249 4211 498 4261 illecabrisavirtusrs
508 4212 545 4261 via
556 4212 611 4260 illos
622 4212 698 4261 abdu-
732 4231 755 4271 x,
769 4216 841 4272 443),
876 4212 931 4261 Fuit
947 4212 1019 4275 igitur
1034 4202 1150 4260 interhos
1167 4213 1228 4260 duos
1244 4212 1290 4261 lm·

137 4289 191 4321 cere
210 4284 312 4324 tentasse
332 4276 428 4325 dicitur.
463 4278 502 4325 De
520 4278 550 4325 P.
570 4278 700 4326 volumnio
732 4290 779 4327 tres
794 4275 1239 4341 discordia,donecAmphiou,lyram
1255 4286 1290 4325 ta-

139 4338 277 4403 Eutrapelo,
296 4340 396 4389 Antonii
415 4340 531 4389 triumviri
549 4342 633 4397 amico,
652 4342 700 4391 vid.
733 4359 786 4392 cere
811 4343 909 4406 jubens,
936 4342 1045 4391 fraternis
1076 4340 1181 4389 moribus
1212 4341 1292 4390 cessit.

139 4402 235 4452 Emest.
247 4404 316 4453 clav.
328 4406 383 4453 Cic.
395 4406 451 4453 Ind.
461 4406 525 4453 Hist.
537 4421 558 4453 s.
570 4423 592 4453 v.
604 4407 695 4455 Valam-
731 4409 826 4462 Gratia,
840 4406 974 4465 concordia,
987 4415 1085 4455 mutuus
1097 4421 1170 4453 amor.

138 4468 200 4523 niso,
212 4468 273 4515 etin
286 4470 341 4517 Iud.
353 4470 433 4518 Graec.
444 4487 464 4517 s.
475 4487 500 4517 v.
513 4471 680 4534 Edrparrshia.
764 4473 804 4519 42.
821 4474 929 4534 Suspecta
943 4489 1026 4527 secero,
1038 4470 1117 4518 invisa
1131 4469 1196 4517 fratri
1208 4470 1290 4526 Zetho,

171 4532 212 4580 32.
232 4532 316 4581 Beatos
338 4536 398 4581 anim
407 4537 475 4597 jam:
496 4534 529 4584 sic
550 4535 579 4583 ad
601 4537 696 4601 vulgara
730 4552 777 4585 non
797 4535 930 4585 mitioribus
946 4535 1031 4585 studiis
1047 4533 1238 4600 (artimusica),
1250 4535 1291 4585 sed
