3150 5200
318 351 381 413 556
730 348 1054 416 SATIRARUM

406 487 577 572 Quamque
593 498 761 572 poetarum
778 487 939 550 seniorum
954 488 1068 563 turba3
1093 486 1150 550 sed
1165 487 1230 563 ille,

406 588 442 651 Si
458 589 542 654 foret
557 590 619 654 hoc
635 600 781 653 nostrum
797 587 864 651 fato
880 587 1008 651 delatus
1024 589 1057 652 in
1072 609 1187 664 sevum,

405 689 583 756 Detereret
599 691 661 755 sibi
675 690 796 767 multa3
820 690 981 753 recideret
997 710 1102 765 omne,
1118 688 1206 771 quod
1222 689 1308 751 ultra

342 790 384 853 70
406 791 592 857 Perfectum
609 791 810 869 traheretur;
833 791 914 854 etin
929 812 1024 853 versu
1040 788 1189 853 faciendo

406 892 503 977 Saepe
519 904 618 978 caput
634 894 793 967 scaberet,
808 892 897 955 vivos
912 902 946 954 et
961 890 1092 955 roderet
1106 911 1244 973 ungnes.

407 992 503 1078 Saepe
519 994 627 1058 stilum
643 1004 761 1069 vertas,
777 994 905 1069 iterum,
920 1014 994 1074 quae
1009 992 1109 1075 digna
1122 990 1187 1073 legi
1202 990 1278 1067 sint,

406 1094 616 1178 Scripturus;
640 1116 756 1177 neque,
773 1104 805 1157 te
822 1103 859 1158 ut
873 1094 1006 1156 miretur
1022 1094 1128 1168 turba,
1143 1092 1289 1156 labores:

406 1193 588 1259 Contentus
604 1197 717 1279 paucis
732 1194 919 1259 lectoribus.
964 1193 1021 1256 An
1035 1204 1092 1257 tua
1106 1193 1239 1257 demens

341 1296 385 1359 75
406 1295 537 1359 Vilibus
552 1298 585 1359 in
600 1296 685 1359 ludis
701 1296 817 1359 dictari
832 1294 973 1358 carmina
987 1294 1100 1358 malisl

408 1396 487 1460 Non
501 1419 580 1481 ego:
604 1418 677 1459 nam
693 1396 771 1459 satis
786 1405 848 1471 est,
863 1396 1005 1478 equitem
1019 1394 1097 1458 mihi
1111 1394 1278 1479 plaudere,
1294 1405 1332 1459 ut
1346 1397 1470 1474 audax,

407 1497 587 1562 Contemtis
602 1497 683 1573 aliis,
700 1496 836 1581 explosa
851 1494 1038 1561 Arbuscula
1052 1497 1146 1561 dixit.

407 1598 497 1662 Men’
512 1609 639 1663 moveat
654 1600 758 1663 cimex
772 1597 953 1662 Pantilius?
976 1609 1032 1661 aut
1047 1599 1181 1675 cruciet,
1196 1598 1286 1681 quod

407 1698 548 1764 Vellicet
562 1702 730 1765 absentem
744 1700 955 1763 Demetrius?
977 1710 1034 1762 aut
1049 1699 1136 1783 quod
1152 1700 1282 1783 ineptus

343 1798 386 1860 80
407 1798 551 1864 Fannius
567 1801 783 1885 Hermogenis
798 1799 898 1863 laedat
912 1801 1047 1863 conviva
1060 1797 1201 1882 Tigelli?

408 1900 533 1964 Plotius
549 1915 582 1966 et
596 1901 730 1979 Varius,
748 1900 914 1965 Maecenas
930 1900 1165 1985 Virgiliusque,

323 2097 392 2153 poeta
412 2104 460 2137 rem
484 2089 555 2137 nimis
575 2098 668 2139 auctam
698 2090 791 2155 proptio
815 2089 880 2153 nocis
912 2088 997 2151 repetit
1013 2088 1058 2137 hoc
1074 2103 1171 2137 aureum
1188 2097 1332 2153 praeceptum
1353 2088 1469 2139 liontias

321 2154 440 2201 amburere
450 2168 495 2201 usu
506 2153 604 2218 paulum
616 2154 721 2203 minnere
733 2154 816 2202 voluit
912 2152 955 2199 inl.
969 2153 1044 2217 Epist.
1051 2152 1077 2209 ii,
1086 2154 1110 2208 2,
1121 2154 1167 2200 los
1176 2168 1239 2263 εἶς..
1249 2156 1279 2199 At
1287 2155 1327 2214 qui
1339 2154 1468 2217 legitima·

354 2218 460 2265 tt-tl.
477 2218 560 2265 Fuerit
579 2218 692 2273 Lucilius,
705 2226 762 2266 cett.
777 2232 877 2265 senam:
911 2219 987 2277 cupiet
994 2217 1080 2281 secisse
1093 2233 1178 2276 mersu,
1203 2220 1209 2235 “

321 2280 460 2336 concedam,
476 2281 594 2329 Lucilium
609 2290 702 2345 poetam
720 2296 772 2331 esse
788 2296 879 2328 comem
914 2280 1017 2327 Ceruon's
1030 2289 1101 2327 sumet
1116 2280 1201 2328 bonuti
1208 2297 1217 2338 ,·
1235 2280 1345 2336 Audebit,
1360 2298 1467 2343 quaeun-

322 2352 347 2390 et
364 2344 490 2398 urbanum,
513 2354 537 2393 et
553 2345 692 2393 limatiorem
710 2346 769 2393 adeo
792 2344 878 2399 Ennio,
911 2359 954 2405 qus
974 2360 1057 2404 parum
1074 2344 1199 2405 splendoris
1222 2344 1344 2399 bubeium,
1369 2345 1400 2393 Et
1420 2349 1470 2395 nae

322 2414 346 2453 et
367 2406 421 2453 aliis
443 2408 596 2471 scriptoribus
617 2408 809 2479 antiquioribus3
837 2407 878 2456 sad
908 2408 1224 2468 meermannianam
1240 2410 1339 2471 indigna
1344 2407 1468 2472 serentur,

323 2470 426 2524 Ennius,
446 2470 467 2517 si
484 2482 564 2519 nostra
581 2480 650 2521 etate
665 2480 761 2527 viverat,
777 2486 834 2525 non,
854 2480 881 2519 ut
915 2470 987 2517 Verbo
1006 2488 1092 2519 monere
1108 2472 1162 2526 too,
1183 2474 1286 2534 quamtis
1311 2473 1386 2518 ianua
1407 2490 1468 2521 reee-

323 2532 440 2589 Lucilius,
470 2534 546 2581 multa
575 2549 630 2600 quas
661 2534 767 2585 tollunda
800 2545 880 2583 essent
911 2536 979 2582 dunt.

322 2594 473 2661 relinqueret,
486 2598 528 2646 sed
538 2599 651 2648 detereret
667 2611 738 2664 atque
756 2599 878 2657 recideret,
945 2599 985 2646 75.
1014 2599 1117 2653 Dictaei.
1138 2615 1152 2648 a
1176 2596 1348 2660 ludimagistris
1369 2601 1469 2662 praelegi

322 2673 375 2716 ttec,
388 2661 449 2708 sicut
468 2661 584 2714 Lucilius.
597 2663 659 2710 brevi
676 2665 788 2728 temporis
803 2665 880 2727 spatio
911 2661 949 2710 vel
958 2662 1059 2717 recitari,
1072 2674 1095 2712 et
1106 2679 1120 2711 a
1132 2663 1211 2728 pueris
1223 2662 1306 2710 edisci.

1210 2234 1249 2263 uns
1264 2219 1350 2265 tabulis
1365 2222 1468 2266 arrha·
1563 2223 1567 2241 '

322 2725 412 2772 multos
431 2740 512 2772 versus
530 2733 616 2774 temere
634 2725 773 2782 effunderet,
794 2726 878 2775 sedin
944 2726 984 2773 77.
1012 2725 1108 2787 Erplosu
1131 2728 1276 2775 Arbtsscula:
1303 2724 1416 2773 libertina
1444 2739 1471 2776 et
1564 2742 1565 2745 ¹

321 2801 390 2834 versu
413 2787 521 2837 iaciendo
546 2803 609 2852 saepe
629 2799 700 2854 caput
721 2791 829 2839 scaberet
855 2799 880 2839 et
911 2789 1055 2844 miniatum
1066 2789 1192 2839 admodum
1204 2789 1311 2842 celebris,
1325 2797 1384 2837 uta
1434 2802 1471 2839 tet

322 2849 388 2900 vivos
398 2867 490 2915 ungues
500 2852 599 2906 roderet,
607 2852 631 2900 h.
639 2868 660 2900 e.
669 2867 785 2900 summam
796 2867 878 2901 curam
910 2867 925 2900 e
937 2853 1053 2902 Cicerone
1063 2853 1089 2901 in
1100 2854 1216 2918 Epistad
1225 2853 1277 2902 Ast
1286 2853 1318 2907 ir,
1326 2853 1366 2908 lb,
1454 2857 1460 2866 '

321 2922 347 2962 et
374 2914 521 2978 diligentiam
548 2916 572 2963 in
599 2916 746 2980 expoliendis
773 2917 879 2965 versibus
910 2934 973 2964 nurse
992 2919 1020 2966 tle
1039 2919 1184 2973 Arbuscula,
1207 2919 1274 2966 ualde
1291 2918 1399 2978 placuit:
1424 2917 1470 2965 ali·

355 2988 427 3028 neret.
461 2983 547 3028 Auctor
566 2979 596 3028 ad
616 2981 699 3027 Satirte
722 2981 877 3035 inventorem,
910 2980 1123 3043 quaudotamena
1151 2983 1213 3034 leba,
1221 2989 1249 3028 ut
1257 2979 1358 3034 uidetur,
1368 2981 1471 3044 explosa

345 3043 453 3099 acilium,
465 3060 520 3093 cum
538 3044 675 3092 Heindorfio
690 3051 712 3090 ct
729 3044 782 3090 aliis
802 3043 880 3092 reterri
910 3052 963 3101 est;
980 3045 1045 3092 unde
1064 3059 1090 3092 se
1110 3044 1135 3093 ni
1152 3045 1169 3093 il
1189 3060 1272 3093 curare
1288 3043 1381 3107 plebem
1398 3045 1470 3100 dixit,

323 3108 424 3170 nequit5
443 3123 497 3156 nam
510 3109 582 3155 verba
602 3107 656 3154 inde
672 3121 687 3154 a
702 3109 740 3154 sed
756 3109 796 3154 ille
813 3108 881 3156 nullo
910 3107 981 3155 modo
993 3108 1101 3157 homiues
1111 3108 1222 3159 cultiores
1232 3123 1262 3156 ex
1271 3106 1355 3155 ordine
1365 3111 1471 3172 equestri

323 3171 394 3218 modo
406 3171 494 3220 Lucilii
508 3173 603 3234 ingenio
620 3172 782 3218 conveniunt:
800 3183 881 3219 ortator
911 3170 957 3217 sibi
968 3172 1149 3235 applauderent

320 3232 371 3296 jam
388 3243 424 3283 est
439 3235 555 3299 scriptor;
572 3245 596 3282 et
617 3243 680 3282 totus
697 3249 787 3291 venus,
807 3237 882 3289 Quom
945 3236 1049 3284 tlt-to,
1066 3237 1121 3284 lam
1132 3235 1247 3284 Horatius
1257 3234 1400 3282 nominatim
1408 3251 1469 3299 qaa-

322 3301 389 3345 rudis
410 3308 432 3344 st
453 3299 539 3348 Gratis
557 3301 639 3346 intecti
660 3301 768 3346 conuiuis
789 3309 878 3356 auctor,
911 3305 965 3347 tuor
980 3299 1133 3355 adversarios,
1146 3297 1289 3353 Pantiliunr,
1308 3299 1468 3354 Demetrium,

322 3359 443 3422 eleganter
461 3360 571 3425 exprimit
585 3361 706 3424 simplices
717 3377 795 3419 voces,
812 3381 879 3424 quam
912 3361 1041 3418 Fannium,
1053 3373 1078 3411 et
1088 3363 1225 3423 Tigellium,
1237 3370 1264 3410 ut
1276 3361 1386 3411 homines
1401 3363 1468 3436 inep-

324 3421 432 3480 Enus'us‚·
452 3425 545 3472 Ennius
561 3425 624 3472 enirn
637 3435 674 3473 est
686 3425 878 3490 scriptorcarmi·
911 3432 949 3472 tos
965 3434 988 3474 et
1004 3425 1089 3488 dignos
1104 3442 1165 3490 quos
1186 3434 1331 3481 contemnat,
1351 3426 1469 3491 producit.

323 3485 360 3534 nsi
371 3489 437 3534 rudis
445 3487 565 3547 (nondum
578 3487 762 3550 elegantioribus
774 3492 879 3538 numeris
912 3489 995 3536 Oratio
1006 3489 1029 3537 in
1042 3490 1079 3537 liis
1087 3491 1163 3538 tribus
1172 3490 1279 3537 versibus
1287 3498 1325 3536 est
1335 3489 1410 3552 paulo
1418 3506 1469 3538 rer-

323 3549 438 3606 adstticti,
449 3550 552 3599 nondum
562 3560 611 3600 arta
619 3552 742 3609 elaborati,
750 3561 774 3600 et
782 3553 879 3601 mollius
910 3552 1000 3599 bosior:
1010 3553 1093 3617 junge,
1102 3553 1469 3608 mommorenciacensem

323 3612 434 3685 liuentis)
456 3624 477 3661 et
502 3615 586 3664 Gracia
611 3618 694 3664 intanti
722 3617 808 3678 (quale
831 3633 878 3664 non
911 3617 987 3672 ledat,
1003 3620 1060 3679 qum
1078 3621 1148 3664 rimer
1162 3617 1289 3670 Pantilius,
1307 3619 1368 3678 quod
1388 3617 1469 3664 Deme·

322 3679 878 3791 ttttfflttttmSttttnt'rt‘itt
911 3679 1387 3805 ittsi⁹.¹;t‘¹..tftt.rlttttstt2

322 3803 395 3862 rica).
415 3805 463 3852 Pro
475 3810 540 3854 stadis
550 3817 570 3854 et
582 3807 705 3870 ingeniose
716 3807 822 3854 tentabat
830 3810 877 3856 Ca·
912 3809 977 3854 tilius
989 3823 1004 3854 a
1014 3810 1101 3862 cimice,
1114 3807 1176 3854 male
1186 3806 1274 3861 olente,
1286 3814 1311 3852 et
1325 3806 1471 3855 dormientes
1560 3806 1561 3813 ’

323 3867 445 3916 sanbonus
461 3868 491 3920 de
507 3871 579 3918 Rom.
596 3872 646 3920 Sat.
666 3887 690 3934 p.
705 3871 762 3925 255,
777 3872 878 3924 lindius,
911 3870 1031 3980 precipue
1058 3879 1160 3918 vexante
1185 3878 1257 3932 atque
1283 3868 1417 3924 mordente,
1444 3881 1471 3918 ut

323 3940 351 3980 nt
370 3942 468 3980 vocatur
489 3934 582 3981 Ennius
600 3950 614 3981 a
633 3935 748 3982 Cicerone
766 3933 791 3980 in
809 3937 878 3982 Orat.
928 3949 982 3980 omo
1000 3950 1072 4000 quem
1089 3933 1168 3997 quivis
1183 3941 1302 3981 aversetur
1321 3931 1411 3996 dignus
1426 3933 1470 3982 de·

322 4009 365 4068 pro
384 3996 546 4052 Arch.c.10,
562 3997 668 4062 apatria
687 3999 780 4052 Rucliis,
791 3998 878 4062 oppido
910 3997 1025 4059 signatur.
1059 3999 1198 4050 Demetrius,
1219 3995 1361 4050 modulator,
1380 4007 1407 4044 ut
1426 4013 1469 4061 ap·

322 4074 348 4104 m
360 4060 482 4107 Calabria.
518 4061 591 4120 Virus,
603 4063 633 4108 ad
645 4061 724 4108 vitum
735 4075 820 4124 usque.
910 4072 975 4125 paret
991 4077 1005 4108 e
1022 4079 1045 4107 v.
1059 4063 1092 4108 90
1107 4070 1132 4108 et
1143 4062 1192 4108 91:
1211 4061 1243 4107 ci.
1253 4077 1276 4106 v.
1290 4060 1328 4114 lb,
1340 4060 1371 4107 sd
1387 4076 1470 4109 vocem

356 4124 460 4170 72-74.
478 4123 538 4184 sape
551 4128 629 4172 stilum
646 4134 727 4180 bertus,
741 4141 813 4188 saepe,
825 4141 880 4188 quer
908 4127 996 4172 simius.
1030 4127 1151 4172 Furruius:
1168 4123 1199 4170 cf.
1211 4138 1265 4187 sup.
1278 4123 1296 4178 i,
1308 4125 1333 4179 t,
1344 4125 1386 4170 at.

322 4185 444 4249 scripsisti,
458 4185 878 4240 deleassireemendes:stilienim.
943 4190 1048 4236 81-90.
1077 4189 1133 4236 Jam
1156 4186 1271 4235 Horatius
1292 4186 1398 4250 appellat
1418 4203 1470 4243 eos,

321 4265 369 4313 qno
382 4251 465 4296 litteras
482 4265 542 4296 ceras
558 4251 758 4315 imprimebantur,
772 4267 826 4314 pars
838 4268 877 4299 su·
911 4253 999 4315 quibus
1020 4251 1108 4325 scripta
1127 4266 1173 4299 sua
1195 4251 1289 4315 placere
1310 4248 1387 4322 cupit,
1408 4251 1473 4298 viros

322 4313 456 4423 perimeret
470 4315 520 4360 lata
531 4314 579 4360 sive
590 4314 671 4377 plana,
687 4315 721 4362 ita
732 4315 839 4378 quidem,
851 4325 877 4363 ut
910 4331 995 4380 nempe
1004 4316 1127 4363 nobilitata
1135 4330 1233 4379 possem
1240 4322 1263 4362 et
1273 4313 1474 4376 doctnuasgloria

339 4391 367 4424 ac
387 4377 469 4424 latiore
488 4376 575 4424 inversi
590 4375 637 4424 stili
652 4385 716 4440 parte
737 4381 809 4426 verba
824 4379 877 4427 loco
910 4379 1061 4443 conspicuos.
1088 4379 1194 4426 Plotius:
1211 4377 1242 4426 cl.
1252 4393 1280 4425 su
1300 4376 1347 4424 ·ad
1358 4377 1376 4431 i,
1389 4380 1414 4430 5,
1428 4380 1471 4425 to.

314 4454 366 4487 suo
375 4439 461 4488 moveri
468 4449 492 4488 et
502 4439 582 4487 induci
593 4449 697 4504 possent.
716 4441 876 4503 iterumque,
914 4441 1014 4490 l'urius:
1029 4458 1084 4506 sup.
1103 4441 1134 4489 ad
1145 4441 1194 4488 Od.
1210 4439 1228 4496 i,
1240 4443 1265 4497 6,
1280 4393 1302 4494 i,
1314 4451 1340 4488 ct
1348 4443 1400 4488 Sat.
1412 4441 1432 4494 i.
1444 4444 1471 4494 9.

322 4512 380 4551 cett.
392 4513 419 4552 ut
429 4503 459 4551 de
470 4503 560 4568 integro
572 4506 635 4552 lectu
646 4501 754 4566 digniora
769 4505 874 4554 scribas:
909 4507 950 4554 23.
987 4505 1097 4568 Valgius:
1121 4505 1152 4552 ci.
1172 4521 1225 4570 sup.
1243 4505 1272 4552 ad
1292 4503 1341 4552 Od.
1356 4503 1382 4561 ii,
1399 4506 1427 4563 9,
1445 4508 1471 4554 5.
