3150 5200
292 315 358 380 460
667 312 1060 378 EPISTOLARUM

314 466 357 530 65
379 463 468 528 Vilia
482 463 675 526 vendentem
691 465 835 529 tunicato
851 475 962 529 scruta
975 465 1107 549 popello

380 565 543 650 Occupat,
559 575 592 629 et
608 565 731 630 salvere
741 568 839 650 jubet
853 568 953 651 prior.
999 566 1059 630 Ille
1075 565 1231 651 Philippo

380 667 551 732 Excusare
566 667 721 745 laborem,
737 679 771 731 et
785 669 983 732 mercenaria
998 668 1113 745 vincla,

380 769 479 842 Quod
496 792 560 834 non
575 793 668 834 mane
683 770 815 833 domum
830 770 988 845 venisset;
1013 770 1154 853 denique
1169 770 1257 852 quod
1274 792 1342 833 uon

380 871 583 936 Providisset
598 895 681 936 eum.
731 872 785 936 Sic
800 872 963 955 ignovisse
978 879 1094 954 putato

317 972 359 1035 70
381 971 438 1036 Me
455 975 525 1050 tibi,
543 975 569 1036 si
585 995 695 1038 coenas
710 974 810 1037 hodie
822 994 956 1037 mecum.
1003 972 1051 1036 Ut
1065 973 1155 1037 libet.
1202 972 1295 1056 Ergo

380 1073 461 1138 Post
476 1097 593 1138 nonam
608 1075 735 1152 venies;
760 1097 845 1138 nunc
860 1075 882 1150 i,
899 1096 967 1139 rem
982 1082 1133 1138 strenuus
1148 1095 1242 1158 auge.

379 1174 428 1238 Ut
442 1186 573 1240 ventum
588 1177 629 1239 ad
646 1199 770 1241 coenam
786 1185 847 1252 est,
864 1176 1004 1239 dicenda
1019 1176 1158 1239 tacenda
1171 1175 1312 1253 locutus,

379 1275 529 1341 Tandem
544 1278 719 1341 dormitum
734 1276 917 1341 dimittitur.
963 1276 1042 1352 Hic,
1056 1277 1114 1340 ubi
1130 1299 1218 1361 saepe

381 1378 556 1442 Occultum
572 1381 660 1443 visus
677 1381 775 1464 piscis
792 1380 966 1443 decurrere
981 1378 1023 1440 ad
1038 1377 1181 1455 hamum,

316 1478 359 1541 75
381 1477 481 1542 Mane
497 1479 596 1544 cliens
611 1492 645 1545 et
656 1483 724 1565 jam
739 1491 848 1545 certus
860 1481 1005 1556 conviva,
1017 1481 1155 1564 jubetur

277 1654 278 1658 η
379 1579 473 1644 Rura
488 1583 676 1646 suburbana
691 1583 822 1646 indictis
836 1603 944 1646 comes
960 1582 1007 1644 ire
1027 1579 1165 1645 Latinis

379 1681 555 1766 Impositus
568 1684 705 1760 mannis,
723 1704 837 1767 agrum
852 1681 1035 1766 coelumque
1052 1683 1210 1745 Sabinum

378 1781 459 1846 Non
474 1796 581 1848 cessat
595 1783 740 1848 laudare.
786 1782 891 1847 Videt
905 1784 1055 1867 ridetque
1071 1782 1264 1866 Philippus:

381 1883 438 1961 Et,
455 1886 517 1950 sibi
532 1886 610 1949 dum
626 1887 781 1970 requiem,
799 1885 876 1949 dum
891 1886 976 1948 risus
992 1886 1136 1967 undique
1152 1885 1282 1967 quaerit,

316 1984 358 2047 80
381 1983 472 2048 Dum
487 1998 611 2071 septem
627 1988 728 2050 donat
742 1986 902 2063 sestertia,
919 1996 1032 2049 mutua
1047 1995 1172 2069 septem

380 2085 556 2165 Promittit,
573 2088 761 2172 persuadet,
778 2088 826 2150 uti
842 2097 1004 2151 mercetur
1018 2086 1168 2170 agellum.

381 2188 567 2253 Mereatur:
592 2212 632 2253 ne
649 2201 681 2252 te
697 2189 802 2273 longis
818 2189 1009 2272 ambagibus
1024 2189 1121 2265 ultra,

380 2290 488 2362 Quam
506 2291 583 2354 satis
599 2301 660 2367 est,
677 2311 801 2366 morer3
825 2312 867 2352 ex
881 2289 985 2353 nitido
1000 2290 1038 2353 fit
1053 2290 1206 2365 rusticus,
1222 2298 1322 2373 atque

381 2389 497 2462 Sulcos
513 2402 546 2454 et
561 2391 669 2455 vineta
684 2401 797 2475 crepat
811 2413 909 2467 mera,
926 2402 1089 2474 praeparat
1104 2391 1219 2468 ulmos,

316 2491 358 2552 85
380 2488 565 2554 Immoritur
581 2492 708 2568 studiis,
725 2502 758 2555 et
774 2513 881 2555 amore
898 2493 1037 2556 senescit
1052 2492 1205 2556 habendi.

295 2676 407 2732 nobilem,
419 2676 483 2725 adire
499 2694 546 2726 nou
564 2678 644 2738 audet,
658 2680 708 2729 aiva
725 2697 773 2745 prae
785 2696 852 2730 vers·
885 2682 960 2729 tracto
971 2689 992 2728 te
999 2684 1144 2743 provideram
1151 2699 1160 2739 ,-
1171 2697 1250 2743 quma,
1259 2696 1289 2728 ae
1299 2682 1357 2728 vitio
1365 2689 1452 2735 vertam

293 2740 382 2789 cundia
403 2751 427 2789 to
448 2741 611 2803 exhorrescit;
628 2744 769 2793 verecundia
789 2744 853 2792 enim
886 2744 925 2792 Ita
935 2747 1058 2793 iramndr'a
1070 2748 1157 2793 obstitit
1164 2748 1243 2794 oculta.

293 2819 466 2869 nonnunquam
476 2822 532 2854 cum
547 2806 630 2855 timore
640 2808 677 2856 vel
689 2807 781 2856 horrore
793 2824 852 2873 quo·
919 2810 959 2856 71.
978 2810 1134 2867 Postumiam,
1147 2809 1212 2874 apud
1228 2823 1271 2856 nos
1288 2809 1453 2873 posttertiun
1549 2857 1558 2899 3

293 2868 347 2917 dam
360 2870 490 2934 conjuncta
499 2880 545 2919 est.
888 2872 970 2920 horam
1012 2872 1174 2922 meridianam.

326 2934 367 2982 65.
378 2934 440 2981 Vilia
450 2944 537 2991 scruta,
546 2934 653 3001 intellige
662 2937 855 2994 detritasveuas,
920 2937 961 2985 72.
1005 2939 1093 2994 mondo,
1111 2940 1207 2985 sacerdo
1219 2934 1300 2999 (ῥητὰ
1314 2937 1357 2983 καὶ
1373 2936 1453 3000 aiddu·

293 2996 459 3055 instrumenta,
469 3006 493 3047 et
503 2998 580 3047 multa
590 2999 646 3057 alia,
658 3010 762 3066 tempore
773 3009 798 3049 et
810 3017 855 3049 usu
889 2999 945 3061 ra),
968 3000 1041 3065 digna
1060 3010 1084 3048 et
1105 2999 1204 3064 indigna
1226 2999 1320 3055 auditu,
1342 3007 1399 3065 apta
1425 3011 1453 3048 et

293 3061 376 3110 viliora
401 3062 472 3112 lacta.
516 3064 642 3127 Ejusmodi
669 3080 760 3113 merces
789 3065 856 3128 (nos,
889 3063 928 3112 ine
946 3073 979 3113 ta.

295 3126 464 3189 Tridelwaara)
483 3128 580 3176 venales
598 3128 718 3177 habebant
735 3132 856 3177 scrutor-ii.
937 3130 961 3176 3.
980 3129 1126 3184 Dimittitur,
1137 3143 1172 3176 sc.
1183 3128 1290 3176 domum.

294 3190 417 3239 Jamvero
434 3206 490 3239 cum
509 3192 589 3239 Menae
605 3192 630 3239 in
643 3192 802 3246 auctoribus,
814 3192 857 3239 ubi
921 3192 1027 3239 73-76,
1045 3192 1100 3248 Hic,
1127 3194 1169 3240 ati
1194 3208 1259 3252 rapo,
1286 3198 1344 3239 cett.
1375 3190 1452 3239 Hune

293 3253 334 3300 ille
343 3270 421 3317 preco
431 3255 506 3319 pretia
516 3254 659 3302 licitantium
672 3257 855 3320 pronunciabat,
889 3256 967 3303 locum
986 3256 1021 3303 ita
1039 3255 1193 3321 interpretor:
1217 3256 1264 3303 Hic
1280 3254 1395 3318 (Mena),
1410 3256 1453 3302 uti

292 3318 499 3367 commodatarum
507 3319 663 3367 obsoletamm
672 3319 856 3368 coemendarum
889 3321 1044 3384 (postquam)
1065 3336 1120 3381 rapa
1141 3320 1204 3368 siout
1221 3322 1291 3381 piscis
1308 3322 1339 3366 ad
1359 3321 1454 3366 ham

293 3380 484 3445 suppeditaretur
500 3381 601 3439 occasio,
623 3383 742 3446 quomodo
765 3384 857 3432 lactum
888 3385 1000 3431 occultum
1012 3382 1043 3431 ad
1058 3384 1121 3431 aedes
1133 3382 1241 3456 Philippi
1251 3386 1375 3431 decurrere
1389 3386 1454 3430 mm

293 3444 332 3499 sit,
344 3452 372 3492 ut
382 3461 460 3509 praeco
475 3445 545 3493 simul
561 3454 623 3495 esset
635 3446 772 3504 scrutarius,
785 3447 857 3496 tacite
888 3455 934 3502 est,
948 3446 1018 3494 Mane
1030 3447 1136 3511 (scilicet
1147 3446 1253 3511 Phihppi
1263 3445 1384 3494 salutandi
1396 3462 1454 3510 gra·

293 3518 399 3573 apparet.
433 3510 546 3557 Tunicato
556 3512 651 3572 popello,
662 3510 768 3573 intellige
780 3512 856 3560 homi·
889 3512 935 3567 tia)
948 3512 1017 3558 etiem
1034 3514 1119 3572 etjam
1136 3522 1211 3559 renim
1227 3514 1330 3566 maaian,
1340 3512 1454 3572 julittam
1556 3511 1558 3514 ’

294 3587 336 3619 nes
353 3573 384 3621 de
400 3574 479 3638 plebe,
495 3574 599 3685 opifices,
616 3574 771 3631 tabernarios,
789 3584 856 3632 cett..
889 3583 945 3623 cett.
979 3576 1019 3622 De
1035 3574 1152 3639 particula
1168 3573 1321 3685 mffmndi
1338 3577 1408 3631 sicat,
1422 3574 1455 3621 ed

293 3636 394 3701 quinon
407 3645 470 3700 toga,
482 3653 506 3686 se
535 3638 618 3687 tunica
629 3640 764 3687 utebantur.
884 3642 952 3701 piscis
967 3638 1062 3692 omissa,
1080 3638 1112 3685 cl.
1127 3655 1182 3703 sup.
1243 3638 1322 3703 Epist.
1337 3638 1355 3694 i,
1367 3639 1392 3692 2,
1411 3640 1454 3685 4².

325 3702 366 3749 66.
392 3702 503 3763 Occupat,
523 3702 648 3768 opprimit;
669 3718 720 3761 nos,
740 3720 765 3751 er
785 3707 853 3752 iiber·
886 3700 1442 3760 lrrdictia,sc.acoosnle;Latinis,sc.feriia.

292 3767 378 3813 raaclrt.
411 3766 634 3821 Salsa-amomum.
919 3766 1026 3814 77-79.
1045 3766 1153 3814 Marinio:
1178 3766 1209 3813 cl.
1220 3765 1317 3829 supad
1334 3764 1412 3829 Epod
1425 3768 1452 3823 4,

325 3830 365 3877 67.
384 3830 491 3893 Philippo
507 3830 622 3879 Excusare
640 3832 780 3887 laborem,et
796 3848 854 3879 mer·
888 3832 927 3877 14.
955 3832 1004 3877 Siti
1013 3832 1069 3877 dum
1081 3833 1180 3893 requiem
1190 3832 1283 3892 quaerit,
1295 3827 1354 3876 dum
1365 3828 1453 3891 ipsein

291 3898 385 3942 amaria
403 3896 487 3950 vincla,
503 3910 528 3943 se
546 3910 659 3944 excusare
678 3895 743 3960 opud
760 3894 853 3960 Philip·
887 3901 1008 3959 posterum
1019 3893 1090 3941 vitam
1102 3893 1188 3941 sectari
1198 3893 1250 3941 vult
1258 3891 1375 3955 quietam,
1387 3892 1452 3940 iner-

292 3973 348 4022 pum
370 3958 449 4007 labore
467 3966 491 4006 et
509 3958 658 4007 mercenariis
673 3958 792 4007 vinculiar
814 3974 856 4023 per
887 3966 944 4013 tem,
954 3965 978 4005 et
989 3957 1137 4021 negotiorum
1153 3956 1268 4006 molestiis
1280 3955 1389 4004 liberam.
1405 3956 1452 4003 Ri-

291 4024 386 4069 oiacula
403 4025 544 4070 mmcerrmia
555 4022 661 4085 intellige
672 4022 749 4071 officia
765 4038 855 4088 praeco·
886 4038 933 4076 sm,
956 4021 1063 4088 intellige
1090 4021 1171 4069 omnia
1198 4037 1254 4086 quta
1283 4019 1356 4067 vitam
1382 4018 1451 4067 exhi·

293 4084 318 4131 ni
330 4102 371 4150 pro
379 4087 510 4134 constituta
517 4086 625 4135 mercede
634 4086 757 4135 obeunda:
776 4087 856 4134 minus
887 4085 972 4133 larant.

293 4158 356 4197 recte
367 4151 436 4198 vertit
449 4151 560 4205 Vossius,
574 4150 800 4214 Haudetrgemlmfta.
919 4151 960 4197 80.
975 4150 1064 4210 Septem
1074 4152 1186 4204 remmia,
1201 4156 1290 4212 septem
1307 4146 1384 4195 millia
1400 4160 1451 4194 ses·

325 4213 366 4261 68.
384 4214 490 4271 Domum,
503 4214 529 4261 in
542 4214 604 4263 aedes
614 4213 736 4279 Philippi;
752 4216 855 4272 aestuet,
887 4212 991 4261 tertium.

292 4276 412 4325 salutandi
423 4292 504 4327 causa.
922 4279 962 4325 82.
983 4277 1063 4333 Ultra,
1074 4294 1143 4339 quam
1152 4278 1208 4323 satir
1221 4284 1262 4331 est,
1276 4273 1356 4329 nimis,
1367 4281 1453 4337 preter

325 4341 366 4389 69.
385 4342 524 4391 Providtsret
535 4358 594 4397 essm,
606 4357 661 4389 eum
674 4342 808 4391 venientem
819 4341 855 4390 vi·
888 4341 993 4389 modum.

292 4403 373 4462 disset,
385 4405 546 4454 observasset:
566 4405 645 4454 Plaut.
658 4406 730 4454 Asin.
742 4405 767 4462 ii,
779 4408 804 4463 4,
815 4424 854 4467 ap-
920 4407 961 4453 83.
990 4406 1025 4452 Er
1045 4407 1128 4461 nitido,
1150 4420 1180 4453 ex
1199 4400 1348 4465 elegantioris
1369 4399 1451 4448 cultus

293 4477 353 4517 ruma
366 4486 374 4527 ,¹
402 4472 557 4533 quamdudum
585 4480 612 4517 tm
638 4472 773 4519 advertisti?
803 4470 856 4518 Nou
888 4469 984 4518 homine
995 4469 1096 4517 urbano.
