3150 5200
550 355 715 422 urana
738 355 766 433 1,
794 356 842 420 ta.
1042 439 1045 442 ⁴
1213 355 1274 417 491

210 515 261 578 Te
277 515 361 577 duce
377 535 437 597 per·
451 534 571 597 pueros
586 509 698 575 hostili
712 531 801 574 more
817 508 976 586 refertur3

209 614 429 679 Adversarius
445 624 495 678 est
511 612 628 690 frater3
652 613 753 689 lacus,
771 611 894 688 Adria3
917 612 1021 675 donec

211 716 417 781 Alterutrum
432 715 527 780 velox
542 716 676 780 victoria
689 715 806 778 fronde
822 723 965 778 coronet.

147 822 190 887 65
212 820 406 884 Consentire
423 819 490 882 suis
507 817 623 881 studiis
639 818 696 900 qui
710 815 887 881 crediderit
903 825 947 891 te,

211 921 334 985 Fautor
349 931 489 1002 utroque
504 929 595 982 tuum
609 919 757 982 laudabit
772 916 889 1001 pollice
903 916 1028 980 ludum.

215 1023 378 1086 Protenus
394 1031 431 1085 ut
442 1041 589 1084 moneam
605 1019 644 1101 (si
660 1020 741 1103 quid
754 1019 923 1083 monitoris
938 1040 1016 1102 eges
1031 1017 1092 1101 tu),

212 1124 305 1197 Quid
320 1123 361 1186 de
378 1145 507 1206 quoque
520 1122 600 1198 viro,
617 1129 650 1185 et
665 1123 717 1185 cui
733 1122 837 1198 dicas,
853 1142 941 1205 saepe
956 1121 1083 1185 videto:

213 1224 481 1289 Percontatorem
496 1223 612 1308 fugito,
629 1245 704 1286 nam
713 1223 863 1307 garrulus
879 1223 966 1286 idem
981 1233 1042 1298 est,

148 1328 191 1391 70
212 1327 286 1390 Neo
302 1327 442 1390 retinent
457 1324 579 1409 patulae
594 1325 764 1388 commissa
778 1324 921 1389 fideliter
936 1345 1050 1402 aures3

212 1428 259 1491 Et
276 1425 374 1518 semel
389 1427 542 1508 emissum
558 1425 644 1489 volat
659 1426 870 1490 irrevocabile
886 1427 1030 1490 verbum.

212 1529 292 1593 Non
307 1527 423 1592 ancilla
437 1539 529 1591 tuum
540 1529 635 1613 jecur
650 1528 774 1592 ulceret
793 1528 869 1605 ulla,
886 1551 1019 1613 puerve,

213 1631 303 1693 Inter
318 1652 532 1694 marmoreum
546 1631 722 1694 venerandi
736 1629 835 1694 limen
850 1631 943 1696 amici
956 1658 964 1709 3

214 1732 270 1796 Ne
286 1732 435 1796 dominus
451 1731 581 1816 pulchri
594 1733 688 1816 pueri
704 1753 829 1796 caraeve
842 1732 960 1817 puellae

148 1835 195 1898 ’75
217 1833 358 1898 Munere
373 1843 405 1897 te
421 1857 523 1917 parvo
538 1835 626 1910 beet,
642 1842 699 1896 aut
714 1835 936 1897 incommodus
952 1845 1060 1918 angat.

217 1935 356 2008 Qualem
370 1935 586 2011 commendes,
603 1936 699 1998 etiam
714 1945 812 2018 atque
828 1937 925 1999 etiam
940 1937 1085 2020 adspice,
1101 1961 1141 2002 ne
1156 1961 1232 2004 mox

214 2039 379 2103 Incutiant
394 2037 498 2100 aliena
513 2038 572 2099 tibi
588 2045 724 2120 peecata
738 2037 909 2120 pudorem.

214 2140 380 2216 Fallimur,
396 2150 430 2202 et
445 2139 609 2221 quondam
622 2161 688 2202 non
703 2138 837 2222 dignum
853 2139 1031 2203 tradimus:
1055 2162 1134 2225 ergo

215 2243 323 2316 Quem
338 2263 397 2306 sua
412 2239 509 2324 culpa
523 2249 660 2324 premet,
677 2240 836 2324 deceptus
852 2242 965 2304 omitte
981 2241 1066 2306 tueri
1079 2269 1086 2320 ;

161 2414 203 2461 60.
233 2411 336 2475 Nugari,
360 2419 387 2461 ut
408 2426 461 2475 sup.
484 2413 534 2458 Sat.
553 2409 580 2466 ii,
601 2412 623 2464 l,
647 2411 688 2465 73,
722 2421 743 2458 et
760 2427 824 2458 orreo
837 2412 919 2472 pollice
934 2413 1029 2476 vulgar,
1050 2412 1127 2466 Quum
1145 2414 1209 2469 libet,
1224 2416 1283 2461 occi·

126 2474 248 2588 Buedssllfr
263 2475 354 2526 ludere.
387 2474 427 2524 Sic
444 2475 556 2529 Graecari,
570 2491 624 2538 sup.
637 2475 689 2525 Sat.
722 2476 943 2587 duggpopulgriter.
972 2548 982 2587 t
1153 2548 1163 2588 t
1202 2541 1253 2590 lte·

126 2559 154 2600 ιι,
185 2577 191 2596 ,
238 2577 244 2588 .
790 2575 796 2586 .
840 2556 932 2587 roeaar
954 2559 971 2587 a
1003 2557 1151 2596 morrona
1184 2556 1201 2589 u
1235 2557 1285 2589 nur

161 2606 268 2654 61-64.
286 2607 397 2654 Partitur
410 2606 499 2659 lintres,
511 2618 564 2667 sqq.
598 2604 688 2660 Quem·
722 2603 857 2668 progrediar
867 2605 1064 2654 iutemonendo.

127 2670 256 2719 admodum
272 2685 330 2735 puer
341 2670 462 2718 Ascanius
480 2668 506 2716 iu
523 2668 635 2715 honorem
651 2668 690 2715 avi
755 2670 796 2717 70.
819 2670 894 2716 Aurea
911 2671 1009 2731 patale,
1031 2677 1140 2734 patenter
1161 2669 1286 2720 audiendis

126 2734 244 2783 Anchise
255 2750 311 2782 cum
320 2734 405 2799 puerili
415 2732 509 2796 agmine
518 2741 627 2796 equestre
638 2746 689 2780 cer·
723 2733 907 2788 narrationibus,
919 2748 981 2798 quas
997 2733 1055 2790 illae,
1068 2734 1126 2798 quia
1142 2735 1213 2783 simul
1230 2744 1286 2784 runt

127 2808 217 2853 muron,
230 2798 280 2847 sive
297 2800 378 2846 ladam
397 2798 531 2859 Troianam,
544 2795 608 2861 apud
622 2796 690 2861 Virg.
723 2800 818 2852 rimosa,
830 2805 857 2845 ut
867 2798 1016 2861 garrulorum
1031 2813 1101 2847 aures
1113 2799 1228 2847 Horatius
1244 2816 1285 2848 ro·

129 2865 190 2913 AEn.
203 2878 226 2918 v,
238 2864 294 2919 546,
313 2864 371 2919 604,
390 2860 510 2920 instituit;
529 2862 563 2909 ita
577 2876 642 2908 nunc
654 2860 690 2907 'u·
724 2870 764 2908 cat
780 2878 834 2927 sup.
846 2864 897 2910 Sat.
913 2861 939 2917 ii,
957 2864 982 2919 6,
994 2864 1035 2919 46,
1053 2862 1153 2912 retinere
1168 2880 1215 2911 non
1230 2878 1285 2929 por·

127 2928 196 2975 venia
206 2927 297 2975 Lolliae
308 2927 332 2975 in
345 2927 458 2976 honorem
475 2925 578 2989 Augusti
592 2876 690 2973 simula·
724 2934 790 2973 sunt.

127 3008 197 3039 crum
214 2990 306 3040 navalis
324 3006 410 3055 pugna
422 2990 529 3039 Actiaca
540 2989 566 3036 in
578 2989 637 3038 villa
648 3005 692 3037 sua
757 2990 798 3037 71.
817 2990 849 3037 Et
865 2992 931 3039 ranei
945 2994 1048 3039 emiorum
1062 2994 1125 3039 rotat
1141 2994 1287 3040 irrevocabile

128 3064 228 3119 patema
251 3064 410 3121 representat.
444 3054 507 3113 Quis
528 3054 554 3101 in
574 3052 618 3102 hoc
638 3053 691 3103 loco
723 3054 940 3103 oeriamreandem
948 3055 1089 3103 sententiam
1098 3054 1214 3120 expressit
1226 3056 1286 3104 Hor.

128 3135 179 3167 non
196 3119 324 3168 admiretur
342 3134 460 3167 summam
478 3127 560 3174 artem,
575 3132 624 3182 qua
639 3118 690 3165 Ho·
723 3116 767 3165 inl.
780 3118 839 3166 inE
857 3118 896 3168 ist.
907 3118 938 3166 ad
950 3119 1001 3167 Pis.
1013 3121 1070 3175 390,
1083 3124 1153 3168 aetat
1164 3136 1205 3168 ror
1218 3123 1286 3169 ariera

128 3184 203 3232 ratius
220 3183 245 3231 in
262 3184 306 3231 hac
324 3183 433 3249 Epistola
449 3183 480 3231 ad
498 3182 604 3231 Lollium
624 3183 693 3247 παρὰ
724 3186 819 3231 reverti.
839 3136 904 3230 l'oiat
916 3185 1023 3233 vniam:
1035 3184 1067 3232 ci.
1079 3184 1140 3233 ἔπεα
1151 3184 1286 3250 πτερόεντα

129 3246 286 3311 προσδοκίαν
298 3262 345 3295 rem
364 3248 448 3313 tangit,
460 3247 531 3296 cu'us
545 3247 658 3295 mernoria
669 3254 694 3295 et
725 3246 789 3311 apud
801 3248 942 3296 Homerum.

129 3312 266 3360 narratione
276 3312 335 3359 nihil
342 3312 473 3387 quicquam
483 3264 593 3375 lluguato
603 3318 693 3375 poterat
757 3313 798 3359 72.
814 3313 993 3361 Jeearalceret.
1025 3312 1097 3361 Jearrr
1112 3328 1155 3378 pro
1165 3312 1286 3362 sedelibi-

129 3391 183 3425 esae
204 3375 299 3423 dulcius
320 3385 391 3439 atque
408 3375 548 3441 jucundius.
582 3376 694 3423 Partitur
725 3374 943 3435 dinisirabebatur;
972 3376 1286 3442 auloioediusigiturjeaar,

132 3444 232 3489 lintres:
249 3439 312 3504 apud
324 3440 461 3505 Virgilium,
474 3441 491 3488 l.
509 3440 631 3497 t.r.5ot,
644 3442 693 3514 Ag·
726 3440 792 3504 quod
816 3448 919 3505 occupat
943 3441 961 3488 lr
979 3441 1027 3498 ido,
1049 3444 1152 3490 ulcmri
1179 3440 1267 3491 dicitur
1279 3457 1287 3506 ς

128 3508 191 3552 ariae
200 3504 402 3571 partitafulgeat.
436 3505 694 3568 Erereitar,erpuer1s
726 3504 782 3553 hinc
801 3520 857 3568 sup.
877 3504 925 3553 Od.
945 3504 962 3561 i,
980 3507 1021 3562 25,
1045 3506 1084 3559 16,
1105 3507 1289 3558 libido-Savia

129 3569 301 3635 conscriptus3
325 3570 432 3634 sequitur
454 3570 517 3618 enim
540 3584 581 3630 prr
604 3584 693 3627 pueros.
726 3572 788 3617 circa
792 3573 865 3630 jecur
874 3570 1010 3616 ulcerosam.
1039 3569 1231 3624 Pammenia.

130 3635 200 3681 Aetia
217 3634 443 3699 pugaa-rqfertur,
460 3632 557 3697 geritur,
575 3631 610 3680 uti
630 3640 696 3695 gesta
760 3634 800 3689 74,
814 3634 854 3681 75.
872 3632 909 3680 Ne
924 3636 1029 3681 dominae
1042 3637 1119 3694 paeri,
1137 3642 1194 3682 cett.
1227 3638 1288 3687 Seu.

131 3712 185 3746 osae
204 3697 304 3759 dicitur;
322 3697 403 3762 imago
420 3712 507 3763 pugne
521 3696 627 3745 Actiaca
645 3696 695 3743 edi·
728 3711 781 3745 rur:
800 3712 830 3744 ne
844 3697 912 3761 pueri
924 3696 1160 3761 puellaredorninus
1175 3715 1218 3763 pro
1235 3718 1287 3751 mu·

131 3772 187 3810 tur:
205 3762 234 3811 de
247 3778 329 3827 pugna
340 3761 443 3811 Actiaca
454 3762 486 3811 el.
497 3776 551 3835 sup.
564 3759 612 3808 Od.
625 3760 642 3816 i,
655 3761 695 3816 37,
727 3775 783 3809 nere
799 3760 922 3872 ampliora,
933 3760 998 3823 quod
1010 3770 1147 3825 exspectare
1158 3763 1223 3873 apud
1234 3776 1288 3813 eum

129 3825 362 3891 etEpod.carm.9.
405 3824 697 3900 Laeaequrdamiuvilla
728 3834 830 3889 poterae
858 3824 993 3873 celeriore
1010 3833 1033 3873 te
1049 3826 1119 3874 beare
1134 3826 1288 3878 relevidaa·

129 3899 231 3956 paterna
241 3891 337 3955 estjam
350 3892 435 3947 Adria,
447 3906 506 3938 marr
516 3888 640 3938 Adriatico
652 3888 694 3936 ad·
727 3897 774 3945 tur,
794 3896 836 3936 aut
855 3888 929 3952 liujus
950 3889 1055 3937 muueris
1076 3889 1234 3947 recusatione,
1250 3894 1290 3942 rel

130 3955 267 4004 simulatus.
725 3953 798 4017 jocis,
810 3952 899 4017 quibua
909 3952 938 4000 de
950 3954 995 4001 hoc
1007 3968 1085 4002 amore
1097 3962 1120 4001 te
1134 3953 1234 4012 rmciat,
1246 3956 1289 4006 tibi

164 4020 206 4067 64.
226 4020 301 4075 Veios,
313 4027 351 4068 est
361 4018 425 4067 enim
436 4018 532 4066 victoria
550 4017 595 4066 dea
614 4016 693 4065 alata:
728 4018 843 4066 molestus
854 4018 904 4065 fiat.

123 4084 224 4150 fronde,
236 4097 270 4133 ac.
282 4084 373 4132 laurea.
761 4084 801 4129 76.
825 4083 931 4143 Adspice,
949 4078 1081 4137 considera,
1099 4089 1180 4129 tecum
1195 4093 1289 4148 reputa,

163 4150 206 4204 65,
217 4150 257 4197 66.
273 4150 327 4196 Sais
342 4150 434 4204 rtadir'r,
447 4145 551 4210 exempli
563 4160 645 4203 causa,
655 4161 696 4196 rc·
730 4154 757 4194 ut
767 4163 792 4193 v.
804 4150 820 4194 4
831 4145 857 4194 ἱιι
869 4143 1016 4210 precedente
1028 4144 1145 4209 Epistola.

131 4211 232 4261 nationi.
266 4213 342 4260 Tuam
364 4214 454 4268 ladam,
476 4210 590 4277 puerilem
613 4210 697 4258 ludum
762 4212 804 4258 77.
821 4210 1252 4265 Aliena,ac.commeudatiirominia.

130 4278 157 4325 in
168 4276 228 4325 villa
241 4284 349 4341 paterna.
386 4276 487 4339 Utroque
499 4276 590 4337 polliae,
604 4288 696 4323 summo
763 4276 804 4331 ta,
814 4276 855 4323 79.
870 4275 991 4328 Quondam
1000 4274 1099 4338 (πότε),
1107 4289 1290 4340 nonuunquam,

130 4342 226 4390 farore:
243 4343 317 4403 pollex
337 4357 435 4403 maura,
457 4339 551 4405 signum
571 4338 657 4387 favoris
674 4346 698 4386 et
730 4340 884 4403 quaudoque,
904 4338 1037 4388 interdum:
1061 4354 1115 4404 sup.
1135 4338 1183 4387 0d.
1203 4340 1228 4395 ii,
1250 4345 1288 4400 10,

129 4406 223 4470 gratia,
234 4406 308 4467 pollex
327 4421 413 4461 uersus,
430 4406 695 4459 murmuratorem,
731 4406 770 4459 16,
788 4406 902 4477 quondam
915 4405 1006 4453 cithara
1025 4406 1122 4452 maritat
1140 4404 1249 4465 Musam
1267 4417 1292 4457 ot

129 4470 150 4519 si
171 4486 227 4517 num
250 4468 329 4518 inlecti
350 4468 433 4517 animi.
467 4468 583 4517 Juvenal.
601 4466 636 4523 iii,
656 4470 696 4524 35,
731 4470 781 4517 Sat.
793 4468 819 4524 ri,
830 4470 855 4525 2,
868 4470 908 4524 02,
923 4469 969 4516 Hic
981 4478 1055 4516 tornea
1070 4470 1100 4516 ad
1116 4470 1292 4531 meliuspoterit

160 4552 236 4583 antra
254 4533 337 4597 (ludos
354 4532 519 4598 gladiatorios)
538 4550 599 4581 uuna
617 4534 697 4589 edunt,
731 4545 890 4582 transcurrere
907 4534 1028 4597 quandam.
1063 4532 1117 4580 Noa
1133 4536 1239 4597 dignum,
1257 4552 1292 4586 sc.
