3150 5200
713 341 1009 407 CARMINUM

507 497 621 582 Nigris
636 507 692 561 aut
708 493 902 579 Erymanthi

552 599 659 676 Silvis,
674 608 731 661 eut
745 596 857 660 viridis
873 594 988 679 Cregi:

464 700 534 765 Vos
549 699 676 783 Tempe
689 699 825 763 totidem
839 696 941 761 tollite
956 697 1120 775 laudibus,

404 803 444 865 10
465 802 692 885 Natalemque,
708 821 824 876 mares,
840 798 950 863 Delon
961 797 1134 883 Apollinis,

508 903 739 987 Insignemque
753 899 909 984 pharetra

552 1004 773 1086 Fraternaquc
788 1001 959 1065 humerum
971 1000 1052 1084 lyra.

466 1105 532 1169 Hic
546 1104 667 1169 bellum
681 1104 895 1178 lacrimosum,
910 1101 964 1165 hic
979 1103 1127 1166 miseram
1142 1101 1258 1165 famem

469 1206 674 1289 Pestemque,
691 1226 711 1267 e
725 1202 858 1287 populo,
874 1202 1021 1287 principe
1036 1203 1176 1279 Caessre,
1192 1203 1226 1265 in

406 1309 447 1371 15
511 1306 630 1371 Persas
645 1316 742 1388 atquc
758 1303 934 1367 Britannos

556 1408 678 1473 Vestra
691 1417 799 1470 motus
814 1416 890 1489 eget
904 1428 1012 1489 prece.

696 1676 903 1741 CARMEN
927 1677 1045 1742 XXII.

621 1875 678 1922 AD
707 1872 916 1920 ARISTIUM
942 1872 1121 1921 FUSCUM.

473 2017 629 2081 lursoms
644 2016 718 2079 vitae
735 2011 930 2094 scelerisque
945 2034 1047 2096 purus

471 2118 549 2182 Non
564 2129 639 2203 eget
654 2116 780 2181 Mauris
792 2112 921 2198 jaculis,
939 2136 1043 2199 neque
1059 2136 1148 2190 arcu,

298 2287 401 2347 undique
420 2284 511 2331 claudit
527 2284 591 2333 Silva
608 2294 665 2333 cett.
707 2284 754 2331 Ars
773 2282 859 2330 Amet.
890 2298 916 2345 p.
935 2283 993 2339 208,
1018 2284 1099 2343 Ζηνὸς
1124 2283 1167 2330 sui
1189 2282 1287 2339 Λητοῦς
1312 2280 1450 2343 θηροσήπε

297 2348 332 2403 iii,
347 2349 405 2403 689.
418 2348 482 2395 Silva
498 2364 575 2396 nemus
591 2366 636 2395 uon
653 2351 702 2395 ritu
710 2347 787 2457 (facit,
801 2354 859 2395 cett·
890 2345 974 2400 τοξότι
991 2346 1233 2413 εούρη,Ἀρι“εμις,ἣ
1247 2341 1376 2409 θαλάμους
1391 2346 1451 2402 τοὺς

299 2410 415 2461 iucunde
422 2409 496 2474 igitur
504 2411 529 2458 iu
538 2411 605 2459 silvis
615 2411 703 2460 Dianae
720 2418 809 2459 uerunt
820 2426 859 2457 ne-
890 2409 1019 2475 ὄρέωνῖλα
1038 2414 1181 2469 squamos
1188 2408 1451 2472 νὴνπυγιρήναύθιι-

299 2492 370 2530 mora,
387 2473 617 2523 h.e.locsamoeua
633 2483 657 2524 et
674 2474 805 2531 recondita,
822 2490 859 2522 re·
891 2476 965 2538 μερὸν
978 2475 1003 2523 ἐκ
1101 2480 1111 2491 “
1157 2474 1162 2491 “

300 2552 390 2595 cessus,
409 2536 528 2604 precipue
545 2538 571 2587 in
589 2539 706 2587 montium
724 2538 792 2602 jugis
812 2553 861 2602 quo
893 2537 1149 2607 ἅχριςῪπερβορέων.

301 2609 408 2668 spectare
426 2601 518 2650 videtur
528 2605 556 2653 τὸ
570 2607 699 2666 prominet:
715 2603 793 2667 possis
810 2603 861 2650 hec

299 2683 390 2714 nemora
402 2681 486 2724 vocure
500 2669 573 2716 saluts
587 2671 731 2725 reconditum
748 2666 862 2716 Catullus
1043 2667 1196 2718 CARMEN
1214 2664 1302 2714 XXII.

301 2739 372 2786 certe,
390 2731 408 2778 l.
426 2730 444 2778 l.
455 2731 506 2779 v.9
522 2747 575 2796 sqq.
594 2733 708 2780 Montium
725 2734 816 2778 domina
834 2741 862 2779 ur
928 2733 1015 2782 Poetes
1030 2732 1153 2806 pietateet
1166 2729 1303 2779 innocentis
1317 2743 1362 2776 suu
1376 2728 1453 2777 multo

292 2793 368 2858 sores,
381 2795 540 2857 Silvarumque
551 2798 699 2852 uirentiuum,
709 2795 860 2857 saltuumque
891 2797 984 2853 lortius,
998 2798 1019 2845 si
1033 2813 1059 2844 ιιι
1070 2796 1125 2844 vitre
1142 2793 1275 2860 periculum
1291 2792 1451 2850 adducantur,

300 2861 478 2907 reconditorum.
501 2859 540 2908 Cl.
552 2860 652 2908 Mitsch.
661 2861 685 2907 in
694 2859 859 2915 Annum,
892 2876 966 2925 quum
981 2861 1065 2910 ceteris
1080 2860 1152 2908 ermis
1169 2857 1289 2914 omnihus,
1305 2856 1410 2913 delendi,
1427 2857 1455 2904 id

302 2924 395 3034 lim,
408 2922 514 2988 apposite
525 2939 580 2972 cum
593 2923 617 2971 h.
627 2925 644 2972 l.
652 2933 773 2988 comparat
782 2923 860 2989 Orph.
892 2941 919 2974 so
937 2925 1016 2990 ipsum
1034 2939 1118 2990 nuper,
1140 2939 1195 2972 cum
1218 2920 1341 2970 horrende
1359 2921 1455 2995 megui-

327 3002 393 3051 ymu.
406 2987 471 3045 xxxi,
483 2989 508 3044 l,
519 2991 543 3036 5.
576 2989 670 3052 Algido,
682 2997 771 3044 monte,
788 3003 861 3052 prope
893 2989 982 3037 tudinis
992 2990 1065 3054 lupus
1075 2996 1159 3054 sponte
1173 3003 1229 3036 cum
1240 2985 1266 3033 iu
1276 2985 1337 3034 silva
1352 2985 1453 3041 Sabinu,

302 3049 416 3123 ¹Romam,
426 3050 451 3098 in
460 3051 501 3099 via
509 3052 599 3128 Appia.
615 3053 763 3118 Erymanthi,
773 3052 861 3100 montis
892 3053 934 3100 uhi
946 3053 1039 3101 defixus
1050 3053 1074 3100 in
1084 3050 1237 3100 meditatione
1242 3048 1354 3098 cuminis
1362 3059 1453 3097 umato·

301 3129 326 3162 nr
346 3114 461 3172 Arcadia,
480 3117 520 3164 uhi
539 3133 563 3165 sn
582 3118 646 3166 rimis
660 3117 793 3166 venationis
809 3125 860 3165 stu·
892 3116 920 3164 rii
935 3117 999 3165 ultra
1014 3116 1141 3165 tenuinum
1157 3129 1295 3180 progressus
1308 3121 1379 3168 esset,
1391 3113 1454 3161 iuer-

301 3177 368 3226 dium
390 3195 498 3229 exercere
520 3181 570 3230 sole
603 3181 730 3240 totana,
761 3182 861 3229 Homer.
893 3177 1455 3244 momodeolugerit,expertumesse,cumani-

302 3242 390 3308 Odyss.
408 3243 517 3304 vi‚,103.
552 3246 633 3309 (hugi,
655 3245 736 3308 Lyciae
755 3244 860 3303 montis3
893 3260 922 3293 co
931 3260 975 3293 suo
984 3247 1063 3294 Fusco
1075 3245 1099 3292 in
1111 3245 1157 3292 hoc
1168 3242 1274 3291 carmine
1284 3240 1456 3290 communicer.

301 3309 392 3362 virim's,
405 3307 511 3356 consitus
527 3308 599 3371 igitur
611 3309 649 3356 hic
661 3324 729 3356 mons
738 3308 783 3356 suit
794 3310 861 3357 arbo-
895 3311 951 3367 Qua
966 3309 1064 3374 quidem
1081 3308 1228 3372 experientis
1241 3305 1301 3354 sdeo
1312 3306 1339 3353 iu
1356 3321 1455 3370 persus·

302 3368 376 3425 ribus,
389 3385 491 3433 querum
503 3371 598 3420 frondes
609 3387 657 3420 nou
669 3372 744 3436 nigro,
757 3381 783 3421 ut
795 3373 862 3421 silus
895 3373 962 3422 sione
972 3374 1002 3422 de
1013 3373 1137 3436 singulari,
1146 3370 1235 3436 quupii
1247 3379 1324 3436 poetes
1334 3369 1455 3426 iniuntur,

303 3432 453 3505 Erymanthi,
474 3435 516 3483 sed
534 3435 603 3484 viridi
621 3437 699 3484 colore
719 3437 785 3485 luere
804 3453 861 3485 cou-
895 3437 993 3486 deorum
1004 3439 1080 3485 tutele
1093 3436 1293 3485 seconlinuuturu
1311 3433 1417 3489 essesit,
1429 3443 1457 3481 ut

303 3510 403 3542 sscuae.
438 3496 537 3558 Tempe:
563 3499 638 3563 hujus
653 3500 822 3550 amoenissimae
837 3501 863 3548 iu
895 3503 978 3550 nullus
996 3501 1098 3559 dubitet,
1109 3501 1170 3565 quin
1191 3508 1256 3547 tutus
1270 3498 1302 3547 sb
1311 3498 1378 3546 omui
1392 3498 1455 3562 peri-

303 3558 428 3608 'lhessaliu
444 3561 522 3615 vellis.
541 3563 583 3609 uhi
599 3564 687 3628 Apollo
704 3565 808 3612 suaviter
824 3566 861 3612 iu·
894 3567 959 3621 culo,
968 3565 1058 3630 ubique
1069 3574 1192 3620 terrerum,
1201 3578 1285 3611 securo
1296 3562 1376 3610 auimo
1387 3577 1455 3610 smo-

303 3622 396 3671 tendum
408 3639 464 3672 cum
476 3624 557 3672 Musis
566 3625 811 3685 delitesceresolebut,
820 3629 861 3677 de·
895 3630 960 3678 ribus
971 3629 1022 3677 suis
1032 3629 1147 3678 canendis
1157 3642 1244 3677 vecure
1313 3626 1340 3674 it.
1372 3625 1456 3674 Simile

303 3686 452 3752 scriptionem
463 3687 529 3737 dedit
537 3689 715 3740 AEliuuusVur.
724 3691 786 3739 Hist.
795 3692 830 3749 iii,
840 3695 863 3740 l.
895 3693 951 3741 vitae
962 3693 1104 3758 periculum,
1112 3693 1177 3757 quod
1185 3692 1236 3756 jum
1244 3707 1259 3738 o
1269 3691 1302 3738 im
1313 3706 1328 3737 u
1338 3705 1365 3737 se
1373 3705 1456 3754 puero,

304 3752 515 3816 Fraterno-tyra.
527 3753 602 3817 lyram
614 3754 678 3802 enim
692 3755 780 3819 Apollo
792 3755 863 3804 debe·
896 3765 924 3804 ut
940 3756 1021 3805 futuro
1039 3766 1117 3822 poeta,
1136 3755 1265 3819 singularis
1282 3753 1381 3802 deorum
1397 3769 1458 3802 curu

303 3815 344 3863 hut
363 3814 429 3863 tratri
444 3831 488 3864 suo
501 3817 631 3875 Mercurio,
643 3818 686 3882 qui
702 3833 755 3882 sup.
766 3819 783 3874 i,
797 3823 836 3877 10,
848 3821 864 3868 6
897 3822 1015 3878 everterit,
1034 3829 1113 3869 narret
1129 3820 1173 3868 iul.
1185 3819 1220 3875 iii,
1233 3821 1257 3876 4,
1269 3819 1285 3867 9
1296 3833 1350 3882 sqq.
1383 3819 1456 3866 Cete-

304 3879 360 3943 lyrc
370 3895 454 3940 pareus
464 3879 561 3930 dicitur.
895 3899 948 3932 rum
965 3886 997 3933 ud
1012 3885 1114 3933 eundem
1126 3886 1241 3932 Aristium
1255 3882 1364 3938 Fuscum,
1376 3897 1455 3956 grem·

338 3945 442 3992 13-16.
459 3945 514 4001 Hic,
528 3946 625 4012 Apollo,
637 3945 697 3995 deus
710 3961 862 3996 averruncus.
895 3948 1009 3997 muricum
1019 3958 1044 3997 et
1053 3950 1178 4004 rhetorem,
1189 3955 1214 3996 et
1225 3945 1325 3994 Horatio
1339 3945 1457 3994 amicissi-

303 4007 396 4056 Belium
430 4010 582 4068 lacrimosum,
615 4010 689 4067 triste,
721 4010 862 4071 exitiosum,
895 4028 970 4067 mum,
981 4013 1069 4078 scriptu
1081 4027 1178 4077 quoque
1188 4019 1226 4060 est
1238 4009 1347 4075 Epistola
1361 4009 1457 4059 decime

304 4073 403 4121 Homer.
420 4073 530 4136 πόλεμον
545 4073 703 4140 δακρυόεντα,
721 4077 806 4123 hellum
826 4078 862 4123 lu·
894 4076 938 4125 lib.
952 4078 974 4124 i:
995 4077 1027 4125 ci.
1039 4079 1089 4125 Sat.
1100 4078 1117 4133 i,
1128 4078 1154 4132 9,
1163 4076 1205 4123 61.

303 4138 422 4185 erimabils
444 4137 504 4186 dixit
523 4138 641 4202 Virgilius
665 4142 725 4188 AEn.
742 4138 782 4196 vii,
803 4141 862 4188 604.
930 4143 1001 4190 1-3.
1018 4141 1112 4216 Integer
1124 4144 1184 4195 tite,
1197 4155 1240 4206 pro
1252 4137 1355 4201 vulgari,
1370 4141 1408 4186 uir
1418 4141 1458 4185 iu·

304 4199 396 4258 Persas,
408 4201 434 4248 h.
445 4217 466 4250 e.
481 4203 590 4261 Parthos,
607 4203 724 4253 Romanis
737 4204 862 4252 infestissi-
894 4214 963 4270 tegre
975 4209 1041 4254 uite:
1059 4221 1094 4254 uc
1108 4204 1151 4252 ius.
1164 4206 1215 4251 Sat.
1227 4203 1254 4258 ii,
1264 4204 1289 4259 ³,
1300 4204 1358 4260 200,
1367 4206 1460 4266 integer

303 4279 363 4312 mos.
403 4265 537 4324 Britannos,
556 4276 584 4315 ut
601 4268 716 4334 populum
733 4267 862 4317 remotissi·
893 4273 974 4327 animi,
986 4279 1010 4319 st
1020 4270 1084 4336 apud
1095 4269 1168 4318 Ovid.
1178 4270 1242 4318 Met.
1250 4267 1284 4322 ix,
1297 4267 1354 4322 440.
1367 4271 1460 4330 integer

304 4343 378 4384 mum,
395 4331 455 4378 orbis
472 4329 513 4393 (ut
531 4330 645 4381 dicuntur
663 4331 708 4380 ins.
724 4332 741 4386 i,
758 4333 800 4390 35,
815 4334 861 4396 29)
893 4338 935 4381 eut
946 4351 997 4400 pro,
1010 4335 1046 4382 vir
1057 4334 1134 4382 vetetis
1145 4332 1223 4382 adhuc
1233 4332 1340 4394 integrm.
1364 4331 1461 4378 Mauris

303 4393 404 4442 ultimos.
448 4395 516 4456 Aget,
537 4409 579 4460 pro
596 4395 693 4445 ulssbit.
733 4395 797 4444 Cum
815 4396 863 4446 fine
886 4401 987 4460 jaculis,
1000 4396 1251 4452 h.e.Mauritsnicis,
1269 4395 1358 4461 quibus
1373 4393 1460 4442 Mauri

303 4451 378 4528 hujus
387 4457 500 4506 carminis
508 4458 548 4508 cl.
589 4459 658 4508 itsch.
670 4469 792 4525 comparat
804 4461 862 4509 Phi·
895 4462 927 4510 ob
938 4462 1046 4528 pericula
1057 4478 1073 4510 s
1084 4462 1140 4511 seris
1150 4461 1242 4518 bestiis,
1254 4460 1341 4525 quibus
1350 4459 1462 4506 scatebat

303 4515 364 4584 lrppr
380 4521 490 4570 Thessal.
507 4523 554 4588 Ep.
568 4523 635 4572 xlvii.
647 4524 724 4573 Anth.
737 4525 781 4574 Gr.
793 4526 824 4575 T.
835 4525 861 4583 ii,
895 4541 977 4578 eorum
998 4527 1071 4591 regio,
1092 4526 1138 4575 sibi
1155 4525 1261 4576 timeuds
1278 4523 1389 4572 instructi
1405 4537 1461 4571 esse
