3150 5200
377 325 586 391 HORATII
610 327 728 392 VITA
752 328 783 391 E
807 327 1069 396 SUETONIO.
1244 335 1301 397 xxi

145 515 220 597 ipso
235 514 268 576 in
282 513 429 578 Satiris¹⁴
444 513 652 591 describitur,
668 527 702 580 et
722 517 764 580 ab
778 514 934 601 Augusto
955 517 1018 582 hae
1041 519 1196 602 epistola:
1221 522 1302 585 Per-

143 632 219 694 tulit
240 635 287 698 od
305 657 354 697 nse
376 631 586 720 ὒὲοοψδίιωιδ
609 635 746 698 libellum
770 645 866 712 tuum,
883 658 974 720 quem
998 658 1071 722 ego,
1094 660 1133 700 ne
1156 661 1302 704 accusem

145 749 342 829 brevitatem,
368 753 660 838 quantuluscunque
688 762 747 830 eat,
772 755 845 818 boni
870 755 1008 818 comula.
1061 756 1170 820 Vereri
1197 769 1301 823 aretem

144 869 223 932 milti
244 869 374 948 videris,
391 893 430 934 ns
453 873 591 956 majores
613 872 713 937 libelli
737 874 784 936 tui
803 876 867 938 sint
893 898 988 959 quom
1007 877 1079 961 ipse
1099 899 1143 941 es.
1190 879 1257 941 Sed
1271 880 1301 942 si

144 989 205 1052 tibi
218 997 346 1054 statura
360 991 457 1067 deest,
475 992 694 1076 corpusculum
709 1015 770 1056 non
784 993 882 1056 deest.
927 993 1046 1079 Itaque
1060 995 1168 1059 licebit
1181 997 1215 1059 in
1228 1019 1301 1060 sex-

144 1109 263 1171 teriolo
270 1103 294 1142 ¹⁶

314 1108 461 1172 aeribus:
484 1131 577 1193 quum
600 1110 752 1176 circuitus
775 1111 940 1175 voluminis
963 1112 1010 1175 tui
1031 1113 1076 1176 sit
1096 1119 1298 1192 ὀγκωδέστατος,

141 1228 228 1291 sicut
248 1237 297 1290 eet
319 1227 483 1290 oentrieubi
506 1229 562 1291 tui.
609 1227 704 1292 Vixit
726 1227 901 1312 plurimum
924 1231 959 1293 in
982 1253 1114 1294 secessu
1137 1231 1221 1293 ruris
1248 1230 1299 1292 sui

143 1347 260 1411 Sabini
274 1357 331 1410 aut
346 1345 514 1411 Tiburtini
520 1353 560 1410 ¹⁷:
583 1347 766 1431 domusque
782 1349 854 1431 ejus
876 1350 1060 1414 ostenditur
1075 1351 1162 1414 circa
1176 1347 1299 1411 Tibur-

142 1466 203 1528 tini
218 1465 371 1530 luculum.
418 1465 589 1530 Venerunt
611 1466 646 1528 in
668 1488 782 1530 manus
806 1477 840 1532 et
863 1466 948 1554 elegi
968 1469 1031 1531 sub
1051 1467 1145 1532 titulo
1164 1468 1248 1552 ejus,
1264 1477 1298 1530 et

141 1583 283 1668 epistola
298 1606 396 1668 prosa
411 1586 567 1662 oratione,
585 1585 678 1669 quasi
693 1585 948 1650 commendantis
968 1607 1003 1649 se
1019 1585 1213 1650 tttaecenati:
1238 1585 1296 1649 sed

142 1715 282 1787 utraque
306 1702 388 1768 falsa
411 1713 503 1787 puto.
548 1703 637 1766 Nam
663 1703 747 1789 elegi
766 1705 929 1789 vulgares,
951 1705 1090 1790 epistola
1116 1707 1214 1770 etiam
1239 1706 1297 1768 ob-

141 1846 256 1902 scura;
280 1846 346 1907 quo
361 1823 439 1887 vitio
454 1823 582 1887 minime
598 1825 781 1888 tenebatur.
827 1823 938 1888 Natus
956 1834 1007 1888 est
1022 1834 1116 1888 sexto
1131 1823 1212 1887 Idus
1229 1821 1297 1888 De·

141 1944 301 2020 cembres,
316 1943 420 2008 Lucio
436 1942 534 2007 Cotta
549 1953 582 2006 et
595 1941 700 2006 Lucio
709 1942 881 2026 Torquato
893 1942 1103 2006 Consulibus.
1143 1941 1296 2007 Decessit

140 2062 257 2143 quinto
287 2061 358 2126 Cal.
389 2061 560 2138 Decemb.‚
587 2061 668 2124 Caio
695 2061 824 2127 Marcio
851 2062 1044 2138 Censorino,
1071 2061 1152 2124 Caio
1178 2059 1295 2125 Asinio

141 2179 242 2244 Gallo
269 2181 479 2258 Consulibus,
503 2192 580 2265 post
605 2179 756 2245 nonum¹⁸
778 2192 812 2245 et
834 2182 1138 2266 quinquagesimum
1163 2202 1294 2256 annum,

140 2299 273 2364 haerede
287 2298 441 2384 Augusto
461 2298 596 2385 palam¹⁹
618 2312 824 2386 nuncupato:
848 2323 959 2385 quum,
975 2312 1113 2386 urgente
1127 2300 1159 2363 vi
1172 2297 1295 2362 valetu-

140 2421 239 2496 dinis,
255 2441 319 2482 non
344 2417 507 2482 sufficeret
531 2420 573 2482 ad
597 2419 819 2504 obsignandas
835 2422 1020 2484 testamenti
1035 2419 1174 2483 tabulas.
1220 2415 1294 2480 Hu-
1399 2443 1405 2454 ·

138 2549 246 2603 matus
275 2549 308 2601 et
336 2537 488 2603 conditus
518 2550 569 2605 est
598 2538 752 2603 extremis
779 2537 950 2623 Esquiliis,
977 2540 1075 2623 juxta
1100 2536 1292 2602 Maecenatis

139 2657 308 2721 tumulum.

138 2911 174 2961 sic
192 2910 241 2959 sere
259 2910 323 2975 apud
341 2909 435 2959 Catull.
452 2908 496 2965 liii.
516 2912 532 2958 5
548 2912 699 2973 salaputium.
729 2918 788 2969 stat,
804 2912 1007 2960 convolvebantur
1023 2925 1095 2975 super
1110 2909 1208 2966 bacillo,
1221 2909 1293 2973 cujus

140 2977 180 3024 1³.
198 2975 316 3039 Eulogom,
329 2990 414 3041 nempe
427 2974 505 3039 Epist.
521 2972 548 3031 ii,
563 2976 584 3022 l.
619 2976 658 3021 14.
670 2974 699 3022 In
732 2974 834 3023 brevitas
849 2975 900 3040 jam
918 2991 960 3040 per
970 2990 1105 3023 mensuram
1120 2973 1292 3022 mturiotide·

134 3041 233 3095 Satiris,
252 3042 303 3088 Sat.
320 3039 346 3095 ii,
365 3042 389 3096 3,
407 3040 464 3087 309.
507 3040 546 3087 15.
565 3040 699 3103 Dionysius,
732 3038 849 3101 signetur.
891 3038 1096 3105 Ὀγκωδὲστατος,
1123 3038 1293 3086 crassissimus.

135 3105 268 3153 semusvel
279 3104 379 3153 libertus
388 3104 502 3167 Augusti.
531 3104 569 3151 16.
586 3104 699 3151 intexta·
736 3104 774 3152 17.
801 3104 882 3152 Sabini
895 3115 937 3153 aut
949 3103 1151 3152 Tiburtinum
1161 3102 1293 3150 Horatiana

136 3172 196 3217 rtoto
211 3172 324 3217 seribere:
342 3184 443 3217 sensus:
463 3168 549 3231 Itaque
565 3166 646 3216 licebit
658 3168 701 3215 tibi
734 3182 820 3233 nempe
837 3168 871 3216 ita
884 3169 931 3217 sita
946 3167 1001 3224 tuit,
1012 3175 1040 3215 ut
1053 3176 1103 3215 tam
1113 3167 1200 3214 Sabino
1218 3182 1291 3229 quam

137 3234 235 3297 quidem
245 3233 352 3282 breviore
359 3232 487 3282 voluminis
495 3233 570 3280 torma
578 3233 621 3288 uti,
631 3232 701 3281 modo
735 3232 756 3279 T
754 3234 861 3281 tturtina
869 3233 948 3281 vocari
959 3242 1047 3298 posset.
1064 3234 1104 3280 18.
1114 3231 1221 3279 Nonam:
1230 3239 1290 3278 teru-

136 3298 217 3363 ipsum
228 3298 341 3347 volumen
358 3312 543 3363 squaorassum
562 3312 699 3361 accorpus·
731 3312 816 3363 porum
832 3297 891 3345 ratio
903 3298 1016 3363 postulat,
1027 3300 1156 3359 septimum.
1190 3296 1228 3343 19.
1242 3294 1290 3342 Pa·

138 3363 301 3412 culumtuum
314 3362 354 3411 sit.
383 3361 524 3421 Volumina,
534 3370 561 3410 ut
572 3360 630 3409 satis
639 3376 699 3410 con·
733 3364 787 3415 tam,
801 3378 859 3412 voce
870 3378 948 3411 coram
961 3362 1071 3411 testibus.
