3150 5200
727 318 1023 385 CARMINUM

722 620 928 686 CARMEN
953 620 1034 686 XX.

690 834 749 881 AD
778 831 1068 882 MAECENATEM.

453 1042 457 1051 ,
475 974 565 1039 Vina
579 972 708 1057 potabis
724 973 859 1037 modicis
875 972 1032 1036 Sabinum

477 1075 662 1152 Cantharis,
678 1074 799 1139 Groeca
813 1073 902 1157 quod
916 1096 979 1157 ego
994 1073 1065 1155 ipse
1080 1080 1165 1135 testa

477 1177 653 1241 Conditum
665 1176 739 1251 levi,
755 1165 852 1239 datus
867 1176 901 1237 in
916 1173 1044 1238 theatro

693 1276 805 1350 Quum
820 1276 879 1339 tibi
893 1274 1038 1359 plausus,

426 1380 446 1442 5
479 1379 586 1456 Clare,
603 1378 780 1454 Maecenas,
795 1399 907 1460 eques,
923 1387 960 1439 ut
974 1376 1102 1460 paterni

477 1479 633 1544 Fluminis
648 1480 739 1563 ripae,
756 1477 849 1543 simul
863 1487 897 1541 et
907 1478 1022 1561 jocosa

477 1580 649 1646 Redderet
662 1580 776 1644 laudes
794 1580 855 1643 tibi
870 1578 1021 1643 Vaticani

689 1680 815 1744 Montis
829 1681 946 1763 imago.

479 1785 654 1850 Caeoubam
669 1793 702 1846 et
716 1781 817 1866 praelo
833 1782 987 1847 domitam
1003 1781 1125 1847 Caleno

471 1936 625 1985 CARMEN
643 1935 701 1982 XX.
897 1932 979 1981 lebant
988 1933 1015 1980 in
1024 1930 1088 1981 vasis
1098 1930 1221 1989 fictilibus,
1231 1946 1333 1995 quorum
1342 1940 1464 1998 prestan-

338 2000 477 2057 Maecenati,
486 2000 528 2065 qui
539 1996 798 2062 Horatio,seproxime
809 2011 864 2045 eum
897 1995 957 2043 tiora
984 1997 1050 2045 luere
1071 1996 1160 2052 Graeco,
1183 1995 1234 2045 siva
1256 1996 1321 2059 quod
1347 2006 1410 2045 terra
1435 2007 1465 2047 et

305 2062 438 2111 invisurum
467 2080 527 2121 esse,
551 2062 685 2128 promisisse
710 2061 812 2117 videtur,
834 2076 865 2109 ne
897 2060 1102 2124 materies,equa
1115 2060 1141 2107 in
1153 2060 1275 2108 nonnullis
1287 2061 1388 2109 Gracia
1399 2061 1463 2111 ciri·

306 2142 368 2175 vana
378 2127 436 2176 sorte
447 2127 497 2175 vini
537 2126 670 2182 nerosioris‚
681 2126 753 2191 quale
768 2125 814 2189 ipsi
824 2125 864 2181 sit,
897 2125 986 2173 tatibus
1012 2124 1206 2180 conficiebantur,
1232 2133 1296 2173 esset
1322 2126 1414 2181 melior,
1434 2133 1464 2174 et

304 2192 480 2256 exspectatione
497 2192 614 2247 cudatur,
627 2191 660 2239 nil
677 2192 722 2238 nisi
738 2192 783 2237 vila
797 2189 863 2235 Sobi-
896 2202 978 2237 eorum
994 2188 1095 2237 bonitati
1111 2199 1136 2237 et
1150 2188 1255 2236 firmitati
1272 2189 1463 2247 convenientior,

304 2270 361 2301 nram
376 2256 552 2319 suppeditatum
568 2256 606 2312 iri,
617 2254 720 2303 breviter
735 2252 864 2316 significat.
896 2252 946 2300 sive
957 2252 1022 2317 quod
1036 2252 1138 2300 artifices
1151 2252 1186 2299 ibi
1201 2252 1226 2299 in
1243 2252 1272 2299 iis
1283 2252 1400 2317 fingendis
1415 2270 1462 2303 ex-

305 2317 353 2366 Sed
372 2318 431 2366 dum
451 2320 496 2368 hoc
513 2319 560 2367 vile
578 2320 661 2367 vinum
680 2319 706 2365 in
725 2316 863 2365 memoriam
896 2315 1025 2364 callerent:
1043 2315 1074 2364 ad
1089 2315 1206 2364 nobiliora
1220 2315 1329 2380 inprimis
1339 2317 1464 2381 pertinent

304 2381 404 2428 illustris
419 2382 484 2431 illius
499 2382 556 2439 diei,
569 2384 751 2446 qquaecenas
782 2380 865 2428 ublica
896 2396 951 2426 varo
963 2379 1227 2452 Cmnono,quaevulgo
1242 2380 1370 2429 interrasa
1384 2383 1462 2430 Carn-

304 2443 477 2493 acclamatione
488 2444 513 2493 in
525 2445 617 2493 theatro
629 2454 743 2511 exceptus
761 2398 839 2492 iirerat
852 2459 867 2492 a
898 2458 962 2516 pana
973 2443 1081 2492 Etruscis
1092 2459 1212 2491 accenseri
1222 2444 1312 2492 solent:
1326 2443 1462 2495 ctTibutt.

322 2508 403 2570 opulo‚
414 2524 440 2557 se
457 2508 593 2557 condidisse
607 2508 656 2566 ait,
673 2510 734 2556 mira
751 2524 809 2556 sane
825 2525 866 2555 ur·
898 2508 925 2562 ri,
938 2509 961 2563 3,
973 2510 1014 2564 ¹28,
1026 2516 1051 2556 et
1061 2506 1094 2555 ibi
1107 2507 1202 2572 Heyne.
1231 2508 1297 2565 Iani,
1309 2507 1334 2556 b.
1344 2524 1367 2557 e.
1379 2510 1463 2560 oblevi

304 2522 411 2620 ienitate
421 2571 484 2620 illud
499 2587 514 2620 a
531 2588 555 2622 re
567 2570 726 2629 commendat,
738 2588 793 2636 quae
804 2573 867 2620 illa·
899 2570 1028 2636 (ἢλεψα),
1040 2587 1075 2621 sc.
1087 2571 1142 2636 pice
1152 2570 1190 2620 vel
1202 2588 1264 2630 cera,
1277 2572 1367 2637 quibus
1378 2582 1462 2623 cortex

305 2636 383 2683 cenati
398 2636 500 2686 debebat
513 2652 565 2686 esse
577 2635 761 2702 jucundissima.
796 2635 868 2692 Quod
898 2637 1058 2695 oblinebatur,
1070 2636 1200 2685 Columell.
1217 2637 1259 2694 xii,
1273 2639 1318 2697 18,
1336 2637 1393 2685 binc
1413 2637 1462 2688 inf.

304 2699 335 2747 de
351 2700 485 2758 occasione,
502 2715 552 2764 qua
567 2700 612 2750 boc
635 2715 731 2749 carmen
747 2699 867 2764 scripserit
897 2699 934 2756 iii,
948 2703 973 2758 8,
991 2703 1030 2756 10,
1045 2703 1150 2748 corticem
1166 2703 1303 2749 omniorum
1315 2705 1367 2762 pios
1382 2705 1463 2750 demo·

304 2772 383 2826 poeta,
397 2763 519 2829 Cruquius
538 2780 552 2813 e
569 2765 651 2813 codice
671 2779 715 2813 suo
731 2763 811 2812 Divaei
828 2772 865 2811 at·
897 2780 965 2822 vere,-
981 2773 1006 2812 et
1014 2763 1078 2828 apud
1086 2762 1178 2812 Tibull.
1188 2763 1293 2821 ii,1,·2a,
1301 2767 1395 2813 utriculo
1403 2769 1464 2814 codo

304 2827 369 2884 tulit,
397 2828 551 2887 Maecenatem,
573 2831 599 2876 in
630 2830 740 2890 Apuliam
765 2829 864 2884 iturum,
900 2827 956 2875 Chio
965 2827 1153 2876 solvrredicitur.
1167 2828 1464 2883 Dorminttmrrouaam

305 2891 405 2940 Horatio
418 2893 565 2957 significasse,
582 2895 640 2940 sain
657 2894 740 2940 itinere
754 2895 778 2940 in
795 2894 866 2953 ipsias
899 2893 942 2938 tibi
958 2894 1054 2954 planari
1064 2909 1074 2950 ,·
1095 2907 1124 2940 eo
1142 2890 1190 2948 die,
1211 2907 1260 2956 quo
1279 2891 1323 2940 tibi
1341 2891 1464 2942 theatrum

304 2957 384 3002 uillam
399 2957 507 3004 Sabinam
522 2961 678 3012 devoraturum,
690 2963 771 3004 utrum
782 2971 866 3004 verum
898 2955 1004 3018 ingresso
1015 2955 1175 3028 applaudebat
1185 2956 1299 3020 populus.
1324 2957 1464 3014 limenas,

304 3019 336 3066 sit
346 3035 391 3068 nec
403 3035 442 3078 ne,
455 3021 480 3068 in
491 3020 556 3069 haud
567 3036 654 3084 magno
665 3020 802 3086 ponendum
814 3035 866 3068 esse
899 3018 964 3066 haud
975 3019 1047 3067 dubie
1059 3034 1074 3066 a
1084 3021 1166 3067 morbo
1178 3029 1307 3078 recreatus,
1317 3020 1356 3068 vel
1367 3035 1383 3068 a
1393 3022 1465 3084 gravi

303 3081 397 3132 videtur
409 3085 553 3134 discrimine.
587 3087 700 3134 Ceterum
713 3084 866 3132 boccarmen
898 3083 1002 3146 quodam
1020 3081 1126 3148 periculo
1145 3083 1266 3140 liberatus,
1284 3083 1387 3149 primum
1408 3094 1466 3149 post
1567 3098 1568 3105 ¹

303 3147 397 3196 brevius
414 3149 439 3196 in
457 3165 555 3198 censum
571 3165 652 3197 eorum
669 3149 799 3204 retulerim,
811 3165 866 3211 quae
899 3145 997 3210 aliquod
1012 3143 1125 3212 temporis
1145 3147 1296 3196 intervallum
1312 3148 1358 3196 hoc
1375 3148 1416 3198 die
1437 3150 1466 3198 in
1567 3184 1568 3189 ,

303 3220 374 3276 poeta
398 3213 477 3262 subito
499 3221 524 3262 et
545 3211 734 3277 αὐτοσχεδιαστὶ
755 3227 865 3261 exarasse
898 3210 1017 3259 theatnun
1031 3211 1158 3276 prodierat,
1168 3211 1211 3260 ubi
1221 3227 1286 3260 nunc
1302 3212 1403 3261 solemni
1419 3213 1466 3263 illa

302 3274 404 3324 videtur.
897 3273 993 3322 honoris
1008 3285 1033 3323 et
1044 3275 1130 3323 favoris
1144 3274 1324 3339 significatione,
1336 3293 1390 3340 quse
1406 3277 1466 3326 aliis

337 3341 409 3387 1-4.
424 3339 474 3386 Vile
484 3340 606 3388 Sabinam:
624 3341 691 3405 parvi
702 3355 787 3404 nempe
812 3339 865 3388 retii
896 3355 993 3402 quoque
1010 3339 1067 3388 viris
1083 3339 1184 3402 magnis,
1202 3346 1230 3387 ut
1247 3339 1368 3398 Ciceroni,
1385 3342 1464 3389 Porn-

303 3401 349 3449 luit
365 3406 444 3450 vinum
466 3403 584 3458 Sabinum,
604 3403 669 3466 quod
689 3403 755 3452 Plin.
777 3357 812 3451 li)
830 3405 864 3452 N.
896 3403 950 3468 peio
965 3411 1021 3451 cett.
1033 3404 1141 3477 contigit,
1153 3418 1168 3450 a
1182 3419 1212 3468 po
1229 3403 1271 3451 ulo
1286 3403 1398 3453 Romam
1416 3421 1464 3454 ex·

303 3466 350 3522 xiv,
362 3467 387 3523 2,
399 3469 494 3514 madum
507 3475 531 3515 et
546 3477 663 3514 cunnum
674 3477 752 3515 vocat.
786 3468 863 3515 Modi-
896 3475 979 3532 ceptus
991 3475 1043 3514 est:
1062 3467 1094 3515 cs.
1105 3467 1149 3515 ml.
1161 3466 1187 3524 ii,
1198 3419 1238 3525 li,
1250 3469 1291 3517 25.

302 3532 334 3577 cir
353 3531 484 3578 cavillaris.
521 3531 661 3586 cantharas,
675 3547 717 3578 vas
734 3531 863 3588 vinarium,
929 3533 1003 3578 5-8.
1020 3532 1073 3594 Ego
1091 3546 1186 3596 quoque
1203 3530 1228 3578 in
1243 3531 1341 3594 vulgata
1356 3532 1465 3584 lectione

303 3602 422 3650 ansatum,
444 3603 469 3640 et
490 3594 563 3668 paulo
586 3595 708 3659 capacius,
731 3611 745 3644 e
765 3611 815 3659 quo
838 3597 864 3643 in
898 3595 957 3642 care
974 3595 1094 3652 Macroni,
1114 3612 1187 3658 eques,
1203 3595 1333 3660 epitheton,
1348 3596 1379 3643 ad
1395 3615 1467 3660 eques
1567 3614 1568 3625 ¹

302 3657 390 3720 pocula
408 3655 498 3705 minora
511 3674 594 3705 vinum
611 3658 745 3706 transfundi
762 3659 862 3718 solebat,
896 3658 1054 3715 referendum,
1064 3658 1244 3718 desiderabam
1261 3659 1342 3722 itaque
1353 3676 1401 3708 nou
1413 3661 1465 3710 du-

302 3720 394 3768 dictum
409 3721 507 3769 sortasse
523 3721 565 3778 ito,
578 3721 642 3786 quod
658 3723 689 3770 ad
701 3722 800 3770 somnam
814 3739 864 3770 sca-
896 3723 972 3770 bitavi
983 3723 1110 3771 lectionem
1121 3738 1136 3770 a
1147 3723 1259 3772 Bentleio
1270 3739 1283 3771 e
1294 3723 1377 3773 codice
1388 3725 1465 3788 regiae

301 3785 538 3850 r·abaei,quiGraecis
555 3785 678 3850 κάνθαρος
692 3785 864 3843 dicitur,effic-
898 3786 1022 3836 Societatis
1053 3787 1206 3852 propositam,
1235 3789 1313 3842 Clare,
1336 3789 1463 3849 licentes,

302 3856 353 3895 tum
369 3857 448 3898 esset:
472 3865 538 3897 sacer
554 3850 663 3914 inprimis
679 3851 805 3898 coritianos
821 3850 867 3899 luit
897 3850 998 3912 aquario
1013 3859 1104 3899 tentum
1118 3850 1231 3922 recipere.
1264 3852 1381 3908 Quamvis
1394 3854 1465 3900 enim

302 3912 410 3962 Baccho.
432 3915 489 3964 Jam
500 3913 525 3960 hi
536 3916 690 3971 eorumden
701 3913 790 3978 quibus
801 3915 866 3980 apud
899 3917 1021 3963 Maecenas
1039 3931 1081 3981 pro
1098 3914 1265 3970 familiaritate,
1282 3932 1337 3978 qum
1358 3916 1382 3964 ei
1403 3932 1466 3964 cum

302 3977 430 4026 Horatium
445 3993 488 4043 pro
504 3994 527 4027 re
541 3979 596 4044 ejus
611 3977 705 4027 modica
721 3979 813 4027 modice
826 3979 863 4026 bi·
897 3978 997 4028 Horatio
1016 3978 1187 4033 intercedebat,
1209 3987 1272 4027 recte
1293 3979 1324 4026 ab
1346 3979 1389 4028 illo
1412 3980 1467 4036 dici

301 4041 407 4089 bendum
417 4050 488 4098 esset,
498 4042 543 4108 ipsi
555 4043 668 4092 dicuntur
680 4045 770 4100 modici,
782 4052 809 4091 ut
819 4043 863 4091 inf.
895 4051 987 4108 poterat
1004 4059 1080 4099 carm,
1092 4052 1121 4090 ut
1138 4041 1181 4090 inl.
1199 4042 1226 4100 ii,
1243 4044 1284 4100 20,
1300 4045 1326 4100 9,
1345 4045 1468 4102 dilectus,-

301 4105 379 4170 Epist.
393 4107 410 4162 i,
421 4110 445 4163 5,
454 4109 479 4164 2,
490 4110 576 4156 modica
587 4109 683 4170 patella.
710 4109 864 4172 Quamquam
897 4117 976 4155 tamen
986 4107 1013 4156 rb
1022 4108 1084 4154 olore
1094 4107 1125 4154 ad
1135 4122 1208 4170 eques,
1216 4106 1280 4170 quod
1291 4107 1344 4155 sine
1354 4107 1468 4172 epitheto

301 4169 362 4216 nihil
373 4169 481 4235 impedit,
493 4173 622 4235 quominus
633 4171 754 4220 cantharas
769 4174 865 4220 modicos
897 4170 974 4234 friget,
984 4169 1094 4229 relatum,
1108 4171 1184 4218 multo
1197 4186 1261 4218 nunc
1272 4180 1310 4218 est
1322 4170 1466 4233 significan-

300 4233 442 4282 demodicae
457 4249 497 4281 ma
530 4235 774 4300 itudinissivepaulo
787 4235 863 4284 mino·
896 4235 954 4283 tius.
982 4234 1050 4282 Infra
1065 4250 1162 4300 quoque
1178 4234 1214 4290 iii,
1227 4235 1265 4290 16,
1277 4237 1319 4289 20,
1336 4236 1469 4286 mecenas

300 4296 333 4344 ris
346 4298 429 4346 forma·
445 4305 502 4344 cant
520 4298 566 4345 aris
580 4299 737 4363 explicemus,
750 4307 865 4373 etgran-
897 4301 966 4347 decus
980 4301 1082 4361 equitum
1093 4310 1199 4347 vocatur.
1224 4286 1331 4345 ‘Potenti
1340 4299 1468 4362 fluminis,
1567 4314 1568 4331 ι

299 4358 372 4409 dioris
390 4361 473 4408 iormae
493 4361 619 4409 cantharus
638 4362 703 4426 apud
722 4361 819 4411 ditiores
838 4379 864 4411 in
896 4362 1000 4419 Tiberis,
1022 4362 1053 4410 ab
1076 4361 1181 4419 Etruria,
1204 4360 1348 4410 Maecenatis
1374 4363 1467 4427 patria,

300 4423 597 4481 usuluisse,statuamns.
625 4426 783 4474 Graecatesta.
811 4426 863 4474 Ro·
895 4426 1037 4475 delabentis.
1074 4425 1181 4474 Vaticani
1202 4429 1301 4474 montis:
1318 4441 1375 4488 ergo
1396 4427 1468 4475 Με-

300 4488 375 4546 mani,
389 4496 416 4536 ut
432 4488 490 4536 satis
507 4497 599 4548 notum,
612 4489 713 4538 condere
728 4489 809 4538 vinum
826 4507 864 4539 so-
896 4506 969 4540 cenas
995 4492 1119 4552 ingressus
1144 4497 1183 4539 est
1209 4493 1325 4540 theatrum
1347 4489 1469 4551 Pompeii,
