3150 5200
571 360 735 425 LIBER
759 360 805 439 ΙΙ,
827 363 859 425 3.
1226 360 1291 426 377

226 514 262 577 Si
277 513 357 597 quid
373 512 548 593 Stertinius
564 514 632 577 veri
647 524 778 597 crepat3
802 514 890 577 unde
904 535 968 597 ego
981 514 1062 577 mira

227 615 399 699 Descripsi
414 615 528 680 docilis
544 625 709 699 praecepta
723 614 806 691 haec,
823 626 968 698 tempore
983 637 1049 699 quo
1063 639 1114 680 me

161 717 204 781 35
226 717 357 782 Solatus
369 718 469 802 jussit
482 719 661 802 sapientem
675 738 811 800 pascere
825 717 972 793 barbam,

226 818 338 902 Atque
354 840 374 881 a
388 819 539 883 Fabricio
555 842 620 884 non
636 820 760 883 tristem
773 828 874 902 ponte
889 819 1018 883 reverti.

227 920 314 983 Nem
328 920 410 985 male
426 944 462 985 re
477 931 580 1005 gesta,
596 943 697 1004 quum
712 920 825 984 vellem
838 922 967 985 mittere
982 933 1098 1005 operto

225 1020 283 1086 Me
298 1024 454 1106 capitein
469 1022 599 1099 flumen,
616 1022 733 1087 dexter
748 1023 850 1099 stetit,
866 1032 910 1100 et,
925 1021 1012 1086 Cave
1027 1021 1112 1086 faxis

226 1122 277 1188 Te
292 1125 470 1209 quidquam
485 1125 674 1208 indignum:
698 1125 807 1208 pudor
821 1124 951 1207 (inquit)
966 1134 999 1188 te
1013 1122 1116 1187 malus
1131 1126 1233 1209 angit,

161 1226 205 1289 40
227 1226 363 1291 Insanos
376 1228 433 1310 qui
448 1228 533 1291 inter
548 1247 681 1292 vereare
696 1228 828 1290 ursanus
842 1225 967 1290 haberi.

227 1325 372 1391 Primum
386 1350 459 1391 nam
475 1328 645 1411 inquiram,
661 1328 741 1412 quid
756 1329 799 1391 sit
813 1326 941 1404 furere3
964 1327 1027 1392 hoc
1043 1329 1070 1391 si
1085 1330 1147 1393 erit
1161 1330 1195 1393 in
1210 1340 1242 1393 te

227 1428 316 1506 Solo,
332 1430 377 1493 nil
392 1430 494 1507 verbi,
510 1452 625 1513 pereas
641 1430 720 1513 quin
735 1430 873 1507 fortiter,
889 1429 1018 1492 addam.

226 1530 333 1603 Quem
349 1530 432 1595 mala
448 1530 594 1608 stultitia,
611 1542 644 1595 et
659 1553 885 1615 quemcunque
898 1532 1027 1595 inscitia
1041 1533 1109 1596 veri

228 1631 359 1696 Caecum
374 1634 452 1716 egit,
467 1633 615 1696 insanum
630 1632 807 1717 Chrysippi
821 1633 968 1717 porticus
982 1642 1017 1695 et
1030 1656 1113 1717 grex

162 1733 205 1797 45
226 1731 396 1799 Autumat.
441 1732 525 1797 Haec
540 1734 690 1818 populos,
706 1734 777 1799 haec
797 1756 932 1818 magnos
946 1732 1084 1798 formula
1097 1758 1204 1820 reges,

138 1911 226 1951 cerunt
252 1902 353 1953 alterum
379 1905 537 1961 Mercurium,
562 1914 700 1954 mercaturae
734 1920 795 1979 quos
813 1904 843 1953 de
863 1904 996 1953 Stoicorum
1018 1904 1168 1971 philosophie
1187 1907 1290 1974 scripsit,

138 1967 274 2033 presidem.
733 1970 847 2017 irbrorum
857 1970 941 2033 copie3
958 1977 1059 2023 numni
1066 1969 1135 2018 refert
1145 1970 1293 2021 scholiastes

173 2032 214 2079 27.
232 2032 415 2089 Marii-iilius,
433 2032 511 2081 insani
528 2032 594 2082 illius
607 2034 700 2083 emendi
733 2032 777 2081 inf.
789 2033 820 2081 ad
831 2033 909 2097 Epist.
920 2032 937 2090 i,
950 2034 990 2089 12,
1001 2034 1042 2089 20,
1057 2034 1183 2082 Stertinius
1192 2036 1291 2096 pbiloso-

139 2093 309 2159 vendendique
332 2096 414 2145 studii.
455 2098 555 2154 Morbus,
578 2107 605 2146 ut
625 2098 699 2157 νόσος
729 2099 789 2159 pirus
806 2099 913 2144 ducentos
933 2106 956 2145 rt
973 2099 1060 2160 viginti
1079 2098 1148 2173 libraq
1163 2099 1291 2147 Stoicorum

138 2158 699 2295 triferii:tuitiittstliiit
732 2161 1292 2293 iltrrffili.⁰tt·tt⁵t”it¹.t.ttiff

139 2302 197 2335 eum
209 2288 323 2350 genitivo,
334 2296 362 2337 ut
372 2288 434 2353 apud
448 2289 541 2338 Livium
554 2289 645 2346 xxxvii,
658 2292 699 2347 28,
736 2290 811 2345 Unde,
824 2304 906 2352 aquo,
918 2304 947 2337 ex
959 2288 1030 2352 cujus
1040 2303 1088 2337 ore.

141 2351 233 2404 Quibus
250 2354 406 2415 purgantibus
421 2356 537 2401 ciuitatem
553 2358 623 2402 annuis
633 2355 699 2417 fusti
765 2355 805 2402 35.
818 2353 1291 2419 ide-rapientemmefuturumphiloso-

141 2416 245 2478 dictiqrse
255 2417 342 2465 hostilis
351 2420 459 2465 aduersus
473 2419 592 2467 Romanos.
731 2418 815 2483 pirum.
1203 2460 1206 2467 .

176 2480 219 2527 28.
246 2480 341 2528 Nana:
368 2496 455 2529 novum
478 2482 598 2537 studium,¹
615 2498 700 2557 nempe
765 2482 845 2530 aaa
867 2481 975 2528 Fabricio
995 2491 1078 2541 ponte.-
1101 2481 1290 2549 Schol.Cn1q.,

138 2541 405 2610 pbilosophiaeStoica5
423 2560 510 2594 novum
520 2546 593 2610 igitur
600 2547 700 2595 insanire
733 2546 781 2594 Hic
799 2561 856 2608 pons
872 2546 994 2594 Fabricius
1009 2548 1087 2593 dictus
1103 2555 1136 2594 est
1152 2563 1167 2592 a
1184 2546 1292 2599 Fati-isia

137 2609 701 2736 ‘⁹⁰23‘³rttt.iit{.tffltittl³⁰ti..n
732 2612 823 2724 ms
833 2613 1008 2721 titur:
1019 2628 1082 2722 ’1:333
1090 2611 1207 2723 {filim
1217 2618 1291 2662 ''m‘'

137 2735 228 2794 dicere,
246 2745 372 2802 postquem
388 2755 418 2787 er
435 2739 514 2788 animo
531 2692 699 2788 meopdrimium
763 2741 804 2788 ³7.
821 2739 886 2786 Male
899 2753 926 2784 ro
937 2746 1010 2800 gerra,
1022 2738 1114 2802 perdita
1124 2755 1150 2787 re
1161 2738 1291 2788 familiari:

138 2801 222 2848 omnia
232 2801 357 2850 coemendi
365 2802 471 2850 studium
481 2805 572 2868 expuli,
580 2820 647 2852 nove
656 2804 698 2862 rei,
731 2804 774 2868 qni
796 2819 846 2852 rem
864 2801 1003 2851 familiarem
1022 2803 1085 2852 male
1105 2819 1159 2852 eam
1187 2803 1290 2852 admini-

138 2864 297 2930 philosophia
308 2866 404 2922 Stoicae,
416 2866 495 2914 studio
505 2882 543 2916 me
557 2868 632 2934 abripi
644 2884 698 2932 pas·
731 2867 828 2916 suendo
844 2874 869 2915 et
885 2865 1026 2914 collocando
1042 2866 1153 2931 perdunt,
1167 2886 1215 2916 ran
1231 2871 1291 2918 mais

139 2944 183 2976 sus
194 2945 263 2987 rum;
280 2945 322 2994 pro
333 2945 370 2988 eo,
382 2939 409 2978 ut
423 2929 468 2979 sibi
480 2941 572 2980 constet
582 2933 607 2981 in
623 2941 697 2982 meta·
727 2948 808 2996 gerere
817 2929 939 2980 dicuntur.
972 2930 1069 2978 Mittere
1079 2942 1154 2992 aperto
1166 2933 1205 2981 Me
1215 2936 1291 2996 capita

138 2991 223 3057 phora,
232 2993 302 3049 dirit,
314 3009 344 3042 ex
356 2993 480 3059 pleuritico
492 2995 569 3044 factus
580 3012 634 3044 sum
646 3013 698 3045 car-
730 2999 755 3044 in
760 2998 853 3060 flumen
860 3014 868 3052 ‚-
885 2994 921 3042 sic
935 2992 1000 3058 apud
1012 2993 1107 3043 Livium
1118 2994 1149 3052 iv,
1164 2997 1203 3052 12,
1216 2997 1291 3047 Multi

139 3056 234 3105 diacus.
261 3056 378 3120 Trajecto:
395 3073 439 3106 nos
449 3058 520 3106 etiam
530 3058 555 3106 in
570 3061 700 3108 remacule
730 3077 754 3108 ea
766 3063 886 3122 plebemt
897 3062 988 3111 anina,
996 3060 1072 3118 potius
1081 3077 1148 3120 quam
1158 3069 1186 3107 ut
1197 3065 1290 3109 crucia-

139 3119 220 3170 dicere
237 3121 350 3178 solemus,
363 3122 409 3169 Die
424 3121 554 3170 ffranklreit
570 3127 635 3171 uiri
651 3126 699 3172 sici
730 3133 814 3171 rentur
830 3124 942 3170 trahendo
962 3125 1071 3178 animans,
1091 3125 1204 3184 capitibus
1223 3127 1288 3172 ohaa-

138 3185 587 3258 uufeinenandernf'beildesff'o'rpers.
634 3191 699 3236 iteri:
732 3189 788 3236 lutis
798 3204 821 3234 ss
831 3189 857 3234 in
867 3186 965 3234 Tiberim
974 3189 1185 3248 precipitaverunt.
1219 3187 1289 3236 Scili-

139 3263 235 3304 rnrsere,
248 3249 272 3296 h.
284 3265 306 3298 e.
319 3249 396 3305 valde,
408 3249 471 3298 male
482 3250 570 3299 eflecti.
731 3261 769 3300 cat
781 3251 824 3317 qui
834 3265 860 3299 se
871 3250 941 3298 morti
950 3249 1089 3308 offerebant,
1099 3266 1129 3298 ex
1146 3265 1210 3299 more
1226 3252 1288 3300 anti-

174 3313 216 3360 30.
236 3313 268 3360 Ut
279 3315 419 3376 lethargicus
430 3316 475 3370 iia,
488 3323 543 3363 cett.
554 3329 655 3362 senem:
674 3323 701 3363 ut
731 3331 780 3379 qno
796 3322 869 3390 capnt
879 3314 958 3363 velare
968 3313 1006 3362 rel
1022 3314 1147 3363 obvolvere
1162 3315 1287 3365 solebant:

139 3375 190 3424 fere
208 3379 262 3450 (iic
279 3377 328 3425 vid.
345 3377 375 3425 ad
391 3393 413 3425 v.
427 3378 473 3438 2³)
491 3378 587 3442 aliquis,
604 3377 646 3443 qui
665 3379 698 3428 le·
731 3379 780 3428 vid.
792 3378 918 3429 Heindorf.
929 3378 959 3426 ed
971 3377 997 3425 b.
1007 3378 1026 3427 l.

139 3440 234 3503 thurgut
252 3441 352 3496 laborat,
364 3457 420 3490 cum
437 3457 467 3490 er
479 3441 608 3505 lethargico
622 3443 700 3491 factus
763 3445 804 3492 38.
823 3446 908 3492 Dexter
914 3445 991 3490 stetit:
1002 3450 1116 3508 tanquam
1124 3442 1184 3491 deus
1191 3443 1288 3509 aliquis,

139 3514 176 3552 est
189 3505 350 3569 phreneticus,
362 3505 450 3571 pugilis
467 3505 540 3554 instar
551 3507 598 3554 ruit
613 3505 639 3554 in
656 3508 699 3554 ob·
732 3506 773 3571 qui
784 3508 842 3556 milri
853 3507 950 3562 faveret,
963 3506 1047 3554 adfuit.
1081 3509 1140 3554 Cane
1148 3507 1249 3572 pertinet
1258 3510 1289 3558 ed

138 3577 240 3626 stantes,
246 3577 271 3618 et
279 3569 393 3634 impetum
404 3569 429 3617 in
440 3568 559 3618 medicum
568 3572 644 3620 facere
653 3571 698 3619 mi·
731 3586 761 3620 ea
778 3571 889 3619 soeaaoa
907 3570 1082 3634 conjugationis
1094 3571 1174 3626 verba,
1187 3588 1289 3635 quorum

139 3641 221 3680 natur.
257 3634 319 3682 Vult
339 3633 413 3697 igitur
432 3633 595 3699 Damasippus
615 3635 697 3699 hujus·
731 3635 825 3690 ultimo,
837 3636 963 3699 presertim
975 3634 1002 3681 in
1011 3633 1136 3698 disyllabis
1148 3635 1174 3682 in
1187 3636 1290 3702 impers-

137 3696 204 3744 modi
222 3697 304 3761 egroti
320 3697 497 3772 comparatione
513 3698 643 3772 osteudens,
656 3716 699 3748 no·
732 3699 779 3776 tivq
795 3700 837 3763 (ut
853 3698 877 3747 iu
888 3701 948 3753 vide,
958 3698 1035 3761 aare),
1046 3715 1219 3763 nonnunquam
1236 3719 1290 3751 cor·

138 3777 275 3875 ilidlieidoe
285 3771 487 3876 delidcfedugddeddd'
505 3761 611 3810 mum
629 3763 700 3827 longe
733 3772 905 3877 ”pigritatur
913 3827 996 3882 malus,
1008 3825 1164 3891 importunus,
1174 3828 1279 3894 ineptus.

141 3935 142 3938 ,
173 3891 214 3937 31.
233 3891 297 3938 Dum
316 3907 344 3938 ns
363 3895 433 3954 quid:
454 3891 497 3948 sis,
516 3908 558 3957 per
577 3907 615 3941 me
634 3893 700 3948 licet,
765 3893 806 3940 43.
823 3891 932 3938 Stultitia
954 3891 1024 3945 maio,
1048 3907 1165 3955 perversa,
1188 3893 1290 3957 pernici·

138 3952 281 4017 quicunque
292 3969 345 4003 esse
355 3955 509 4019 cupis,modo
521 3971 551 4004 ne
577 3957 619 4004 uid
627 3957 702 4006 facias
734 3971 784 4005 osa.

139 4015 239 4081 simile(
244 4019 313 4080 iaia)
323 4018 461 4083 phrenetico
472 3973 621 4084 pugili,qh.e.
631 4022 701 4069 modo
765 4023 806 4068 tt.
825 4020 950 4083 Chrysippi
966 4019 1106 4092 portia-utut
1120 4036 1193 4083 gres.-
1210 4021 1300 4084 Chry--

139 4095 172 4129 ne
190 4089 213 4130 te
231 4082 296 4130 furor
311 4081 335 4129 in
354 4098 392 4131 me
409 4091 472 4146 egat.
506 4083 589 4133 Possis
605 4099 654 4148 quo
672 4101 702 4134 ue
733 4085 815 4149 sippus
830 4083 878 4147 (cf.
892 4099 947 4148 sup.
957 4080 988 4130 ad
1005 4084 1057 4130 Sat.
1071 4099 1088 4141 r,
1100 4085 1125 4136 3,
1140 4086 1234 4141 lavet
1249 4087 1291 4135 elii

139 4147 204 4200 buia,
213 4145 271 4194 dum
281 4147 395 4194 Horatius
404 4145 507 4220 digitum
518 4149 542 4195 iu
555 4163 581 4197 se
592 4102 702 4204 intendit,
735 4165 818 4198 omnes
833 4147 915 4198 Stoici.
950 4147 1067 4202 Porticus,
1081 4149 1152 4204 arod,
1169 4149 1211 4196 ubi
1227 4152 1291 4200 Zeno

137 4223 183 4272 pro
193 4210 389 4275 miiierplicare.
417 4212 456 4259 Src
468 4227 523 4275 sup.
536 4215 586 4260 Sat.
598 4213 616 4269 i,
626 4215 651 4269 9,
659 4213 701 4269 47,
732 4213 831 4276 ejusque
840 4211 975 4277 disciplina
986 4209 1076 4259 addicti
1086 4211 1212 4261 docebant.
1239 4217 1290 4262 Au·

138 4273 212 4320 Hunc
223 4275 334 4322 bominem
345 4291 397 4340 pro,
405 4291 457 4322 me.
734 4287 818 4332 tamar,
828 4279 907 4333 hebet,
917 4275 1032 4324 declarat.

171 4337 213 4386 32.
230 4338 348 4400 stultique
358 4355 427 4400 prope
437 4347 627 4404 amnes,excepto
638 4339 702 4404 sepi·
767 4343 808 4389 45.
824 4342 879 4389 ffaec
889 4342 1007 4415 formula,
1024 4340 1077 4388 buc
1094 4338 1171 4388 insani
1188 4341 1291 4391 bominis

137 4408 203 4449 ente.
733 4402 853 4453 definitio:
871 4406 955 4454 Cicero
972 4403 1004 4454 de
1025 4405 1096 4453 offic.
1116 4402 1151 4460 iii,
1173 4408 1212 4461 lt,
1232 4407 1289 4453 For-

171 4465 214 4514 33.
237 4466 263 4513 Si
279 4468 336 4529 quid
354 4467 480 4517 Stertinius
497 4469 546 4516 ueri
564 4476 657 4530 erepat.-
681 4467 701 4515 si
733 4471 801 4516 rnulae
818 4471 917 4533 Aquiliii
932 4473 960 4517 de
977 4471 1029 4518 doio
1046 4469 1114 4524 mab,
1132 4468 1290 4527 definitiones,

138 4529 198 4594 quid
219 4531 269 4582 veri
287 4530 375 4596 profert
394 4531 521 4584 Stertinius
543 4531 569 4582 iu
589 4531 700 4592 maxima,
734 4533 821 4598 quibus
847 4543 956 4584 accurate
982 4531 1139 4583 constitutum
1166 4543 1226 4592 erat,
1249 4536 1292 4601 qui
