3150 5200
489 918 1206 1018 CARMINUM

673 1189 806 1241 LIBER
826 1190 1020 1243 TERTIUS.

719 1731 927 1796 CARMEN
951 1732 977 1795 1.

493 1898 569 1980 Onr
585 1918 756 2001 profanum
770 1918 887 2004 vulgus
901 1930 935 1983 et
949 1941 1062 1995 arcc03

492 2026 613 2091 Favete
627 2026 746 2112 linguis
760 2053 766 2091 :
791 2028 932 2093 carmina
947 2049 1012 2091 non
1025 2027 1117 2110 prius

533 2125 659 2193 Audita
674 2129 847 2193 Musarum
862 2130 1014 2193 sacerdos

578 2230 772 2316 Virginibus
787 2232 963 2315 puerisque
979 2241 1085 2294 canto.

462 2365 614 2413 CARMEN
632 2366 654 2413 1.
869 2380 914 2414 nec
925 2363 1115 2430 prestantissimi
1129 2362 1260 2419 marmoris,
1271 2378 1315 2411 nec
1329 2362 1434 2412 nobilis·

310 2428 462 2492 Praeceptum
479 2428 541 2476 illud
557 2443 571 2475 s
589 2428 742 2493 philosophia
758 2428 839 2478 Stoica
869 2428 937 2477 sime
953 2444 1072 2494 purpurae,
1088 2443 1133 2476 nec
1147 2427 1198 2475 vini
1215 2426 1307 2492 optimi,
1322 2443 1367 2476 nec
1383 2445 1434 2477 un·

279 2491 438 2555 depromtum,
465 2491 546 2539 Veram
568 2494 682 2541 laninam
694 2494 838 2557 felicitatem
869 2501 1010 2555 guentorum
1030 2491 1252 2557 pretiosissimorum
1278 2508 1337 2541 usus
1358 2492 1435 2557 quid·

278 2570 349 2616 nequa
370 2557 394 2604 in
415 2558 517 2618 potentia
540 2566 562 2605 et
581 2557 689 2606 immissa
710 2559 836 2620 splendore,
869 2573 943 2622 qutun
957 2556 989 2606 ad
1003 2572 1073 2606 curas
1086 2556 1226 2606 avertendos
1239 2556 1312 2612 valet,
1327 2572 1371 2606 cur
1384 2572 1434 2622 ago

278 2635 349 2682 neque
362 2621 388 2668 ia
402 2636 539 2684 magnarum-
549 2622 685 2668 divitiarum
697 2625 838 2683 posessione,
869 2631 919 2671 tam
930 2623 1019 2671 stultus
1028 2622 1082 2678 sim,
1091 2631 1119 2670 ut
1129 2621 1238 2671 villulam
1248 2620 1363 2669 Sabinam
1373 2637 1434 2670 cum

278 2685 316 2731 ud
327 2685 352 2732 in
362 2687 438 2732 naimo
448 2685 584 2746 tranquillo,
599 2693 621 2731 et
636 2687 661 2732 ia
676 2701 700 2733 ec
710 2689 769 2748 quod
782 2689 838 2734 sctis
871 2686 978 2736 edificiis
987 2687 1129 2748 magnificis,
1136 2687 1193 2734 vitta
1199 2684 1376 2750 jucunditatem
1385 2699 1435 2734 au·

277 2757 309 2794 est
333 2751 493 2810 acquiescente,
510 2750 638 2810 ponendam
661 2751 839 2814 umbramque
870 2759 917 2800 tem
944 2759 970 2800 et
994 2751 1190 2815 tranquillitatem
1213 2765 1270 2814 cum
1294 2748 1435 2800 divitiarum

279 2811 567 2888 esre,ja1nnovainboc
586 2813 692 2862 carmina
708 2815 837 2887 sententia·
870 2814 986 2864 molestiis
1008 2815 1120 2879 curisque
1147 2815 1298 2888 perrupteml
1338 2814 1377 2863 Sic
1400 2830 1436 2864 ea

279 2877 839 2998 ttuttltbdltltuttu:illst
869 2879 1436 3015 trtt‘ultttttltttsstsslud

279 3006 389 3071 proponit
402 3014 474 3071 atque
490 3007 649 3056 commendat.
682 3007 769 3055 Nesus
782 3022 836 3056 seu·
886 3006 990 3072 isputata
1005 3017 1148 3065 suntrana
1163 3014 1189 3056 et
1204 3006 1273 3055 nihili
1288 3021 1342 3055 esse
1358 3006 1436 3056 facile

278 3070 406 3122 tentiarum
428 3081 465 3122 est
486 3072 534 3121 lare
556 3071 609 3120 hic:
632 3070 747 3134 gravioris
765 3085 837 3135 argu·
869 3081 973 3136 apparet.

280 3137 353 3185 menti
368 3151 471 3194 carmen,
483 3136 548 3201 quod
559 3151 603 3200 ego
618 3143 758 3184 cantaturus
773 3150 837 3197 sum,
905 3138 976 3185 1-4.
1001 3135 1088 3186 Verbis
1109 3134 1256 3184 solemnibus
1277 3135 1309 3183 sd
1331 3134 1434 3186 audien·

279 3207 369 3250 attento
391 3201 469 3250 animo
521 3200 619 3264 rcipite:
646 3214 720 3262 reges,
742 3198 837 3259 divites,
871 3199 928 3248 tiam
942 3201 990 3249 sibi
1004 3199 1139 3249 faciendam
1154 3197 1275 3248 exorditur
1289 3208 1373 3264 poeta:
1391 3216 1435 3249 ar·

279 3264 415 3320 nobiliores,
437 3274 463 3313 et
507 3265 523 3312 ii
546 3264 583 3313 vel
605 3263 680 3327 gloria
702 3263 739 3312 vel
762 3266 839 3328 gratia
871 3265 979 3327 gumenti
1000 3279 1095 3329 nempe,
1117 3263 1183 3328 quod
1205 3263 1230 3310 in
1255 3263 1302 3313 boc
1326 3264 1436 3314 carmine

279 3328 362 3435 populi
378 3329 517 3403 eminentes,
531 3327 594 3376 mala
610 3327 682 3390 vulgo
698 3327 723 3376 in
739 3343 838 3378 censum
870 3336 1013 3377 tractaturus
1030 3327 1232 3403 memnii-itatem
1249 3342 1305 3402 cum
1322 3343 1346 3376 re
1364 3343 1435 3401 sacra

289 3391 410 3439 elicrorum
437 3392 561 3454 hommum
588 3391 736 3450 reseruntur;
759 3402 841 3443 manet
872 3408 1021 3458 comparans,
1049 3401 1125 3442 untur
1142 3392 1192 3440 rllrs
1213 3391 1319 3440 formulis
1341 3393 1434 3456 quibus

280 3453 343 3502 euim
355 3470 396 3503 eos
408 3457 542 3504 nonsolum
552 3456 839 3520 aequamoriendineces-
872 3455 931 3504 alias
954 3458 1000 3505 sub
1021 3471 1142 3506 sacmrum
1167 3455 1242 3504 initiis
1263 3455 1301 3504 uti
1322 3457 1436 3506 solebant

280 3517 346 3574 sitas,
368 3518 410 3569 sed
437 3518 509 3568 iidem
537 3534 640 3584 quoque,
663 3519 720 3568 dum
745 3520 839 3581 vivunt,
871 3521 1021 3580 sacerdotem
1036 3521 1142 3586 profanis
1156 3519 1262 3584 quidem,
1278 3528 1360 3569 uteos
1375 3520 1436 3571 iude

281 3581 371 3631 miseris
387 3583 451 3633 curis
466 3583 595 3648 agitantur.
628 3584 693 3633 ilinc
704 3586 739 3642 lit,
750 3593 778 3633 ut
788 3602 839 3636 me·
871 3585 1178 3647 arcerent,iedc,tiillsplor!
1195 3584 1234 3632 vel
1245 3584 1381 3642 tramissis.
1390 3585 1435 3634 do-

280 3644 333 3694 dias
342 3648 404 3696 inter
414 3663 483 3697 curas
497 3664 542 3698 nac
556 3648 741 3698 lautissimamm
755 3651 839 3715 apula·
870 3666 908 3708 τις
914 3649 1012 3714 ἀλιτρὸς
1019 3649 1327 3714 (ΟιΙΙίιπ.Η]πιιι.Αρ.2),
1335 3650 1435 3706 Procul,

280 3725 333 3759 rum
361 3713 477 3762 suavitate
504 3713 661 3771 delectentur,
688 3728 730 3761 nec
759 3714 839 3762 avium
871 3719 975 3776 opressit
985 3725 1038 3770 este,
1047 3715 1142 3788 prosam
1152 3712 1237 3786 (virg.
1247 3714 1348 3769 Euri,
1357 3713 1434 3776 ato),

279 3773 425 3842 cithareque
442 3785 515 3826 cantu
533 3777 564 3827 ed
578 3792 686 3826 somnum
702 3777 840 3827 invitentur.
871 3793 914 3843 pro
935 3793 985 3843 qno
1007 3779 1121 3827 Horatius
1145 3776 1214 3832 dixit,
1238 3777 1284 3824 Odi
1305 3776 1435 3843 profanum

283 3840 381 3896 Quanto
402 3842 478 3907 major
499 3841 569 3906 igitur
589 3849 626 3891 ast
647 3841 691 3897 nil,
710 3841 755 3890 nisi
774 3843 840 3906 quod
871 3844 956 3906 uulgus
973 3852 996 3890 et
1013 3859 1097 3900 armo,-
1119 3840 1220 3890 initiatis
1236 3856 1300 3897 vero,
1318 3851 1347 3889 ut
1364 3855 1435 3890 sacro

281 3903 340 3953 satis
358 3914 403 3963 est,
427 3906 583 3957 desiderantis
604 3905 726 3964 felicitas3
750 3905 771 3953 is
795 3922 839 3957 nec
872 3906 966 3955 silentio
983 3905 1013 3953 iis
1030 3907 1181 3961 interessent,
1196 3906 1219 3955 ε’
1241 3907 1332 3971 aperire,
1348 3905 1435 3954 Favete

281 3969 379 4018 marinis
400 3971 586 4038 tempestatibus,
610 3986 654 4019 nec
679 3979 732 4019 ortu
754 3985 841 4020 casuve
872 3971 977 4034 linguis!
994 3970 1104 4033 (linguas
1119 3969 1221 4018 cobiben
1239 3985 1262 4024 o,
1276 3970 1336 4018 b.e.
1350 3978 1434 4018 tacen-

281 4033 383 4083 siderum
410 4037 550 4092 minucium,
573 4051 617 4084 nec
645 4034 768 4098 grandine,
796 4051 840 4084 nec
871 4033 916 4097 do)
932 4035 1110 4083 acclamantes:
1128 4033 1236 4099 apposite
1251 4032 1324 4096 igitar
1339 4033 1371 4081 ad
1388 4033 1434 4084 bas

282 4097 355 4148 nimia
364 4099 445 4164 pluvia
456 4101 557 4150 nimiove
568 4100 625 4173 solis
636 4107 705 4155 estu,
712 4098 842 4173 sterilitatis
872 4097 986 4147 formulas
1002 4099 1054 4162 jam
1072 4114 1098 4148 se
1114 4114 1164 4146 non
1179 4107 1258 4147 vatem
1273 4097 1311 4147 vel
1327 4104 1433 4162 poetam

280 4163 840 4292 utrumlibet.{dulibentis
871 4161 1346 4288 tidmfflltlfft'zftlt.
1361 4161 1436 4290 ,55ss

282 4289 306 4338 in
322 4294 394 4342 muris
406 4293 484 4349 litore,
495 4299 523 4343 ut
533 4293 567 4341 ibi
582 4308 607 4341 se
621 4303 734 4350 recreent,
746 4299 839 4341 exstru·
871 4306 942 4340 nemo
963 4298 1019 4339 ante
1037 4306 1093 4340 eum
1115 4300 1235 4355 precepta
1255 4299 1305 4338 tam
1327 4288 1437 4340 salubria

281 4371 320 4405 ere
332 4358 447 4418 edificia3
466 4359 509 4407 sed
523 4359 593 4406 timor
601 4365 626 4404 et
636 4355 715 4405 tristes
729 4371 793 4405 curm
806 4355 840 4404 ibi
871 4354 1001 4414 cecinerit;
1019 4354 1064 4403 nisi
1076 4354 1135 4403 torte
1145 4355 1198 4403 bec
1208 4369 1305 4419 quoque
1316 4353 1390 4403 rerba
1402 4354 1436 4402 ad

280 4435 376 4493 quoque
396 4425 427 4472 ab
446 4422 475 4471 iis
495 4420 560 4470 haud
579 4419 699 4476 recedunt,
718 4419 766 4469 imo
788 4435 838 4474 eos,
871 4419 995 4467 formulam
1015 4418 1136 4483 quandam
1158 4418 1287 4467 solemnem
1310 4417 1438 4467 reserenda

281 4499 331 4533 sive
351 4488 406 4537 navi
429 4487 478 4536 sive
497 4501 561 4551 equo
582 4493 670 4540 rectos,
690 4485 779 4548 ubique
801 4499 839 4532 se·
871 4483 928 4540 sint,
949 4483 991 4531 ubi
1013 4501 1071 4530 aoec
1093 4498 1108 4530 a
1129 4482 1213 4548 mystis
1235 4482 1437 4548 promittebantur

281 4559 388 4612 quuutur
404 4561 475 4618 atque
490 4559 609 4616 premunt.
643 4548 714 4607 Quod
732 4549 751 4596 si
767 4548 840 4612 igitur
871 4555 998 4612 praecepta,
1017 4546 1099 4611 qualia
1119 4562 1244 4611 nunquam
1268 4546 1340 4596 lando
1363 4545 1437 4597 audi·
