3150 5200
317 320 381 383 412
725 321 1046 390 SATIRARUM

399 474 454 538 De
469 496 504 538 re
520 476 680 539 communi
696 478 812 541 scribae
827 500 944 562 magna
959 489 1058 563 atque
1072 500 1156 543 nova
1169 489 1202 543 te

398 576 548 639 Orabant
563 576 661 641 hodie
675 580 886 655 meminisses,
904 579 1039 656 Quinte,
1055 580 1183 644 reverti.

397 677 563 761 Imprimat
578 678 642 755 his,
658 700 747 755 cura,
764 679 931 745 Moecenas
947 681 1040 764 signa
1053 680 1191 745 tabellis.

396 778 542 855 Dixeris,
560 778 740 864 Experiar:
765 781 801 843 Si
818 783 876 859 vie,
891 793 998 865 potes,
1014 781 1108 845 addit
1123 792 1157 845 et
1170 784 1280 847 instat.

330 880 374 943 40
395 878 560 963 Septimus
575 892 689 945 octavo
704 883 839 966 propior
849 884 917 967 jam
931 882 1054 967 fugerit
1065 904 1182 959 annus,

396 980 451 1043 Ex
464 1004 530 1065 quo
545 982 711 1047 Maecenas
726 1004 777 1047 me
793 984 895 1067 coepit
910 984 1032 1049 habere
1048 1006 1181 1048 suorum

395 1081 433 1146 In
447 1105 592 1161 numero,
608 1084 767 1148 duntaxat
782 1084 825 1148 ad
840 1084 914 1162 hoo,
930 1108 1027 1170 quern
1042 1084 1155 1150 tollere
1169 1086 1274 1151 rheda

394 1183 504 1249 Vellet
519 1186 727 1263 iterfaciens,
744 1196 777 1249 et
792 1186 846 1249 cui
860 1187 1057 1252 concredere
1072 1209 1177 1272 nugae

395 1284 471 1350 Hoc
486 1308 606 1370 genus:
631 1287 724 1351 Hora
738 1299 839 1372 quota
853 1291 925 1351 est?
948 1288 1065 1352 Threx
1076 1300 1127 1352 est
1139 1287 1271 1353 Gallina
1283 1289 1369 1373 Syro
1381 1295 1468 1375 par?

329 1386 372 1449 45
394 1386 559 1452 Matutine
573 1410 688 1473 parum
702 1380 816 1454 cautos
826 1391 895 1473 jam
909 1389 1032 1473 frigora
1046 1391 1213 1455 mordent:

395 1488 442 1552 Et
455 1512 530 1572 quae
543 1490 662 1553 rimosa
676 1491 760 1553 bene
775 1490 985 1573 deponuntur
999 1492 1033 1554 in
1046 1513 1135 1555 aure.

396 1589 462 1654 Per
477 1601 580 1656 totum
593 1592 656 1656 hoc
672 1602 801 1676 tempus
817 1592 995 1676 subjectior
1008 1593 1043 1656 in
1057 1593 1144 1657 diem
1158 1604 1192 1657 et
1206 1593 1321 1657 horam

395 1692 539 1757 Invidiae.
585 1693 711 1757 Noster
724 1692 821 1756 ludos
836 1703 1041 1776 spectaverat
1055 1716 1130 1770 una,

395 1793 537 1858 Luserat
551 1796 584 1857 in
599 1816 731 1878 oamp03
755 1792 911 1857 Fortunae
925 1794 1029 1858 lilius!
1054 1817 1175 1859 omnes.

308 2005 353 2054 est,
370 1997 434 2063 quod
456 2013 500 2046 nos
518 1997 630 2054 dicimus,
647 1999 721 2047 durch
739 2000 784 2047 den
804 1996 871 2071 Kopf
931 1999 972 2047 38.
995 1998 1118 2060 imprimet
1136 1999 1180 2055 tis,
1198 2006 1256 2048 cett.
1273 1998 1380 2062 Ponigit
1397 1998 1463 2047 alias

309 2062 399 2127 lausen.
432 2064 544 2112 Ceterum
563 2079 618 2136 cum
634 2063 688 2137 loco
706 2070 821 2137 sequente
836 2070 866 2135 t13
899 2062 999 2110 Horatio
1012 2062 1122 2136 tabellas,
1135 2069 1268 2127 rogans,nt
1283 2077 1325 2111 eas
1338 2064 1461 2137 alliace-

308 2128 752 2257 t:“stt“t²‘t¹t,t¹¹'tttlt¹⁵t
767 2127 868 2240 llltt
899 2126 1461 2255 lliliiifflffiimiffiffi

309 2252 404 2304 Kraltio
421 2254 491 2305 editis
506 2255 572 2311 xxxi,
587 2273 611 2321 p.
623 2257 680 2317 49),
693 2255 734 2304 ubi
751 2255 863 2304 Muretus
895 2252 957 2302 tium
974 2263 1097 2319 acceperas
1116 2254 1179 2317 (vid.
1191 2253 1344 2315 Heindorf.),
1360 2254 1461 2303 tabellis

307 2316 519 2369 diversissimorum
551 2320 699 2395 negotiorum
733 2317 863 2374 molestias,
895 2316 916 2365 si
934 2318 1001 2367 'llum
1021 2318 1163 2383 imprimere,
1185 2318 1235 2368 sive
1253 2333 1295 2367 eas
1316 2318 1461 2382 consignare

307 2382 397 2445 quibus
407 2399 552 2449 unoquoque
566 2384 605 2433 dre
622 2385 724 2432 obrutus.
730 2391 754 2433 et
764 2382 865 2449 passim
896 2396 923 2428 so
946 2383 998 2431 bat.

307 2456 406 2495 vexatus
418 2447 457 2502 sit,
470 2448 608 2495 suavissime
620 2446 743 2497 enarravit.
933 2448 973 2496 39.
993 2446 1094 2501 Diserte,
1107 2462 1157 2511 pro,
1168 2445 1298 2498 sitiretis,
1310 2455 1336 2495 et
1346 2446 1392 2494 hoc
1448 2483 1457 2503 ,

340 2510 447 2557 34-39.
464 2512 524 2559 Ante
536 2514 666 2567 smurtdam,
686 2511 750 2577 apud
761 2526 814 2567 nos,
823 2527 864 2583 ge·
897 2512 978 2574 siego
993 2509 1111 2559 dixerim:
1128 2510 1387 2575 espeiiss,pericnlum
1438 2510 1458 2549 ‘-

258 2611 260 2616 ,
306 2588 352 2635 gen
366 2576 440 2622 sieten
459 2574 518 2622 Ultr.
552 2576 646 2624 Roscius
664 2580 757 2626 oratus:
777 2584 865 2640 cogita,
897 2592 946 2632 am,
967 2590 1025 2622 num
1045 2573 1154 2624 satisfieri
1174 2574 1249 2640 possit
1264 2574 1313 2622 tuis
1329 2574 1457 2640 precibus5

308 2651 402 2684 serrum
420 2636 524 2701 aliquem
543 2639 642 2689 Horatio
657 2641 701 2688 sub
715 2640 768 2704 ejus
783 2639 808 2687 in
821 2639 864 2689 do·
898 2657 950 2697 nos,
962 2641 999 2688 tels
1009 2641 1059 2687 will
1070 2641 1174 2694 susslsn,
1186 2642 1212 2686 ot
1223 2655 1245 2686 es
1254 2640 1319 2702 geht.

308 2715 374 2747 mum
385 2701 528 2749 Maecenatis
543 2701 646 2751 adventu
655 2703 705 2766 jam
716 2705 811 2760 referre,
822 2705 865 2768 qui
929 2705 970 2754 40.
987 2704 1100 2766 Septimus
1116 2713 1202 2759 omues,
1217 2711 1274 2752 cett.
1287 2702 1387 2766 elegans
1402 2719 1456 2753 ver-

307 2763 427 2813 adluerint
444 2765 468 2812 in
486 2765 539 2829 ejus
556 2765 672 2822 absentia,
685 2766 864 2832 etquidpreci-
897 2785 939 2818 sus
965 2782 1007 2832 pro
1033 2767 1136 2830 vulgari,
1158 2767 1210 2832 jam
1231 2775 1286 2815 octo
1307 2767 1382 2815 ieme
1399 2768 1457 2816 anni

306 2828 353 2876 bus
376 2830 406 2877 ab
426 2844 454 2878 eo
473 2827 596 2895 impetrare
614 2829 739 2880 voluerint.
780 2833 866 2880 Puteal
897 2831 1042 2899 praeterlapsi
1053 2841 1126 2880 sunt:
1136 2833 1243 2896 jisgertt,
1259 2830 1306 2878 nisi
1320 2830 1400 2888 fallor,
1417 2832 1456 2880 lu·

308 2891 415 2958 (proprie
437 2893 503 2958 putei
525 2895 686 2968 operculum),
708 2909 799 2952 murus,
822 2896 864 2960 qui
897 2897 948 2961 git;
961 2911 1013 2951 nos,
1025 2913 1047 2943 es
1057 2897 1147 2946 maden
1157 2913 1207 2943 nae
1222 2895 1281 2942 uold
1293 2896 1389 2943 beinabe
1402 2898 1456 2944 acts

306 2964 404 3020 puteum
415 2957 518 3008 cinxisse
530 2958 630 3015 videtur,
641 2958 776 3006 informem
788 2959 863 3024 quad·
896 2963 969 3010 Jabrs
977 2961 1095 3024 oerflmun
1105 2975 1169 3022 seyr.

306 3021 360 3077 rati,
372 3023 410 3071 vel
422 3022 447 3071 in
465 3021 563 3072 tonnam
581 3023 663 3072 altaris
674 3030 816 3079 exstructus,
828 3024 864 3072 uti
929 3027 970 3073 42.
997 3025 1119 3071 marosas
1139 3026 1170 3070 od
1188 3023 1237 3078 loe,
1256 3039 1333 3086 paesi,
1349 3030 1408 3070 cett.
1427 3039 1457 3072 eo

303 3088 385 3148 puteal
397 3087 488 3136 Libonis
500 3087 525 3135 in
541 3087 644 3136 nummis
658 3101 796 3152 expressum
806 3102 864 3136 con·
897 3097 990 3137 tantum
1007 3086 1159 3143 consiliant
1175 3101 1251 3135 essem
1267 3101 1348 3150 quem,
1360 3086 1404 3134 iter
1420 3087 1456 3136 la·

306 3149 406 3200 eicitur
415 3151 477 3216 apud
487 3151 640 3199 Lsmbinum.
668 3151 864 3201 Fuemntautem
897 3152 972 3210 ciens,
991 3153 1062 3200 rheda
1079 3165 1161 3200 secum
1178 3152 1275 3205 tolleret,
1299 3149 1351 3198 sisa
1372 3166 1455 3214 quem,

333 3230 393 3262 orna
405 3215 429 3262 in
441 3216 491 3263 soro
505 3215 552 3263 duo
584 3214 680 3272 utealia,
692 3222 719 3262 ut
729 3214 800 3264 docet
810 3216 864 3264 Sal·
895 3232 951 3265 onm
970 3215 1043 3265 rheda
1062 3222 1145 3264 rectus
1162 3214 1207 3263 iter
1226 3214 1323 3270 laceret,
1342 3213 1456 3263 combam

306 3293 366 3327 mas.
376 3279 406 3327 ad
418 3279 494 3327 Solio.
507 3295 531 3344 p.
543 3281 558 3326 ll
575 3281 600 3334 2,
610 3278 709 3328 alterum
722 3277 746 3325 iu
758 3279 863 3338 Comitio,
895 3280 941 3329 sibi
952 3279 1109 3344 adjungeret5
1126 3277 1161 3326 sic
1174 3277 1238 3342 apud
1258 3277 1356 3326 Livium
1375 3278 1419 3335 xli,
1431 3281 1455 3335 ³,

307 3342 348 3389 ubi
355 3343 397 3405 jus
414 3341 510 3391 dicebat
521 3343 620 3399 Praetor,
632 3343 731 3392 alterum
744 3342 773 3391 ad
785 3361 865 3392 areum
894 3348 979 3407 equites
989 3343 1100 3392 dicuntur
1109 3345 1195 3405 pedites
1209 3345 1311 3404 inspires
1322 3358 1399 3390 naun
1410 3345 1455 3390 tel·

306 3405 445 3463 Fabianum,
463 3422 478 3454 a
494 3406 617 3456 Scribonio
635 3407 727 3456 Libone
738 3406 810 3470 jussu
826 3423 862 3457 se·
897 3410 951 3457 lere.

305 3477 377 3518 natus
393 3469 532 3526 excitatum,
547 3471 589 3520 ubi
605 3471 758 3520 foeneratores
776 3486 864 3521 caure·
929 3475 970 3523 ts.
987 3473 1037 3520 Hoc
1050 3487 1133 3534 genus,
1142 3469 1270 3535 ejusmodi,
1281 3470 1386 3534 exempli
1396 3485 1456 3519 cau·

306 3532 356 3581 nire
373 3541 397 3581 et
414 3532 494 3582 loenus
512 3551 619 3585 exercere
639 3536 761 3584 solebant:
789 3536 863 3586 Ovid.
896 3551 931 3586 sa.
974 3535 1047 3584 lbres
1066 3544 1098 3584 est
1117 3535 1216 3582 Gallina
1235 3536 1294 3597 Syre
1310 3537 1376 3596 per?
1398 3550 1459 3582 nun

304 3595 334 3646 de
346 3597 418 3669 Rem.
431 3597 487 3645 Am.
498 3600 543 3648 561
555 3616 561 3646 ε
584 3599 632 3648 vid.
643 3616 705 3664 quos
721 3599 806 3648 laudat
817 3602 861 3649 Er·
894 3600 1011 3663 gladiator
1023 3598 1237 3670 Gallinacarporis
1247 3597 1338 3645 viribus
1348 3606 1374 3646 et
1416 3597 1422 3606 '
1435 3598 1456 3636 '-

305 3668 364 3708 nest.
376 3676 400 3708 in
412 3661 482 3710 Clav.
496 3663 549 3712 Cic.
561 3679 581 3710 s.
593 3682 617 3712 v.
630 3664 771 3712 Puteal:ad
827 3674 862 3714 te-
894 3672 1048 3726 tateparest
1067 3663 1191 3727 gladiatori
1208 3663 1283 3726 Syro?
1315 3661 1391 3709 Plura
1444 3690 1456 3699 ·

304 3722 362 3780 rins,
383 3724 449 3789 quod
471 3726 513 3774 ins.
532 3727 610 3792 Epist.
625 3727 642 3784 i,
662 3730 699 3784 19,
721 3729 750 3776 lt
768 3728 862 3793 penius
894 3737 950 3776 runt
959 3727 1117 3792 gladiatorum
1162 3741 1227 3774 aera.
1266 3725 1362 3774 Threces
1374 3727 1456 3790 (θρῆ.

301 3791 383 3860 putent
395 3789 487 3838 Libonis
496 3790 591 3848 dicitur,
603 3791 706 3856 respexit
714 3791 765 3856 jam
781 3794 860 3841 Hora·
893 3795 955 3850 sec),
975 3792 1007 3840 ab
1026 3791 1099 3839 armis
1116 3791 1137 3838 T
1154 3789 1225 3840 raciis
1241 3789 1275 3837 ita
1293 3788 1370 3846 dicti,
1387 3790 1455 3836 Sors·

304 3860 360 3910 trus,
381 3852 422 3902 ubi
441 3854 530 3904 Roscio
547 3855 572 3902 in
591 3871 615 3904 re
632 3855 768 3920 pecuniaria
778 3856 861 3906 adesse
892 3859 960 3913 sites,
984 3856 1015 3903 ab
1037 3863 1157 3903 armatum
1179 3852 1326 3910 Samnitica;
1349 3853 1457 3901 Mamu-

304 3915 416 3966 debebst.
894 3921 962 3976 lona,
985 3921 1016 3968 ab
1042 3917 1131 3982 insigni
1153 3917 1226 3983 piscis
1247 3915 1375 3981 cujusdam
1398 3918 1456 3980 (eui

336 3983 377 4031 36.
395 3983 431 4030 De
447 4000 474 4032 re
490 3986 609 4040 communi,
625 3983 655 4032 ad
672 3999 753 4033 omnes
770 3982 861 4033 scribas
893 3999 981 4033 nomen
1003 3982 1049 4031 luit
1075 3983 1200 4048 μόρμυρος
1226 3981 1265 4030 vel
1366 3981 1455 4046 pista),

335 4045 445 4096 nitente.
481 4048 584 4103 Reverti,
597 4063 632 4096 sc.
644 4047 669 4094 in
680 4047 791 4096 decurias
801 4049 860 4097 acri-
893 4046 1102 4158 cnjusimagipem
1117 4046 1232 4110 gerebant
1247 4045 1371 4115 ingaeae
1394 4045 1455 4094 Jam

320 4126 395 4167 arum,
408 4119 435 4158 ut
445 4126 571 4160 commune
581 4126 637 4159 cum
648 4111 678 4159 iis
693 4115 721 4160 de
736 4128 761 4159 re
775 4129 861 4175 magno
892 4127 1013 4160 varocum
1061 4127 1121 4158 reses
1133 4109 1253 4176 precipue
1262 4123 1373 4173 componi
1388 4108 1454 4156 sole·

301 4185 325 4223 et
336 4191 392 4222 nona
404 4175 532 4222 consilium
542 4190 647 4239 caperes.
672 4175 786 4225 Horatius
796 4176 860 4225 enim
892 4185 1010 4224 rentcnm
1022 4171 1454 4238 Mimillonttas,Syrasluisseside·

302 4239 353 4288 ise
382 4237 427 4286 luit
445 4241 529 4294 scriba,
552 4238 690 4301 etquidem
712 4240 861 4292 Qimtom'as.
893 4249 931 4288 tur
940 4240 1065 4288 Mimillo.

302 4255 611 4352 dehonestatem-iterum
620 4304 860 4364 pollicereminde·
926 4307 967 4353 45.
993 4304 1083 4351 Parnm
1104 4312 1196 4351 centos:
1217 4301 1260 4364 qui
1278 4307 1362 4349 contra
1377 4299 1455 4363 frigam

301 4368 380 4416 curias
411 4366 590 4434 descriptorum,
618 4374 643 4415 et
670 4368 801 4416 mercedem
829 4385 858 4417 es
890 4384 940 4417 non
959 4375 1025 4417 veste
1044 4367 1157 4415 crassiore
1175 4381 1201 4415 se
1220 4363 1306 4420 munit,
1326 4363 1348 4411 is
1367 4379 1455 4428 parum

302 4433 384 4543 ἔῃῐίο
395 4431 571 4542 αςοέρίᾳὶιὶἰυιιι,
581 4429 630 4480 vid.
642 4431 737 4480 Erneat.
749 4431 773 4479 in
786 4433 857 4484 Clav.
890 4432 935 4544 pibi
954 4439 1031 4544 capet.
1065 4431 1190 4543 Mordent.-
1207 4431 1322 4541 nsprdere¹3
1337 4436 1453 4542 ”insidit

325 4511 421 4544 ic.s.v.
449 4511 521 4545 crte.
901 4513 950 4554 um,
971 4513 987 4544 u
1015 4512 1120 4552 urerer
1137 4511 1213 4550 orere,
1245 4508 1391 4544 eveemn
