3150 5200
733 337 960 402 EPODON

680 623 888 689 CARMEN
911 623 1009 687 VIII.

447 811 593 876 Roonnu
608 813 705 897 longo
720 812 869 896 putidam
885 821 918 874 te
934 809 1064 886 saeculo,

572 913 671 977 Vires
687 913 766 996 quid
781 923 914 977 enervet
928 915 1042 974 meast

443 1014 555 1086 Quum
571 1016 613 1078 sit
627 1016 686 1079 tibi
702 1015 783 1078 dens
799 1024 880 1090 ater,
895 1023 930 1076 et
944 1014 1034 1096 rugis
1051 1024 1143 1077 vetus

572 1117 726 1181 Frontem
743 1127 894 1179 senectus
908 1127 1032 1190 exaret,

390 1218 410 1278 5
444 1217 588 1302 Hietque
605 1219 709 1301 turpis
724 1219 810 1281 inter
824 1216 932 1280 aridas
948 1226 1040 1278 nates

572 1319 699 1394 Podex,
716 1317 805 1382 velut
819 1317 930 1380 crudae
944 1318 1049 1380 bovis.

443 1421 509 1484 Sed
525 1422 638 1486 incitat
653 1443 703 1484 me
717 1429 845 1503 pectus,
860 1430 894 1481 et
908 1439 1054 1481 mammae
1067 1428 1191 1500 putres,

571 1521 703 1604 Equina
718 1520 831 1603 quales
846 1521 969 1597 ubera;

443 1623 632 1706 Venterque
649 1622 763 1698 mollis,
780 1632 814 1685 et
829 1620 934 1685 femur
949 1621 1147 1685 tumentibus

382 1727 420 1786 ll)
572 1724 670 1788 Exile
686 1725 770 1787 suris
786 1722 945 1786 additum.

442 1825 527 1890 Esto
541 1827 649 1901 beata,
666 1824 763 1888 funus
778 1834 877 1908 etque
891 1822 1048 1907 Imagines

570 1927 703 1990 Ducant
718 1924 950 2008 Triumphales
966 1937 1074 2001 tuum3

442 2027 515 2092 Neo
531 2028 573 2090 sit
588 2029 712 2104 marita,
730 2049 804 2111 quae
819 2026 1064 2090 rotundioribus

571 2127 701 2193 Onusta
716 2129 825 2193 baccis
840 2127 1001 2204 ambulet3

248 2248 324 2319 ι160,
344 2267 435 2326 quando
455 2267 513 2312 leoni
536 2265 627 2313 For-tior
645 2267 732 2325 eripuit
754 2265 826 2334 vitum
858 2267 907 2308 trun
926 2259 1001 2308 dedit.
1018 2262 1097 2334 'Qun
1116 2259 1211 2334 quidem
1232 2258 1347 2332 protervia
1364 2259 1421 2333 licet

268 2328 317 2374 leo?
333 2328 375 2375 ubi
393 2328 417 2375 in
434 2328 585 2383 sententiam,
603 2328 664 2376 leros
681 2343 729 2375 non
744 2341 826 2375 sevire
859 2324 974 2372 lectorum
986 2341 1081 2388 curque,
1093 2341 1136 2398 qur
1153 2339 1201 2371 nou
1214 2337 1278 2370 omui
1289 2321 1421 2371 honestans

267 2391 292 2438 iu
304 2392 341 2438 sui
352 2392 445 2454 generis
457 2391 526 2447 lerss,
539 2391 608 2456 plure
624 2392 734 2456 exemplo
745 2390 827 2439 attulit
859 2404 930 2438 sensu
948 2388 1077 2437 destitutus
1092 2396 1132 2443 srt,
1143 2386 1271 2451 displicere
1284 2387 1383 2435 omniuo
1396 2398 1423 2436 et

268 2453 308 2502 Cl.
318 2455 430 2518 Ruperti.
858 2467 971 2502 nauseam
981 2467 1061 2502 creste
1069 2450 1263 2509 debent5erdem
1271 2458 1353 2499 tamen
1361 2460 1420 2499 ets·

302 2519 406 2565 13-16.
440 2518 479 2564 Vis
506 2521 591 2572 acrior,
613 2518 736 2576 divinitus,
760 2517 828 2566 velut
858 2517 959 2580 tis‚qus
975 2517 1020 2565 hoc
1035 2515 1257 2580 carmenscriptum
1267 2514 1421 2571 sustinentia

267 2594 338 2637 noxe,
355 2579 462 2629 immissa
482 2581 568 2631 mentis
587 2582 700 2643 ceritum
722 2580 827 2645 θεοβλά-
859 2589 883 2630 et
902 2580 999 2645 ingenio
1023 2580 1131 2630 excusari
1152 2577 1329 2645 quodammodo
1351 2595 1421 2644 posse

264 2643 329 2704 βιια.
371 2646 447 2707 Culpa
469 2646 555 2708 (ἄτη),
574 2646 662 2695 delicto
681 2656 705 2695 et
727 2646 826 2701 scelera,
859 2645 959 2695 videtur.
1002 2646 1113 2695 Fortasse
1133 2659 1228 2757 quospue
1250 2643 1323 2691 totius
1346 2643 1422 2708 liujus

266 2724 321 2770 quus
331 2717 465 2773 perpetratu
476 2724 491 2757 a
501 2708 634 2772 majoribus
649 2720 746 2775 nepotes
759 2710 826 2758 luere
858 2710 970 2759 culminis
979 2710 1104 2773 spurcities
1116 2709 1191 2758 Archi
1201 2707 1262 2756 ocho
1273 2708 1311 2755 vel
1323 2707 1365 2755 ulii
1376 2724 1419 2773 po·

265 2779 290 2819 et
305 2772 398 2836 expiare
415 2773 518 2821 debent:
538 2772 570 2822 cl.
586 2772 621 2829 iii,
634 2776 659 2829 6,
673 2776 695 2821 l.
730 2773 824 2830 l'aoent,
857 2782 903 2821 etur
915 2775 1012 2828 Greco,
1024 2789 1096 2837 quem
1108 2773 1223 2822 Horatius
1238 2771 1363 2837 expressit,
1376 2772 1417 2820 tri·

266 2836 368 2883 tacendo
379 2844 481 2885 mentem
493 2852 561 2885 suem
573 2838 690 2901 aperiunt,
699 2845 723 2885 et
735 2852 759 2884 se
769 2837 823 2885 cul·
857 2837 952 2886 buendu
962 2846 1008 2887 est.
1043 2837 1123 2901 Fingit
1134 2846 1215 2911 putem
1225 2846 1304 2900 poete,
1312 2836 1419 2884 vetulum

265 2914 302 2961 pae
313 2901 429 2950 obnoxios
441 2901 551 2949 latentur.
581 2901 635 2950 Cic.
648 2902 672 2949 in
685 2900 786 2956 Cutil.i,
799 2902 824 2958 8,
856 2900 963 2965 aliquam
979 2918 1009 2951 ex
1027 2918 1053 2950 se
1066 2902 1213 2966 qumsrvisse,
1225 2899 1284 2963 quid
1300 2900 1342 2955 sit,
1353 2901 1419 2963 quod
1483 2908 1492 2923 ·

266 2962 330 3015 Qum
341 2974 382 3019 est,
393 2966 513 3013 Catilina?
528 2968 607 3028 ecquid
616 2968 729 3012 attendis?
744 2966 824 3027 ecquid
857 2964 888 3012 ud
899 2966 1023 3015 libIdIuem
1037 2981 1119 3015 secum
1133 2964 1289 3013 exercendum
1304 2964 1420 3024 languere

264 3030 428 3077 uniundoertit
444 3031 524 3077 borum
539 3031 674 3077 silentium?
688 3031 823 3091 potiuntur,
857 3044 922 3077 nunc
933 3038 958 3077 et
967 3038 1060 3095 torpere
1070 3029 1188 3094 incipietl
1221 3028 1362 3101 Respondet
1372 3028 1418 3091 igi·

264 3100 349 3141 torem.
381 3092 488 3156 Stupent,
507 3092 666 3157 significanter
685 3108 727 3157 pro
747 3092 823 3146 tenui,
857 3099 895 3140 tur
904 3094 927 3142 oi
938 3094 964 3141 in
975 3094 1020 3143 boc
1032 3094 1144 3149 carmide,
1157 3102 1183 3142 et
1192 3101 1293 3158 torporis
1308 3092 1346 3141 rui
1358 3106 1417 3141 ouu-

265 3164 330 3204 sunt.
856 3171 904 3212 sss,
917 3158 948 3205 ub
959 3158 1017 3207 suili
1027 3158 1082 3223 ejus
1092 3156 1237 3221 turpitudine
1245 3156 1340 3223 petius,
1347 3164 1417 3221 petu-

300 3221 403 3268 17-20.
421 3221 531 3270 Ilmnanos
545 3232 629 3285 agunt,
641 3229 726 3284 urgent
736 3229 761 3269 et
772 3236 823 3286 pre-
857 3220 934 3269 lenter
943 3222 1027 3286 sperit.

264 3294 343 3332 munt.
381 3284 500 3349 Scelusqne
516 3285 633 3350 fraterno
656 3284 825 3339 revincemus
892 3287 962 3334 146.
980 3286 1073 3351 Rogare
1089 3287 1271 3350 longopotidorr
1288 3285 1416 3339 lacteolo,

282 3348 328 3395 uod
339 3348 458 3397 Romulus
473 3349 550 3397 fratris
564 3348 601 3396 sui
616 3348 681 3397 cede
696 3348 822 3397 commisit.
855 3357 911 3397 oett.
922 3365 1006 3398 seusus
1019 3358 1045 3399 et
1058 3365 1147 3399 nexus:
1165 3358 1233 3405 mne,
1244 3348 1318 3422 cujus
1330 3362 1418 3412 corpus

290 3421 298 3457 t
313 3414 450 3460 immerentis
453 3414 529 3477 fluuit
540 3415 565 3458 ln
577 3422 663 3459 terram
677 3413 742 3460 Remi
754 3413 824 3461 Socer
855 3411 927 3475 longa
946 3428 1062 3462 unnomm
1080 3412 1214 3477 deturpevit
1235 3426 1316 3465 sene.
1338 3426 1417 3474 ΙΨ,

264 3478 382 3536 nepotibus
399 3494 477 3531 moos,
497 3484 621 3541 postquem
640 3476 737 3540 sanguis
754 3476 823 3525 iuno·
855 3492 899 3525 cur
914 3476 945 3524 ed
962 3493 1013 3525 rem
1033 3486 1113 3526 tecum
1127 3476 1264 3525 habendum
1279 3476 1349 3524 nulla
1365 3490 1417 3523 uur-

263 3539 339 3587 centis
359 3540 430 3589 Remi
452 3540 478 3588 iu
500 3548 586 3588 terram
609 3541 678 3588 fluxit
697 3540 824 3605 nepotibus
856 3539 919 3604 plius
938 3542 1046 3590 stimulet
1064 3541 1181 3589 libidine!
1202 3540 1271 3605 quusi
1290 3539 1316 3588 id
1334 3554 1417 3603 rogare

261 3618 332 3659 soen,
353 3603 378 3651 b.
402 3620 423 3652 e.
446 3603 589 3679 expiandus,
613 3604 670 3661 sive,
697 3613 822 3669 postquam
855 3620 915 3669 opus
925 3605 965 3660 sit,
978 3622 1034 3653 cum
1042 3608 1075 3654 sit
1085 3605 1130 3653 tibi
1141 3605 1200 3653 dens
1212 3612 1270 3659 uter,
1282 3611 1341 3652 cett.
1368 3604 1416 3651 llo-

263 3664 384 3717 Romulns
402 3668 555 3733 parricidium
574 3669 701 3733 nepotibus
723 3668 822 3733 expiau·
853 3686 912 3732 gare
928 3678 965 3716 te:
984 3670 1087 3742 plenius,
1102 3668 1183 3718 fierine
1199 3676 1277 3732 potest
1293 3677 1320 3716 ut
1338 3682 1415 3730 roges,

262 3728 320 3777 duur
340 3732 493 3805 perpetravit.
532 3732 604 3781 Bella
624 3732 704 3781 civilia
723 3734 754 3781 ub
777 3733 822 3782 boc
854 3732 893 3780 vel
914 3732 1054 3797 simpliciter
1071 3748 1123 3798 pro,
1144 3735 1260 3796 rogusuel
1280 3740 1309 3779 ut
1327 3731 1415 3797 passim
1443 3784 1449 3794 ι

280 3793 733 3863 unicidio,tanuamprimsltomunae
745 3797 823 3860 gentis
854 3797 1051 3861 upudComicos.
1084 3795 1415 3861 magomupmmmn

262 3808 326 3915 iube,
338 3860 423 3925 repetit
435 3875 530 3925 quoque
546 3862 660 3910 Lucanus
675 3860 692 3917 i,
704 3863 745 3916 95,
759 3861 820 3908 Fra·
854 3861 938 3922 grandi
943 3860 995 3925 jem
1007 3870 1084 3916 etate,
1094 3877 1149 3925 quie
1157 3860 1292 3924 importuna
1303 3868 1328 3908 et
1337 3858 1417 3908 invite

262 3933 326 3971 terno
335 3926 405 3987 prs'mr'
413 3928 552 3973 maduerunt
561 3930 673 3991 sanguine
684 3928 754 3975 muri.
774 3924 822 3973 Sed
852 3933 889 3972 est
903 3925 1056 3982 amatoribus,
1069 3925 1233 3981 constitutam,
1244 3933 1336 3987 turpem
1347 3931 1415 3972 retu·

264 3987 380 4051 Virgilius
397 3989 459 4038 Geo.
475 3990 491 4045 i,
509 3991 567 4046 502,
585 3990 700 4055 mujomm
722 3989 820 4046 scelere,
854 3989 911 4037 lam.
951 3988 1042 4038 Similis
1063 4004 1160 4038 sonore
1179 3988 1268 4037 vetule
1289 3986 1417 4051 duonptio

263 4052 441 4165 nepotibrzopetr'
450 4054 516 4127 bellu¹
524 4053 605 4166 ciuili}
614 4053 740 4167 erpipnds,
749 4054 822 4102 altius
853 4063 890 4129 est
901 4054 927 4102 iu
939 4054 1131 4166 Ιὲήιροίεὺοιὲιιω.
1142 4052 1192 4164 bip,
1207 4053 1329 4164 Ιὲῠθοζιπὶι
1342 4060 1416 4164 π

262 4131 277 4164 e
310 4131 362 4165 eom
408 4134 456 4165 nis
519 4133 576 4166 unrs
603 4133 666 4167 enus
853 4134 899 4166 mr
921 4134 948 4167 oe
1000 4134 1028 4164 us
1100 4135 1148 4175 um,
1189 4134 1220 4164 ur
1315 4132 1350 4177 pu
1375 4133 1382 4161 r

468 4134 515 4183 per]
845 4181 918 4247 fucta
934 4134 1082 4231 uuebqlorum:
1103 4181 1137 4229 cl.
1154 4180 1256 4229 Mitscb.
1292 4178 1362 4227 Vetus
1379 4194 1415 4227 se-

418 4244 571 4294 CARMEN
590 4248 667 4295 VIII.
852 4256 940 4301 metus,
953 4255 981 4295 ut
995 4256 1079 4295 cetera
1094 4262 1155 4293 senes
1171 4245 1236 4309 apud
1245 4242 1338 4292 Tibull.
1354 4242 1371 4297 i,
1388 4244 1414 4297 tl,

294 4312 325 4358 In
346 4312 415 4359 nullo
432 4310 536 4375 cunulae
558 4310 634 4371 magis
655 4310 775 4376 pudicitie
798 4319 822 4359 et
853 4312 896 4360 50.
928 4311 1213 4375 frontemrugiretnrst:
1229 4307 1340 4369 etvirg.
1353 4308 1415 4356 AEu.

260 4375 391 4424 honestatis
399 4375 464 4439 leges
475 4374 687 4437 migrassevidetur
696 4376 818 4430 Horatius,
852 4374 894 4430 rii,
907 4376 963 4424 417.
998 4372 1373 4439 Cnidae,quiucmdusetecero
1389 4370 1414 4419 iu

261 4454 332 4501 quun
347 4440 372 4487 in
388 4440 441 4495 hoc,
453 4438 495 4487 ubi
508 4447 600 4503 turpem
613 4438 746 4487 libidinose
759 4454 820 4487 auus
851 4440 938 4488 mrcn's
957 4440 1041 4497 bobus,
1052 4440 1173 4505 precipue
1188 4436 1250 4487 inter
1265 4445 1342 4493 uates,
1353 4450 1414 4483 cou-

261 4502 357 4551 lormam
373 4504 483 4568 pudenda
498 4503 569 4568 plane
584 4502 699 4567 protervia
714 4503 818 4567 descrip-
852 4504 959 4567 spicitur.
