3150 5200
587 357 750 425 LIBER
773 360 818 439 11,
843 363 873 425 5.

245 507 324 571 Non
339 508 417 571 satis
432 517 483 571 est
499 506 644 574 Ithacam
658 511 779 589 revehi,
796 513 985 597 patriosque
1000 529 1133 601 penates

190 609 212 670 5
245 608 451 692 Adspiceret
496 608 529 671 Ο
545 610 624 675 nulli
639 613 818 697 quidquam
831 617 974 692 mentite,
990 619 1081 683 vides
1096 632 1134 683 ut

244 710 366 774 Nudus
381 711 541 793 inopsque
557 711 687 776 domum
701 715 844 792 redeam,
860 727 893 780 te
907 729 992 795 vate,
1008 742 1115 802 neque
1129 720 1193 785 illic

244 810 314 874 Aut
329 810 490 895 apotheca
505 812 613 896 procis
628 814 749 879 intacta
764 828 826 891 est,
841 829 899 881 aut
913 841 1032 901 pecus;
1056 823 1147 905 atqui

245 911 291 975 Et
305 934 421 995 genus,
436 921 470 975 et
485 913 598 991 virtus,
615 916 676 978 nisi
693 938 765 980 cum
779 940 826 993 re,
844 918 937 983 vilior
951 920 1025 1005 alga
1039 934 1100 986 est.

245 1012 388 1085 Quando
402 1015 601 1097 pauperiem,
618 1017 724 1079 missis
740 1020 943 1103 ambagibus,
959 1020 1086 1099 horres,

182 1115 222 1176 10
244 1112 379 1199 Accipe,
396 1138 461 1197 qua
475 1116 599 1180 ratione
613 1139 716 1199 queas
731 1118 902 1185 ditescere.
949 1121 1095 1200 Turdus,

244 1215 319 1280 Sive
335 1216 424 1280 aliud
438 1218 564 1300 privum
579 1217 711 1282 dabitur
727 1220 798 1296 tibi,
814 1221 944 1286 devolet
958 1223 1045 1299 illuc,

244 1316 313 1381 Res
330 1319 386 1381 ubi
401 1340 517 1401 magna
531 1318 623 1394 nitet,
640 1320 770 1385 domino
786 1344 881 1400 sene;
904 1324 1013 1389 dulcia
1026 1349 1133 1410 poma,

244 1418 291 1482 Et
306 1441 518 1503 quoscunque
533 1420 616 1483 feret
631 1421 738 1485 cultus
754 1424 813 1486 tibi
829 1423 950 1488 fundus
965 1426 1117 1504 honores,

243 1517 331 1584 Ante
349 1520 466 1585 Larem
482 1531 592 1604 gustet
606 1523 821 1587 venerabilior
837 1523 924 1589 Lare
940 1527 1049 1606 dives3

182 1620 221 1684 15
243 1621 322 1698 Qui,
336 1624 481 1705 quamvis
496 1623 647 1705 perjurus
662 1625 734 1699 erit,
752 1626 821 1689 sine
836 1638 945 1709 gente,
964 1641 1118 1694 cruentus

244 1722 409 1809 Sanguine
424 1724 579 1799 iratemo,
595 1722 769 1808 fugitivum
794 1749 836 1790 ne
851 1739 959 1792 tamen
974 1729 1020 1793 ilii

241 1824 296 1889 Tu
312 1846 419 1889 comes
435 1826 587 1901 exterior,
603 1826 630 1888 si
645 1826 799 1910 postulet,
812 1827 859 1893 ire
875 1850 1017 1895 recuses.

244 1925 332 1991 Utne
346 1937 452 2010 tegam
468 1950 587 2011 spurco
603 1927 718 1991 Damae
733 1927 840 2017 lotus?
863 1930 953 1994 haud
968 1933 1013 1995 ita
1027 1932 1139 2017 Trojae

242 2027 300 2092 Me
315 2030 414 2113 gessi,
430 2040 558 2093 cenans
575 2051 701 2113 semper
716 2030 914 2095 melioribus.
962 2032 1054 2117 Ergo

176 2130 220 2191 20
242 2129 374 2215 Pauper
388 2133 463 2196 eris.
509 2132 641 2195 Fortem
655 2130 719 2195 hoc
734 2134 873 2195 animum
890 2132 1028 2197 tolerare
1038 2134 1180 2217 jubebo:

244 2230 291 2295 Et
306 2235 469 2316 quondam
483 2234 607 2317 majora
620 2233 690 2297 tuli.
737 2228 794 2298 Tu
807 2236 967 2317 protinuS,
985 2237 1071 2300 unde
1125 2226 1130 2237 ’

242 2333 383 2399 Divitias
399 2338 538 2421 terisque
552 2358 654 2411 ruam,
671 2336 724 2400 dic
740 2358 857 2419 augur,
872 2359 1015 2401 acervos.

243 2434 324 2500 Dixi
339 2437 501 2521 equidem,
517 2448 551 2503 et
566 2438 651 2501 dieo.
698 2435 820 2519 Captes
837 2448 966 2501 astutus
981 2440 1102 2522 ubique

154 2584 246 2642 modos,
255 2586 343 2653 quibus
354 2586 454 2636 amism
464 2603 501 2636 res
512 2603 618 2653 reparare
629 2586 712 2652 possit,
746 2586 849 2644 Devolst,
873 2588 1051 2640 accommodata
1072 2589 1102 2639 ad
1124 2590 1214 2640 alatum
1236 2591 1306 2658 quasi

152 2650 245 2700 discere
266 2653 341 2717 cupit,
365 2651 415 2717 ipsa
437 2652 543 2700 omniurn
565 2651 714 2700 fallaciarum
745 2667 834 2700 munus
848 2656 924 2702 turdi.

153 2715 319 2790 peritissimus.
333 2779 338 2789 ·
352 2717 434 2790 Doloso
449 2717 569 2788 eleganter
580 2725 605 2765 et
614 2715 715 2778 graviter
781 2717 821 2764 13
827 2715 946 2789 ¹Honores,
955 2718 1046 2793 fructus
1053 2719 1205 2794 insigniores,
1214 2719 1307 2769 scilicet

153 2780 603 2910 tit,‘itii'ttt'mittttttt
616 2781 714 2894 ‘litt
745 2781 1305 2912 matututtt¹tldtitltn

154 2907 260 2958 lionam
276 2909 302 2958 in
320 2907 395 2973 primo
411 2909 492 2958 statim
508 2925 577 2958 versu
598 2910 713 2975 odyssea
745 2907 840 2958 edomo
850 2909 901 2958 heri
912 2911 1015 2975 aufugit.

153 2981 260 3022 vocatur.
780 2974 819 3022 17.
830 2973 1305 3034 lili-merim,asinistroilliuslatem

186 3037 212 3085 6.
230 3037 261 3085 Ts
279 3047 339 3094 onte,
357 3045 385 3085 ut
402 3047 427 3086 tu
446 3039 497 3104 ipsa
512 3035 656 3086 vaticinatus
671 3051 712 3088 es:
745 3040 852 3092 erters'or,
864 3038 933 3101 qussi
942 3039 1006 3087 adsit
1018 3039 1050 3088 ad
1060 3039 1232 3088 defendendum
1244 3039 1306 3088 inte·

155 3100 254 3150 Homer.
263 3101 350 3166 Odyss.
361 3101 394 3158 si,
409 3104 518 3178 llOsqq.
746 3099 839 3156 riorem,
862 3102 933 3166 cujus
958 3102 1081 3152 sinistrum
1103 3104 1164 3151 latus
1186 3104 1245 3165 tegit
1268 3103 1307 3152 val

188 3165 213 3212 7.
230 3167 352 3227 Apotheca,
365 3167 428 3216 calls
438 3167 537 3222 vinens,
553 3165 578 3214 in
595 3182 623 3214 su
654 3165 715 3216 riors
746 3167 844 3220 clauda,
858 3169 967 3215 interiora
977 3176 1014 3215 est
1027 3166 1137 3224 inleri0r;
1154 3167 1213 3222 sire,
1225 3166 1246 3214 is
1264 3166 1306 3230 qui

154 3228 242 3278 edium
268 3239 342 3294 parte,
366 3231 441 3286 inmo,
463 3247 511 3295 quo
537 3238 715 3280 contrectetur
746 3227 766 3278 it
774 3232 882 3286 exterior,
892 3234 1025 3280 interiorem
1040 3231 1087 3279 sibi
1097 3231 1136 3279 vai
1155 3230 1305 3288 auctoritate,

153 3291 210 3342 rino
227 3294 359 3350 maturitas,
373 3296 468 3361 perria;
484 3296 541 3343 hinc
559 3295 614 3344 cadi
624 3295 715 3360 sumai
746 3294 783 3341 rel
795 3293 919 3357 dignitate,
932 3295 971 3343 val
981 3296 1069 3344 honora
1078 3293 1175 3351 anteire,
1187 3294 1304 3343 ostendit:

155 3357 254 3406 Falerni
265 3358 328 3424 apud
339 3360 431 3408 Tiburi.
442 3359 469 3414 ii,
482 3360 559 3415 1,37.
748 3357 831 3406 Schol.
854 3359 923 3416 Acr„
942 3362 1049 3416 esterior,
1067 3361 1204 3415 sinisterior,
1222 3361 1249 3406 in
1274 3362 1305 3407 si-

188 3423 212 3469 3.
231 3422 261 3470 Er
280 3439 363 3487 genus,
381 3433 402 3471 rt
419 3426 503 3478 virtus,
516 3425 560 3470 nisi
572 3440 624 3472 curn
633 3440 666 3478 rs,
679 3439 715 3471 sc.
748 3425 823 3470 nistra
834 3432 900 3484 parts
910 3426 1004 3485 positia.

155 3484 285 3546 lsnrilirri,
303 3487 358 3535 hinc
370 3503 423 3552 sup.
435 3489 484 3536 Sat
497 3487 523 3544 ii,
533 3489 557 3545 3,
569 3490 610 3542 95,
635 3488 714 3536 Omnis
781 3487 822 3534 13.
842 3487 903 3534 Urna
921 3498 1005 3552 regam,
1023 3495 1081 3536 cett.
1099 3497 1156 3536 tune
1173 3503 1211 3536 me
1231 3490 1307 3550 (artr-

151 3551 265 3608 ersinsrer,
279 3551 366 3607 Virtus,
390 3552 712 3608 arna,dsrus,dioinolrumo-
745 3550 846 3612 fimens)
868 3550 988 3599 sinistrum
1012 3551 1075 3600 latus
1097 3550 1177 3615 spurci
1202 3551 1307 3616 alicujus

152 3631 232 3726 nutris}¹
236 3616 340 3676 pulchris
377 3619 551 3728 ἱρὶῑῖῥιρατξηῑ.
576 3615 714 3726 (ll'iliornllgo
746 3613 1054 3728 hpmi‘pris,cugesscpvoauta
1064 3631 1151 3665 noman
1162 3617 1242 3664 Darsa
1253 3615 1307 3671 tuit,

152 3694 195 3726 er.
260 3699 284 3734 n,
308 3694 567 3728 roverrarocurone
592 3695 715 3727 arevrrs-
748 3693 895 3728 cauereu
948 3715 953 3726 .

152 3679 716 3807 sima:initiarunt,stfflrqjecuviuoratga.
786 3744 822 3790 19.
850 3695 995 3799 dlsiioriius,
1025 3759 1064 3793 me
1094 3741 1325 3810 praestantioribus,-

189 3807 228 3854 ll.
240 3807 290 3855 Sive
302 3809 378 3863 aliud,
389 3817 446 3857 cett.
462 3807 499 3857 vei
510 3807 530 3854 si
543 3807 586 3855 tibi
597 3814 634 3856 est
650 3808 717 3856 aliud
749 3806 893 3861 fortioribus,
905 3816 934 3855 ut
943 3806 1049 3864 Achille,
1061 3808 1147 3872 ajace.

151 3869 268 3935 quiddam
284 3876 386 3934 prinum,
401 3871 530 3938 peculiare,
543 3870 673 3934 singulare,
684 3871 714 3920 de
778 3871 820 3918 31.
840 3871 870 3918 Et
888 3873 1001 3934 quondm
1024 3877 1112 3932 majora
1128 3873 1187 3919 tuli:
1210 3871 1308 3919 Homer.

152 3948 182 3982 so
197 3935 261 3999 quod
276 3935 348 3984 alicui
360 3945 396 3984 est
407 3936 535 4002 proprium,
546 3935 610 3999 quod
628 3936 714 4000 aliquis
747 3934 837 3998 Odyss.
854 3951 879 3990 v,
899 3937 957 3992 333,
975 3935 1019 3983 ubi
1045 3937 1155 3999 Ulyssem
1174 3931 1238 3992 ’sta
1259 3934 1309 3997 γὰρ

152 4013 202 4062 pne
212 3999 267 4047 aliis
280 4000 368 4057 habet:
385 4016 441 4065 ergo
453 3999 543 4064 aliquid
554 3999 607 4055 ran',
621 4004 678 4062 (nos
688 3999 714 4048 in
746 3999 816 4064 μάλα
836 3997 911 4048 πόλλ’
929 3999 1026 4047 ἔπαθον
1043 4003 1085 4047 καὶ
1103 3996 1177 4047 πόλλ’
1197 3996 1309 4061 ἐμόγησα

153 4062 203 4110 rita
215 4063 336 4111 communi
348 4065 425 4114 dicere
444 4066 556 4122 solemus,
573 4074 639 4111 etuas
656 4067 714 4112 cleli-
747 4063 899 4125 Κύμασικαὲ
911 4061 1020 4126 πολέμῳ.

153 4128 224 4183 kaus.
248 4130 389 4188 tuondrrn)
412 4131 483 4194 quale
506 4145 548 4194 pro
570 4128 714 4176 munusculo
778 4129 820 4175 33.
839 4129 923 4182 Rarum,
947 4143 1037 4181 eruam,
1057 4124 1177 4180 effodiam,
1199 4132 1308 4188 respectu

152 4191 238 4239 amicis
257 4192 319 4240 mitti
345 4193 413 4248 solet,
437 4204 465 4242 ut
488 4197 581 4248 turdus,
609 4193 651 4256 qui
684 4191 714 4240 ad
747 4191 828 4240 habito
857 4190 904 4238 loci
930 4191 972 4238 ubi
992 4205 1086 4248 aurum,
1107 4197 1241 4252 argentum,
1262 4203 1310 4235 aera

152 4256 252 4304 rariores
262 4272 330 4306 escas
341 4257 450 4322 pertinet,
460 4266 492 4314 et,
505 4274 560 4322 qure
572 4265 713 4320 sequuntur,
747 4255 831 4311 latent,
842 4256 887 4303 sub
898 4263 959 4304 terra
969 4254 1069 4310 scilicet,
1079 4253 1143 4302 unda
1150 4252 1241 4325 ‚debent
1248 4255 1309 4309 erui,

153 4319 275 4369 fructum
299 4320 323 4368 in
348 4319 422 4370 hortis
443 4322 524 4370 lundis
542 4337 572 4370 ua
595 4321 713 4386 primitie.
745 4319 834 4379 effodi3
850 4319 884 4367 ita
901 4318 1078 4384 dornomiam
1095 4317 1309 4382 significanterpro

131 4384 246 4448 ,Eodem
274 4385 369 4434 redita
394 4388 501 4436 Gesnero
522 4339 621 4434 defensa
644 4385 715 4434 lectio
747 4384 851 4447 vulgari,
863 4335 922 4432 mliii
930 4399 1020 4449 parem,
1028 4383 1311 4446 colligammuacewos

150 4451 262 4510 primum,
275 4465 331 4513 quas
343 4459 430 4499 nostras
443 4450 551 4499 lectionis
562 4449 716 4498 videturesse
747 4466 825 4505 nram,
843 4465 876 4498 es
911 4447 1052 4514 pecuniam)
1072 4461 1207 4495 coacervem
1218 4464 1225 4504 3
1242 4461 1311 4493 ruere

153 4511 324 4579 interpretatio.
354 4515 458 4564 Dabitur·
469 4517 521 4572 titi,
531 4513 575 4562 tibi
586 4513 715 4579 continget.
724 4579 740 4627 d
748 4529 791 4626 pro
808 4531 888 4562 eruere
906 4513 994 4578 possim
1006 4530 1011 4560 ι
1030 4511 1110 4561 Lucil.
1122 4509 1186 4578 apud
1198 4510 1264 4559 Non.
1277 4510 1310 4568 iv,

696 4595 711 4626 o
