3150 5200
568 331 797 399 CARMEN
824 332 873 394 17.

320 504 451 571 Effare:
471 507 581 588 jussas
596 523 669 566 cum
684 499 750 563 fide
765 519 882 583 poenas
896 498 1004 574 luam;

320 606 460 670 Paratus
475 605 620 689 expiare,
638 623 696 665 seu
711 600 902 685 poposceris

319 707 459 772 Centum
471 707 639 791 juvencos,
657 703 723 766 sive
739 700 888 766 mendaci
902 699 972 784 lyra

253 809 297 872 40
318 807 420 874 Voles
437 807 560 883 sonari;
585 816 621 868 tu
635 803 767 887 pudica,
784 812 821 865 tu
835 802 941 885 proba

321 909 568 976 Perambulabis
583 914 672 970 astra
688 905 779 968 sidus
795 925 939 967 aureum.

319 1010 452 1074 Infamis
469 1009 608 1074 Helenae
623 1007 742 1070 Castor
756 1004 901 1070 offensus
916 1005 997 1080 vice,

319 1112 500 1195 Fraterque
515 1109 623 1192 magni
639 1107 798 1184 Castoris,
814 1106 891 1171 victi
906 1125 1016 1189 prece,

320 1212 463 1278 Ademta
477 1211 543 1275 vati
558 1209 732 1274 reddidere
746 1207 878 1271 lumina.

256 1313 299 1377 lo
321 1313 368 1378 Et
381 1324 429 1392 tu,
443 1323 538 1398 potes
553 1333 639 1387 nam,
656 1309 742 1374 solve
757 1330 808 1372 me
824 1308 997 1383 dementia,

322 1415 354 1479 0
370 1436 430 1478 nec
445 1412 590 1498 paternis
606 1411 753 1476 obsoleta
769 1410 934 1487 sordibus,

320 1516 394 1581 Nec
409 1517 443 1578 in
459 1513 617 1598 sepulcris
632 1533 814 1596 pauperum
827 1511 973 1595 prudens
988 1533 1071 1574 anus

320 1615 542 1681 Novendiales
558 1614 718 1698 dissipare
733 1613 895 1697 pulveres

321 1704 401 1782 Tibi
415 1715 577 1802 hospitale
592 1726 718 1800 pectus,
735 1725 769 1779 et
783 1737 876 1799 purae
890 1737 1022 1779 manus:

255 1820 299 1883 50
319 1818 480 1903 Tuusque
495 1828 608 1884 venter
624 1816 844 1894 Pactumeius,
860 1827 894 1882 et
909 1827 966 1881 tuo

148 1952 337 2003 etcruciatibus.
361 1951 440 2014 Neque
450 1962 491 2008 est,
502 1948 552 2000 οὐδ’
561 1950 620 2008 ἔστι,
632 1965 709 2014 neque
742 1949 797 1998 bam
808 1949 884 1999 stellis
895 1949 1007 2008 inseram,
1017 1950 1041 1997 b.
1051 1951 1212 2001 s.adcoelum
1222 1970 1301 2020 usque

147 2017 215 2068 licet.
239 2017 327 2066 Lesura
342 2025 406 2066 tenta
420 2019 508 2078 spiritu
522 2018 657 2078 precordia,
670 2030 708 2063 or·
742 2013 865 2064 extollam.
906 2016 1081 2063 Perambulctis
1103 2027 1174 2075 aare,
1196 2025 1220 2067 te
1238 2019 1301 2070 inter

150 2089 206 2131 nate
217 2096 269 2148 pro,
335 2079 405 2129 irare.
741 2078 1020 2142 ceteramtrajstctabis:
1033 2080 1130 2128 verbum
1139 2085 1301 2142 perambulare

179 2147 287 2195 27-35.
336 2161 386 2208 rgo,
412 2153 531 2207 negatum,
559 2145 646 2199 uincor,
680 2155 708 2192 ut
741 2141 861 2191 uodonem
872 2143 1022 2208 superbisset
1036 2142 1154 2192 'actantiae
1169 2145 1253 2194 babet:
1267 2149 1299 2197 ci.

147 2213 239 2259 credam
247 2212 394 2272 niumago
403 2221 553 2264 seminasse,
563 2207 628 2270 quod
637 2215 708 2256 antea
740 2206 837 2270 sup-sd
849 2207 960 2272 Epod.4,
973 2209 998 2255 5.
1025 2158 1126 2272 infimo
1137 2209 1230 2258 Helena
1242 2211 1299 2260 Gas-

149 2273 179 2324 de
198 2272 332 2322 carminum
348 2271 494 2336 magicorum
512 2271 618 2319 efficacia
635 2285 706 2334 nega·
740 2278 776 2317 tor
787 2271 884 2334 offirmas
895 2274 951 2327 vics,
962 2270 1088 2334 Fraterqus
1098 2277 1178 2334 magni
1188 2275 1299 2326 Castoris.

148 2337 214 2394 bam,
230 2337 303 2386 miser
320 2351 374 2400 ego,
390 2343 418 2384 ut
435 2333 540 2391 credam,
560 2333 708 2399 experientia
741 2333 776 2382 Ut
798 2335 915 2382 mitiorem
937 2343 961 2382 te
978 2333 1037 2382 mibi
1057 2336 1171 2400 prebeas,
1190 2339 1302 2404 exemplo

147 2401 238 2451 vincor.
271 2401 363 2449 Sabella
377 2401 481 2447 somnino
497 2407 522 2447 et
538 2399 618 2446 Marsa
633 2401 709 2447 scania
741 2397 784 2444 tibi
797 2397 845 2447 sint
852 2398 975 2454 Dioscuri,
984 2398 1036 2463 qui,
1045 2400 1155 2462 quamvis
1165 2400 1300 2452 stesichoro

148 2465 262 2514 dicuntur
279 2464 386 2513 carmina
400 2461 502 2525 magica,
515 2462 579 2537 quod
591 2462 675 2511 Sabini
684 2471 709 2512 et
740 2462 771 2508 ob
782 2463 931 2526 probrosum,
941 2477 989 2526 quo
999 2462 1116 2511 Helenam
1127 2463 1301 2523 diffamaverat,

148 2529 228 2578 Marsi
248 2528 339 2577 artibus
355 2527 459 2592 magicis
475 2525 617 2575 deditissimi
634 2526 708 2577 luisse
740 2539 836 2575 carmen
852 2527 954 2591 graviter
969 2526 1139 2584 irascebantur,
1151 2536 1231 2578 tamen
1246 2530 1300 2595 ejus

148 2593 270 2644 deantur.
292 2593 375 2642 Pectus
385 2595 513 2654 increpare,
526 2591 646 2655 eleganter
655 2608 706 2657 pro,
739 2589 869 2654 palinodia,
887 2600 915 2640 ut
929 2600 1036 2655 ereptum
1052 2591 1075 2639 ei
1091 2591 1213 2642 oculorum
1227 2610 1299 2644 usum

148 2658 182 2707 im
214 2659 272 2708 llere
291 2666 316 2707 et
335 2671 491 2707 commovere.
521 2656 638 2714 fficsilire,
657 2672 706 2721 pras
739 2655 872 2713 redderent,
881 2654 939 2704 victi
948 2656 1078 2721 etpermoti
1088 2664 1154 2705 sunt.
1171 2658 1210 2707 De
1219 2659 1303 2709 tabula

148 2722 180 2772 do
205 2736 324 2796 renemps
334 2730 359 2770 et
370 2729 430 2769 astu
440 2738 445 2766 :
457 2719 516 2768 alias
526 2736 612 2783 angues
623 2721 709 2769 carmi·
743 2719 873 2769 Stesichori
889 2718 937 2768 vid.
955 2735 1010 2785 sup.
1028 2721 1058 2769 ad
1075 2721 1156 2770 Carm.
1173 2722 1191 2778 i,
1211 2724 1250 2780 16,
1273 2724 1300 2773 in

150 2788 222 2836 nibus
241 2786 342 2851 magmis
355 2784 432 2849 rumpi
443 2792 467 2833 et
476 2783 578 2832 dissilire
588 2784 709 2833 dicunmr.
742 2797 835 2847 argum.
850 2799 871 2831 s.
886 2784 928 2834 fin.
945 2792 970 2833 et
988 2799 1048 2849 quos
1062 2784 1147 2834 laudat
1157 2787 1257 2835 Mitsch.
1268 2788 1299 2838 sd

149 2851 231 2901 Mersa
242 2853 333 2899 rraenia:
345 2848 377 2898 cl.
386 2864 441 2913 sup.
454 2849 475 2895 Ε
507 2848 531 2895 d.
543 2848 568 2902 5,
581 2849 629 2909 76;
641 2850 707 2898 simi·
741 2846 766 2896 h.
780 2848 797 2897 l.

150 2913 206 2965 liter
217 2914 291 2965 Osid.
308 2914 360 2962 brt.
372 2914 430 2961 Am.
441 2911 467 2969 ii,
492 2912 598 2968 02‚Non
619 2916 706 2968 ament,
772 2913 878 2961 45-52.
904 2911 970 2959 Potes
985 2929 1049 2968 nam,
1069 2911 1176 2963 δύνασαι
1192 2917 1250 2980 γὰρ,
1269 2932 1300 2965 ex

149 2988 178 3028 ut
193 2982 346 3033 mactamur,
362 2977 572 3033 Mcde'idesberbae,
618 2980 709 3041 ittaque
741 2975 842 3025 solemni
861 2975 887 3023 in
909 2975 1020 3039 precibus
1039 2976 1069 3024 ad
1087 2977 1184 3026 deorum
1199 2980 1301 3028 numius

149 3059 202 3091 cum
220 3045 316 3107 magicis
331 3043 407 3089 nenia
427 3040 507 3088 Marsa
525 3042 592 3087 sonu.
628 3042 708 3095 Quan-
741 3038 852 3087 formula.
886 3040 935 3087 Nec
954 3041 1059 3095 obsoleta,
1083 3040 1108 3087 h.
1129 3057 1151 3089 e.
1172 3043 1299 3108 despecta,

150 3114 200 3155 tum
217 3123 289 3171 neque
308 3116 360 3154 atro
378 3104 494 3153 delibratae
513 3104 624 3153 Hercules
644 3105 711 3153 Nessi
741 3119 778 3153 res
799 3104 864 3152 enim
885 3106 983 3151 obsoleta
1005 3103 1030 3150 in
1050 3103 1165 3169 despectu
1185 3107 1233 3155 lere
1248 3123 1302 3157 esse

149 3186 247 3220 maore.-
258 3187 312 3235 sup.
326 3171 347 3218 E
365 3169 405 3217 od.
419 3168 443 3223 3,
458 3168 497 3224 17,
512 3166 560 3216 Nec
570 3184 654 3216 munus
664 3171 707 3216 lu·
742 3168 834 3217 solent:
851 3171 955 3229 paternis
971 3170 1083 3223 sordibus,
1095 3168 1191 3217 sordida
1200 3171 1300 3235 origine.

148 3238 219 3283 mnis
275 3237 334 3283 cacis
376 3234 460 3281 naulis
479 3232 566 3279 inarsit
585 3235 709 3288 relatorias,
743 3230 793 3280 Nsc
810 3235 836 3278 in
855 3233 966 3293 sepulcris
980 3249 1110 3293 pauper-um
1124 3237 1228 3295 prudens
1241 3254 1302 3285 anas

151 3298 229 3347 nbiri
249 3307 316 3347 .not.
350 3297 399 3345 Nec
415 3296 500 3344 Sicano
528 3294 608 3343 'eruida
622 3296 710 3345 Furens
743 3294 1291 3358 Nooemutadustparepotvemmecesanus

146 3364 175 3410 in
186 3364 259 3411 AEtnu
267 3364 381 3427 flammo:
402 3359 495 3409 Catull.
508 3302 637 3416 dxviiibl,
651 3361 710 3408 Cum
758 3376 797 3407 use
808 3358 898 3409 calleas
909 3359 934 3406 in
976 3376 1076 3434 upemm
1085 3362 1201 3427 sepulcris
1210 3337 1301 3413 nosen:

151 3429 487 3489 tantumardmm,quantum
500 3423 623 3495 Priores-ia
634 3440 710 3486 rupes,
741 3375 818 3472 diales
828 3424 937 3489 pulveres
961 3424 1073 3489 issrpare;
1090 3426 1180 3475 cineres
1189 3428 1302 3479 nimirum

151 3490 195 3537 ubi
206 3491 277 3555 plura
287 3490 317 3539 de
332 3489 378 3539 hac
393 3494 569 3551 comparatione
583 3488 638 3536 vide
648 3488 711 3553 apud
743 3486 768 3534 in
781 3486 898 3552 sepulcris
908 3487 1016 3551 religiose
1028 3488 1100 3537 condi
1111 3497 1136 3539 et
1145 3493 1241 3550 servari,
1253 3510 1301 3543 non

152 3554 231 3619 Vulp.
250 3562 275 3603 et
293 3556 353 3603 Stat.
389 3552 433 3610 Ta,
444 3554 515 3599 donec
531 3553 599 3607 cina,
613 3559 669 3600 cett.
685 3561 712 3600 tu
744 3551 799 3600 loco
821 3565 865 3599 sno
887 3552 976 3600 moveri
998 3561 1023 3600 et
1042 3553 1152 3620 dissipari
1173 3556 1304 3617 debebant,

151 3618 220 3667 nulla
236 3618 283 3667 mei
299 3616 450 3667 miseratione
465 3622 530 3663 tacta
539 3614 630 3663 tamdiu
642 3631 712 3665 vene-
745 3614 810 3680 quod
820 3615 900 3670 fiebat,
909 3614 930 3663 si
942 3631 957 3663 s
967 3616 1031 3680 sagis
1041 3619 1203 3668 auferrentur:
1225 3625 1302 3685 sepul.

150 3680 191 3729 uis
211 3682 333 3732 Colchicis
347 3681 373 3729 in
390 3695 429 3728 ms
443 3677 571 3728 miscendis
582 3690 606 3728 et
616 3694 712 3745 compa-
744 3682 792 3728 cris
802 3695 938 3742 pauperum,
953 3696 1008 3727 nam
1025 3680 1122 3731 ditiores
1135 3685 1260 3749 sepulcris,
1273 3703 1304 3736 ne

151 3745 233 3795 randis
243 3746 351 3804 insudas,
363 3744 439 3793 donec
450 3758 488 3791 me
504 3742 531 3791 in
542 3742 634 3791 andum
646 3745 712 3792 cine·
744 3742 837 3792 cineres
855 3758 871 3790 a
889 3743 953 3806 sagis
969 3744 1055 3793 auferri
1072 3757 1177 3810 possent,
1194 3751 1306 3799 custodes

151 3824 213 3866 rem,
231 3812 345 3875 protervis
360 3808 439 3857 ventis
456 3806 628 3873 dissipandum,
646 3808 713 3857 rede·
745 3806 833 3855 addere
849 3805 974 3855 solebant:
992 3808 1042 3856 rid.
1054 3810 1157 3859 Dorvill.
1169 3812 1199 3860 ad
1212 3814 1305 3863 Cbarit.

152 3873 224 3937 geris.
267 3874 333 3922 Cales
356 3872 456 3935 officina,
479 3886 509 3919 ex
527 3870 597 3920 uisite
617 3888 666 3937 pro,
688 3886 714 3919 es
747 3887 771 3936 p.
783 3872 842 3927 429,
853 3870 910 3918 edit.
922 3871 990 3935 Lips.
1024 3872 1184 3931 bloeendiales,
1197 3878 1306 3940 quiante

152 3937 214 4014 mibi
225 3938 296 4001 quasi
307 3936 411 3993 officina,
420 3952 474 3999 qum
485 3889 647 3985 caietuensuis
660 3936 712 3984 cot-
747 3950 832 3983 uovem
848 3933 909 3990 dies,
920 3942 948 3981 ut
963 3936 1101 3999 postulabat
1113 3938 1242 4013 disciplina
1254 3956 1305 3988 ms·

153 4002 234 4049 ebreus.
748 3999 810 4062 gica,
823 3997 913 4046 conditi
923 4007 1003 4046 erant:
1021 3998 1051 4047 de
1063 4001 1170 4049 cinerum
1181 4020 1207 4050 m
1219 4020 1244 4053 re
1255 4020 1305 4052 ma.

188 4064 298 4113 36—44.
314 4064 469 4127 Stipendium,
492 4060 644 4111 redemtionis
663 4077 716 4126 pre·
749 4061 804 4125 gisa
814 4076 860 4108 usu
869 4076 907 4109 res
917 4071 989 4109 nota:
1008 4062 1042 4110 cl.
1054 4065 1105 4112 Sat.
1115 4064 1132 4120 i,
1145 4068 1170 4123 8,
1182 4068 1224 4115 Ὦ.
1259 4069 1306 4116 Ta·

154 4126 224 4185 tium,
243 4142 317 4194 poena
334 4126 393 4175 mihi
410 4128 473 4175 victo
491 4126 535 4174 tibi
550 4125 642 4175 victrici
658 4142 717 4191 peu-
750 4141 820 4188 suque
842 4136 920 4173 venter
942 4126 1099 4185 Pactumeius,
1120 4137 1146 4177 et
1166 4129 1230 4179 filius
1253 4139 1309 4182 tuns

155 4192 251 4241 denda:
279 4192 312 4240 cl.
329 4206 385 4256 sup.
403 4192 433 4239 ad
450 4190 483 4249 iv,
502 4192 526 4249 8,
547 4192 588 4239 17.
622 4191 718 4237 Castum
751 4190 916 4246 Pactumeius,
927 4204 998 4253 quem
1012 4198 1043 4247 te,
1057 4200 1084 4239 ut
1097 4208 1189 4257 sagam,
1200 4196 1242 4244 alii
1256 4212 1308 4245 ura.

154 4260 272 4312 iuuencos,
309 4255 477 4304 hecatomben.
519 4255 637 4310 Mandaei,
671 4268 719 4319 qua
751 4252 939 4318 trisubripuisse
949 4268 990 4301 sus
1008 4254 1101 4305 icantur
1109 4257 1225 4317 homines,
1235 4276 1310 4323 genu-

156 4335 246 4395 nenrpe
268 4318 355 4368 mulier
376 4318 498 4383 impudica
519 4327 543 4367 et
563 4317 672 4382 impmba
695 4327 722 4366 ut
754 4316 810 4365 inus
828 4318 917 4365 ventris
937 4320 972 4366 tui
990 4270 1063 4367 iesus
1080 4332 1125 4377 est,
1141 4333 1312 4375 rereeventre

157 4384 248 4449 pudica
258 4392 284 4432 et
296 4384 370 4448 proba
381 4383 500 4431 laudatur.
535 4383 570 4429 Tu
587 4384 682 4444 pudica,
695 4392 722 4430 ιιι
755 4390 797 4429 tuo
808 4379 886 4430 editus
897 4392 949 4430 est:
967 4393 1045 4431 uenter
1060 4403 1101 4451 pro
1118 4386 1167 4434 filio
1178 4405 1185 4447 3
1202 4390 1313 4455 exempla

155 4451 229 4511 proba
251 4447 427 4495 Perambulabis
449 4456 512 4495 astra
529 4448 593 4495 sidtu
612 4462 721 4493 nurerum:
755 4445 805 4494 vid.
823 4446 887 4511 apud
904 4446 986 4495 Bentl.
1026 4449 1136 4499 Ceterum
1154 4452 1313 4517 suspicionem

159 4526 204 4575 ego
216 4520 241 4560 te
251 4510 398 4560 carminibus
408 4510 467 4559 meis
479 4509 625 4573 utpudicam
635 4517 659 4557 et
670 4525 723 4574 pro·
755 4510 832 4566 illam,
853 4526 901 4575 qua
921 4511 1023 4560 Canidia
1040 4513 1117 4563 lilium
1133 4531 1203 4564 suurn
1223 4518 1313 4567 Pactu-
