3150 5200
571 328 736 395 LIBER
763 331 791 408 l,
811 333 864 397 35.

310 484 362 548 Te
378 482 492 547 Dacus
508 504 615 567 asper,
633 493 664 548 te
680 482 812 568 profugi
827 483 971 567 Scythae,

249 584 289 647 to
311 583 497 669 Urbesque‚
514 578 704 669 gentesque,
721 596 755 649 et
771 584 903 649 Latium
918 584 1022 661 ferox,

351 687 547 771 Regumque
560 698 679 751 matres
694 688 918 764 barbarorum,
934 697 969 751 et

398 789 561 874 Purpurei
576 800 730 853 metuunt
740 789 878 872 tyranni,

311 890 473 975 Injurioso
489 912 529 954 ne
544 891 629 974 pede
644 911 782 973 proruas

313 990 459 1055 Stantem
474 990 665 1067 columnam,
682 1012 747 1054 neu
759 990 901 1075 populus
916 990 1069 1073 frequens

249 1092 289 1155 15
354 1090 410 1157 Ad
425 1115 514 1157 arma
528 1102 693 1157 cessantes
709 1091 752 1155 ad
767 1114 856 1155 arma

400 1194 560 1270 Concitet,
577 1195 812 1278 imperiumque
827 1193 966 1278 frangat.

312 1294 369 1359 Te
379 1318 506 1379 semper
521 1296 623 1359 anteit
638 1318 724 1359 saeva
738 1294 940 1373 Necessitas,

314 1396 431 1460 Claros
446 1397 588 1461 trabales
603 1408 636 1461 et
652 1419 772 1461 cuneos
787 1420 884 1461 manu

357 1498 501 1562 Gestaris
517 1521 608 1575 aena,
625 1520 685 1563 nec
701 1520 833 1562 severus

247 1599 291 1662 20
397 1598 511 1664 Uncus
527 1600 631 1676 abest,
647 1599 870 1683 liquidumque
885 1601 1062 1685 plumbum.

313 1700 364 1764 Te
380 1700 464 1784 Spes
480 1712 514 1764 et
529 1701 603 1766 albo
618 1722 692 1764 rara
707 1701 806 1766 Fides
821 1703 898 1768 colit

314 1802 433 1868 Velata
447 1825 572 1887 panno:
596 1826 656 1868 nec
672 1805 821 1869 comitem
835 1807 987 1890 abnegat,

137 1960 218 2005 culum
241 1964 325 2005 tenens
345 1955 503 2021 conspicitur:
528 1956 578 2005 vid.
601 1958 701 2006 Reines.
733 1960 801 2013 τίσω,
820 1958 844 2005 1ι.
863 1974 885 2007 e.
902 1958 1021 2018 violento;
1045 1959 1079 2007 sic
1101 1961 1166 2008 venti
1186 1964 1294 2023 injuriosi

138 2020 280 2069 Emendatt.
302 2019 328 2077 ii,
348 2022 389 2067 24.
429 2022 564 2083 Quicunque
587 2022 701 2086 Bithyna,
733 2022 777 2069 int.
794 2022 871 2086 Epod.
884 2023 924 2078 17,
938 2024 978 2070 at.
1012 2022 1124 2078 Prorsus,
1144 2024 1234 2072 active:
1252 2025 1294 2073 de·

138 2094 196 2133 cett.
212 2084 303 2149 quicun
320 2098 349 2132 ue
369 2093 476 2148 questus
494 2100 569 2133 causa
581 2102 624 2151 per
639 2102 703 2135 mare
734 2085 944 2150 turbes,dejicias.
970 2087 1074 2134 Stantem
1084 2089 1295 2143 calumniantem

139 2149 299 2214 Carpathium
332 2148 562 2213 ithyniamnavigst.
589 2150 702 2213 Bithyna,
735 2157 759 2198 et
780 2151 866 2198 florens
887 2149 965 2197 adhuc
990 2148 1123 2213 imperium,
1149 2152 1213 2224 quod
1239 2167 1295 2200 curn

138 2212 196 2262 lae.
207 2212 346 2261 mercatoria
354 2231 361 2272 ;
379 2228 435 2261 nam
446 2220 586 2261 mercatores
595 2214 701 2261 Romani
734 2221 812 2261 stante
826 2213 938 2261 columna
954 2222 1103 2277 comparatur
1111 2234 1119 2275 i
1137 2212 1193 2263 hrnc
1208 2216 1296 2279 passim

138 2292 154 2325 e
165 2276 283 2341 Bithynia
291 2276 398 2349 inprimis
409 2292 499 2325 merces
510 2292 565 2324 suas
574 2279 701 2342 petebant,
734 2277 871 2341 reipublice
882 2285 959 2325 status
969 2281 1068 2333 concuti,
1081 2279 1227 2343 labefactari,
1239 2288 1296 2329 cett.

138 2340 247 2389 similiter
257 2356 312 2405 sup.
323 2356 339 2397 ι,
354 2342 377 2397 l,
392 2341 430 2398 13,
442 2342 504 2389 trabs
518 2341 614 2403 Cypria.
642 2343 701 2389 Car·
735 2340 831 2391 dicitur.
864 2340 1296 2392 Cl.1t1itsct.inhan0sententiam

137 2407 244 2466 potitium
252 2408 357 2467 pelagio,
366 2404 524 2468 procellosum
532 2414 557 2453 et
565 2403 622 2452 Bith
656 2406 703 2453 iam
735 2404 819 2453 laudat
838 2404 910 2452 Pind.
931 2404 1003 2469 Pyth.
1020 2405 1053 2460 iv,
1072 2407 1129 2463 434,
1149 2416 1174 2455 et
1190 2409 1296 2456 Pausan.

140 2469 276 2532 petentibus
287 2468 466 2523 transeundum,
479 2468 509 2516 ab
519 2469 598 2516 insula
631 2487 702 2532 aqra-
734 2468 769 2523 iii,
794 2470 817 2517 7.
863 2470 986 2523 Cessante,
1009 2484 1086 2517 moras
1108 2479 1230 2519 nectentes
1253 2488 1297 2521 nec

141 2533 188 2589 tto,
206 2533 285 2596 (nunc
306 2532 446 2594 Scarpunto)
464 2532 526 2581 inter
545 2532 660 2581 Rhodum
681 2542 705 2581 et
736 2532 815 2581 statim
827 2548 892 2580 arma
903 2532 1056 2598 arripientes3
1073 2536 1104 2580 ud
1118 2552 1193 2589 arma,
1205 2551 1260 2583 cum
1273 2535 1297 2583 vi

142 2596 248 2653 Cretam,
261 2598 294 2646 ita
304 2595 404 2645 dictum.
431 2596 704 2658 Lacessit,h.e.tentat;
736 2599 822 2663 repetit
831 2600 945 2646 vocesad
958 2600 1241 2663 arnm,adarma,quas,
1254 2601 1296 2665 qui

142 2663 171 2710 rb
199 2664 305 2710 tacesm
326 2661 457 2724 explicant,
478 2661 548 2710 remis
574 2662 703 2726 impellere,
736 2661 762 2708 in
783 2660 906 2726 repentino
925 2663 1030 2710 tumultu
1051 2661 1082 2710 ad
1104 2678 1169 2711 arma
1188 2675 1298 2722 evocant,

142 2741 243 2780 movere,
260 2725 337 2773 ferire.
370 2725 489 2789 Equidem
506 2725 644 2790 adjunctam
660 2741 703 2774 au·
736 2725 866 2774 identidem
887 2734 991 2790 repetere
1012 2725 1096 2780 solent.
1140 2727 1212 2775 Ovid.
1236 2729 1298 2777 Met.

141 2789 217 2837 daciae
229 2790 349 2837 notionem
360 2789 455 2846 habere,
466 2788 531 2837 etde
542 2790 572 2837 iis
582 2790 629 2838 dici
641 2789 702 2838 exis·
737 2789 778 2844 xii,
787 2791 845 2846 241,
856 2791 1010 2852 Certatimque
1023 2806 1096 2838 omnes
1107 2809 1153 2838 rano
1164 2809 1211 2846 ors,
1223 2810 1297 2851 arma,

142 2853 209 2909 timo,
224 2854 276 2918 qni,
289 2853 346 2901 dum
363 2853 423 2901 nihil
437 2852 509 2900 maris
519 2854 596 2902 minas
611 2854 703 2908 timent,
736 2871 802 2900 armo
815 2855 955 2916 loqnumar:
972 2853 1003 2900 cl.
1017 2853 1087 2917 Virg.
1100 2857 1160 2902 AEn.
1170 2854 1196 2910 ii,
1208 2857 1265 2904 663.

142 2917 283 2966 sedtemere
300 2925 325 2965 et
340 2916 454 2965 audacter
468 2918 490 2964 ei
505 2933 529 2965 se
543 2917 703 2972 committunt,
771 2919 876 2967 17-20.
910 2915 1055 2965 Sententiam
1079 2922 1185 2978 potentia
1207 2929 1252 2967 tue
1263 2937 1299 2968 ce·

141 2981 202 3029 illud
213 2982 282 3044 quasi
290 2981 321 3029 ad
330 2981 390 3028 iram
402 2988 426 3029 et
436 2980 550 3030 sevitiam
559 2990 702 3045 provocant3
735 2983 788 3028 dere
810 2983 891 3028 aetem
912 2983 987 3028 omnia
1008 2979 1083 3043 lyrica
1098 2981 1242 3029 sublimitate
1258 2999 1300 3031 er.-

142 3043 251 3093 similiter
260 3045 308 3094 lere
317 3046 433 3092 insultare
435 3045 549 3109 fluctibus
557 3044 621 3110 apud
631 3045 703 3092 Ovid.
736 3046 821 3109 pressit
833 3060 874 3108 per
885 3044 1048 3092 adumbratam
1059 3043 1187 3107 imaginem
1198 3046 1298 3094 Necessi-

143 3109 206 3156 Met.
234 3108 252 3165 i,
282 3111 338 3164 134,
366 3119 506 3156 cmtemnera
535 3112 610 3156 undas
639 3109 704 3174 apud
737 3113 801 3165 tatis,
812 3125 867 3172 quae
879 3109 997 3161 Fortuna,
1009 3115 1036 3153 ut
1049 3107 1102 3180 ejus
1117 3107 1233 3165 ministra,
1244 3125 1300 3158 curn

142 3171 235 3222 Tibull.
246 3172 263 3228 i,
275 3175 301 3228 3,
311 3175 352 3228 37,
368 3180 393 3221 et
409 3174 529 3220 transilire
547 3175 604 3220 ouda
620 3189 675 3238 sup.
686 3172 703 3229 i,
736 3171 908 3227 instrumentis,
924 3170 955 3218 sd
970 3185 1007 3219 res
1020 3170 1180 3219 indissolubili
1192 3174 1302 3224 firmitate

142 3238 168 3292 3,
180 3239 229 3296 243
247 3253 299 3291 nos,
314 3239 363 3284 dem
375 3237 451 3284 Meam
462 3245 557 3284 trvtsen.
737 3234 879 3284 muniendas
887 3234 1302 3311 validissimis,praecederetingitur.

175 3301 270 3349 9-16.
299 3301 376 3348 Dacus
402 3316 476 3361 asper.
526 3301 595 3357 Daci,
625 3300 706 3367 populi
739 3301 803 3350 Cum
822 3299 960 3348 Necessitas
978 3299 1099 3355 Fortuna,
1118 3307 1145 3348 ut
1163 3300 1196 3348 ita
1212 3300 1300 3358 dicam,

142 3374 211 3412 uans
228 3365 327 3418 Istrum,
342 3363 458 3412 Romams
476 3365 507 3412 ob
525 3366 628 3418 crebras,
646 3380 706 3428 quas
739 3365 770 3412 sit
792 3363 941 3418 attributum,
963 3371 1018 3427 apte
1036 3363 1087 3427 jam
1108 3362 1151 3411 illa
1177 3380 1302 3438 personam

142 3429 170 3476 in
181 3443 266 3476 sorum
276 3429 334 3476 lines
344 3426 624 3482 iaciebantincursiones
632 3427 704 3476 inles-
737 3427 825 3478 induit.
869 3428 941 3482 Sana,
963 3426 1023 3481 dira,
1045 3427 1205 3485 inexorabilis,
1233 3428 1301 3492 δεινὴ

144 3491 247 3539 tissimi:
266 3507 339 3554 asper,
350 3492 365 3540 J
368 3491 439 3539 ustin.
450 3491 474 3548 ii,
484 3494 509 3547 3,
520 3492 581 3538 Gens
592 3495 707 3540 tatoribus
738 3491 853 3556 κρατερά.
872 3492 953 3539 Ctaoos
961 3492 1068 3548 trabales,
1077 3491 1165 3554 quibus
1173 3492 1203 3541 ad
1215 3493 1301 3542 edium

144 3565 167 3604 st
182 3557 242 3604 tello
252 3571 342 3618 aspera.
372 3555 512 3619 Scytbe,ob
529 3555 609 3604 sedern
627 3571 707 3604 eorum
740 3557 818 3604 trabes
844 3554 975 3603 firmissime
999 3570 1028 3602 co
1045 3556 1146 3603 ulandas
1171 3557 1228 3605 olim
1249 3567 1302 3606 ute·

145 3635 230 3684 vagam
258 3627 283 3668 et
303 3618 446 3673 instabilem,
469 3618 582 3667 dicuntur
603 3620 707 3684 paffngi,
740 3621 844 3679 bantur,
860 3618 1000 3683 cumejusm
1033 3621 1113 3667 retuso
1121 3623 1206 3668 trabali
1214 3621 1304 3670 sistitur

146 3699 203 3731 nam
218 3691 294 3738 erant,
307 3691 334 3732 ut
349 3682 391 3730 ini.
402 3683 461 3731 llor.
473 3682 508 3739 iii,
519 3684 561 3738 24,
572 3685 597 3737 9,
609 3699 708 3745 compes-
742 3683 859 3739 Fortuna,
882 3691 909 3730 ut
929 3683 1038 3730 observat
1059 3683 1090 3730 ad
1108 3682 1133 3730 h.
1153 3684 1170 3730 l.
1190 3685 1257 3741 Jani,
1277 3685 1303 3733 in

147 3748 330 3801 tres—Quorum
344 3749 451 3810 plaustra
466 3763 536 3810 vagos
551 3750 596 3794 rite
611 3748 708 3796 trahunt
743 3747 832 3795 Causei
852 3747 941 3794 Museo
961 3746 1035 3794 Rom.
1054 3747 1085 3794 T.
1103 3748 1120 3801 i,
1138 3764 1163 3811 p.
1180 3749 1220 3804 72,
1242 3749 1304 3798 tao.

145 3812 241 3868 domm
267 3809 408 3874 ἁμαξόβωι,
434 3809 569 3876 ἅμάξοικοι.
613 3811 709 3858 Latiam
743 3811 825 3866 xxviii,
845 3817 870 3859 et
886 3808 950 3874 apud
965 3811 1054 3874 Spenc.
1070 3811 1131 3858 Tab.
1148 3810 1215 3867 xxiii,
1233 3828 1258 3861 n.
1277 3815 1302 3866 5,

137 3874 219 3939 feror,
230 3875 380 3924 bellicosum.
414 3875 547 3938 Regnaque
561 3885 644 3922 matres
655 3877 708 3922 bur·
742 3891 766 3938 p.
780 3877 843 3934 151,
866 3873 922 3921 hinc
942 3873 1007 3937 apud
1023 3873 1075 3921 Cic.
1092 3875 1161 3924 Verr-
1178 3891 1201 3928 v,
1218 3877 1259 3928 21,
1276 3885 1304 3922 at

145 3941 263 3993 samm,
274 3953 330 3986 nam
340 3939 412 4002 regie
422 3947 509 3987 matres
518 3938 557 3987 rel
567 3937 669 3986 maxime
680 3938 709 3987 de
741 3940 883 4002 benficium,
900 3938 1084 3999 praemadmodum
1102 3939 1200 3993 dicitnr,
1218 3940 1305 3984 trabali

144 4001 246 4050 filiomm
261 4002 327 4066 regni
341 4001 505 4051 incolumitate
518 4001 625 4050 sollicita
637 4010 708 4050 sunt:
742 4004 805 4049 ctam
815 4004 912 4065 figeret,
931 3999 958 4046 h.
970 4015 993 4046 e.
1010 3999 1170 4048 firmissimum
1186 4001 1303 4060 efficerst;

146 4067 187 4116 Cl.
204 4066 307 4114 Mitsch.
326 4082 379 4114 com
397 4066 711 4115 sratAEsclr.Pers.160.
744 4065 926 4114 Petron.c.75.
952 4062 1028 4118 Nosti,
1039 4064 1098 4124 quod
1108 4064 1173 4110 mmet
1183 4065 1305 4119 deminuat,

144 4083 458 4204 Barbarorumdntelligere
506 4128 711 4189 inAsiaMinore5
744 4131 808 4176 clavo
824 4129 911 4176 trabali
922 4126 1000 4234 fisups
1016 4134 1057 4198 est,
1076 4124 1101 4173 h.
1118 4140 1141 4173 e.
1159 4125 1306 4176 immutabile

143 4203 260 4306 1333
269 4193 645 4322 tractastis?
653 4208 712 4320 aa
744 4190 998 4317 artata:
1019 4189 1307 4311 attestant}

143 4321 233 4386 purati.
268 4321 710 4384 lrp'uriosonspedsproruas,sensuss
742 4319 853 4383 jamnon
867 4314 1090 4372 addiffindendum,
1103 4315 1305 4383 sedadcompin-

144 4401 175 4434 ne
188 4385 305 4434 violenter
319 4384 445 4449 imperium
461 4384 540 4440 daeo,
551 4401 600 4448 quo
611 4399 636 4432 se
647 4399 712 4432 nunc
776 4380 976 4431 ndumetfirmius
981 4379 1204 4444 coagmentandum.
1219 4382 1306 4439 Uncus,

143 4449 248 4522 extollit,
269 4457 333 4497 statu
355 4449 463 4523 dejicias,
483 4464 542 4498 neve
560 4447 662 4513 populus
679 4447 713 4524 'ad
754 4462 831 4495 ramus
848 4446 947 4520 'lenens
965 4445 1040 4557 qnos,
1068 4445 1208 4518 Klanmer),
1235 4463 1307 4562 cuqus

144 4512 288 4568 seditionem
299 4521 436 4562 concitatus
447 4512 507 4564 illud
517 4521 615 4566 evenat.
645 4511 712 4574 layo·
746 4526 805 4560 usus
821 4511 867 4558 lurt
881 4527 907 4558 rn
924 4509 973 4574 lapi
990 4509 1044 4557 rbus
1062 4509 1151 4558 timum
1167 4525 1261 4577 pragen
1299 4547 1307 4569 ,
