3150 5200
569 330 735 397 LIBER
761 331 808 411 11,
832 334 882 401 lo

407 482 640 568 Pr'oescriptum
653 494 687 549 et
701 485 822 549 intonsi
837 485 972 552 Catonis

454 583 633 669 Auspiciis,
649 594 860 669 veterumque
874 610 997 653 norma.

365 687 517 751 Privatus
532 686 594 750 illis
609 708 726 751 census
741 688 946 767 eratbrevis,

364 788 543 853 Commune
557 809 726 871 magnum3
750 788 839 853 nulla
854 791 1061 876 decempedis

302 890 341 953 15
406 888 535 955 Metata
549 890 684 976 privatis
700 912 836 975 opacam

450 990 601 1057 Porticus
616 993 802 1076 excipiebat
817 993 962 1059 Arcton:

364 1092 440 1158 Nec
455 1092 626 1159 fortuitum
641 1116 795 1179 spernere
809 1098 967 1181 cespitem

366 1194 475 1279 Leges
491 1196 651 1273 sinebant,
667 1197 791 1282 oppida
804 1198 938 1281 publico

409 1298 527 1363 Sumtu
534 1299 689 1382 jubentes
704 1308 738 1363 et
752 1298 901 1365 Deorum

299 1400 342 1463 20
450 1398 589 1484 Templa
602 1422 687 1467 novo
702 1400 859 1465 decorare
873 1423 964 1467 saxo.

562 1635 768 1702 CARMEN
793 1638 890 1705 XVI.

532 1850 596 1898 AD
635 1850 916 1901 GROSPHUM.

365 2009 485 2072 Ormu
500 2008 605 2075 Divos
621 2020 714 2094 rogat
729 2010 763 2073 in
777 2014 903 2095 patenti

362 2110 506 2175 Prensus
520 2112 653 2196 AEgaeo,
670 2111 763 2176 simul
779 2124 851 2177 atra
864 2116 969 2179 nubes

139 2248 214 2295 rumis
223 2245 416 2313 kuuasercidos
424 2246 537 2296 Essiam
549 2250 622 2296 ictas.-
638 2262 707 2313 porro
739 2264 798 2303 cam,
809 2245 868 2311 quia
883 2246 970 2295 Arctos
985 2247 1034 2297 sive
1050 2248 1184 2317 Septentrio
1199 2250 1255 2300 loca
1270 2252 1301 2301 ad

140 2310 206 2358 lauri
217 2325 245 2360 eo
256 2319 351 2359 tantum
359 2310 406 2361 fine
417 2318 542 2377 ponentur,
554 2319 581 2359 ut
591 2312 635 2359 snb
646 2310 706 2376 spis·
740 2326 765 2360 se
775 2326 843 2361 versa
854 2327 930 2377 opaca
940 2311 1027 2361 reddit.

140 2372 177 2423 sis
199 2374 249 2423 suis
270 2375 344 2423 ramis
363 2376 514 2425 ambulantes
533 2392 548 2424 a
566 2374 623 2424 solis
646 2383 706 2424 aestu
775 2376 878 2423 17-20.
896 2376 946 2425 Nec
954 2376 1089 2441 fortuitum
1105 2394 1210 2439 speram
1228 2384 1299 2442 cespi-

140 2438 283 2498 delendant,
303 2439 329 2487 h.
347 2456 370 2489 e.
389 2440 488 2489 lauretis
512 2456 581 2506 porro
600 2438 705 2489 delecta·
739 2450 783 2488 tem
792 2440 863 2504 Leges
871 2441 1086 2497 sinebantsensus:
1106 2444 1301 2499 nec,secuudnm

140 2504 234 2551 buntur
241 2502 360 2553 homiues.
391 2503 465 2563 letus,
476 2520 511 2553 sc.
523 2503 589 2552 solis.
737 2504 804 2569 leges
819 2521 874 2568 quse
895 2513 947 2552 turn
961 2504 1082 2578 vigebant,
1099 2506 1236 2555 hominibus
1253 2509 1300 2575 pri·

181 2568 284 2618 10-16.
301 2568 355 2618 Non
375 2571 409 2618 ita
429 2568 523 2618 Romuli
542 2568 706 2629 Prescriptam
737 2570 799 2619 vatis
809 2569 892 2618 domos
908 2568 934 2619 in
950 2584 1013 2633 agris
1028 2579 1150 2620 exstruere
1165 2570 1254 2622 licebat
1269 2590 1300 2624 ex

141 2642 166 2680 et
193 2635 278 2682 intonsi
303 2634 397 2681 Catonis
421 2634 546 2708 duspieiis,
565 2643 706 2694 veterumque
738 2650 761 2681 m
812 2633 978 2698 islapidibua,
996 2635 1084 2698 quibus
1100 2635 1189 2702 oppida
1205 2645 1301 2688 tanturn

140 2714 238 2744 nm.-
255 2697 311 2746 huic
324 2698 422 2762 quidem
432 2713 517 2746 insane
529 2698 608 2752 lusui,
620 2711 705 2744 secun
738 2650 870 2747 cideburo
882 2699 972 2812 teperpla
986 2699 1084 2763 publico
1099 2709 1180 2749 sumtu
1193 2701 1300 2751 decorari

141 2760 201 2809 dum
212 2760 309 2810 vivendi
325 2777 431 2810 normam
447 2777 461 2810 a
474 2760 588 2818 Romulo,
602 2761 703 2814 Catone.
735 2761 891 2826 jubebantur,
961 2779 1031 2812 casas
1045 2779 1075 2816 er
1088 2765 1179 2829 cespite
1194 2765 1299 2816 innuite.

140 2835 169 2873 et
178 2825 231 2874 aliis
240 2826 360 2876 veteribus
371 2826 540 2892 prescriptam,
551 2824 639 2874 nemini
648 2823 706 2871 olim
738 2827 882 2884 fortuitum,
900 2827 1020 2890 uulgarem
1037 2843 1109 2892 quem
1127 2845 1167 2886 ue,
1185 2830 1210 2878 in
1227 2847 1299 2905 quem

141 2887 267 2954 indulgere
289 2889 366 2939 licuit.
410 2890 541 2940 Commode
568 2897 649 2938 autem
675 2887 706 2936 ad
737 2891 797 2940 iorte
824 2890 961 2948 incidimus,
991 2891 1081 2964 ubique
1110 2845 1168 2942 dats
1193 2894 1299 2944 obvrurn.

140 2953 232 3018 priscos
244 2970 321 3004 mores
335 2955 536 3004 commendandos
547 2953 646 3004 Catonis
661 2967 705 3000 au·
739 2957 851 3018 cespitem
867 2956 924 3004 hinc
943 2955 1008 3020 apud
1020 2957 1090 3020 Vrrg.
1108 2957 1164 3004 Eri.
1180 2957 1197 3014 i,
1212 2959 1254 3015 69,
1268 2959 1299 3008 de

139 3017 259 3082 tiquion‘s,
290 3027 340 3067 tam
371 3035 463 3067 morum
493 3033 566 3082 quam
599 3032 704 3066 censuras
735 3017 855 3084 ejusmodi
874 3034 940 3077 casa,
962 3020 1046 3082 tuguri
1070 3031 1199 3082 congestam
1218 3025 1300 3084 cespite

139 3081 266 3132 severitate
275 3084 334 3132 satis
346 3083 405 3140 noti,
413 3083 556 3132 mentionem
566 3081 625 3130 iacit
632 3098 640 3140 ;
652 3081 703 3145 qui,
735 3086 835 3132 culmen.
849 3085 962 3156 ,Oppida
974 3082 1083 3146 intellige
1108 3083 1188 3132 ablica
1198 3085 1298 3197 oppide-

139 3145 200 3210 qnia
219 3147 350 3213 priscorum
370 3162 462 3196 morum
482 3145 705 3195 observantissimus
736 3162 789 3195 rum
810 3147 920 3202 aedificia,
937 3161 1017 3194 muros
1032 3156 1056 3196 et
1105 3163 1223 3212 aquae
1256 3165 1298 3197 ex-
1403 3153 1408 3160 '

140 3209 394 3262 baudadatatissuoe
406 3213 601 3261 morembarbam
612 3209 705 3258 tonderi
738 3219 831 3260 ternum
858 3210 998 3276 oppidorum
1022 3212 1061 3260 vel
1088 3211 1239 3262 slendorem
1259 3213 1299 3262 vel

139 3273 704 3402 tt“trtt³”‘tttt⁰3titt‘“tirii
736 3275 1072 3405 iilildllssrffiii
1113 3277 1298 3390 stitit

139 3373 283 3452 illbrensm
292 3407 434 3461 evatireois,
447 3405 570 3452 Commune
580 3420 702 3466 magnum:
735 3404 863 3469 opponitur
884 3407 963 3467 cespiti
976 3403 1090 3468 fortuito.
1128 3404 1249 3455 Nimirum
1272 3407 1298 3455 in

140 3467 261 3515 bonorum
288 3467 476 3518 rivatorumtum
487 3484 568 3534 parva,
580 3467 622 3516 sed
636 3483 702 3514 com·
736 3469 799 3533 agris
810 3470 984 3524 Romanorum,
996 3469 1038 3517 ubi
1053 3477 1109 3518 ante
1123 3485 1186 3518 casa
1201 3469 1298 3520 hnmili-

139 3531 256 3580 munium
272 3484 325 3580 lata
343 3532 389 3582 luit
406 3532 539 3598 possessio:
563 3547 642 3580 ceruus
662 3545 704 3595 pro
736 3547 788 3580 eres
799 3549 829 3581 ex
840 3533 930 3597 cespite
941 3540 1083 3582 constructa
1093 3542 1217 3591 steterant,
1233 3551 1298 3584 nunc

139 3595 214 3643 bonis
230 3611 286 3661 qua
300 3612 372 3645 ceusu
386 3597 550 3658 estimantur,
568 3595 624 3643 hinc
642 3594 705 3643 bona
736 3597 884 3662 amplissima
910 3612 941 3646 ex
967 3597 1089 3662 lapidibus
1115 3597 1238 3663 quadratis
1259 3599 1298 3650 vel

139 3659 233 3716 tenuia,
249 3661 293 3710 ini.
307 3661 383 3727 Epist.
401 3662 417 3719 i,
431 3663 455 3719 7,
468 3663 508 3720 56,
526 3663 601 3710 tenuis
617 3675 704 3708 census.
736 3675 852 3710 marmore
863 3663 992 3726 surgebant
1000 3661 1109 3712 edificia.

142 3723 220 3772 Nulla
237 3727 382 3788 decempedis,
393 3734 450 3775 cett.
466 3742 514 3774 uon
533 3724 666 3790 ampliores,
679 3732 706 3772 nt

141 3803 246 3845 nunc,a
263 3789 360 3855 privatis
373 3789 511 3840 hominibus
529 3789 560 3838 ad
578 3787 702 3854 decempe-
893 3790 1047 3839 CARMEN
1064 3791 1138 3840 XVI.

139 3850 226 3901 darum
246 3869 381 3904 mensuram
395 3854 485 3903 exstrui
504 3853 612 3904 solebant
629 3852 702 3917 porti·
769 3852 869 3920 Scripsit
882 3855 928 3904 boc
949 3869 1045 3903 carmen
1059 3870 1088 3904 eo
1102 3855 1223 3921 precipue
1239 3871 1297 3905 con-

139 3931 186 3964 cus
203 3934 258 3981 qua
276 3918 461 3984 septentrionem
477 3918 622 3984 exciperent,
643 3917 668 3964 b.
680 3932 703 3966 e.
735 3915 789 3965 silio
807 3926 886 3983 poeta,
901 3926 930 3967 ut
946 3918 1085 3983 Grospbum
1103 3933 1119 3965 a
1133 3935 1220 3974 rernm,
1232 3935 1297 3967 nunc

139 3983 326 4045 septentrionem
340 3999 423 4032 versus
438 3984 491 4032 sitae
507 3989 595 4040 essent,
611 3980 704 4030 scilicet
736 3982 843 4029 animum
856 3981 910 4056 ejus
926 3981 1123 4048 perturbantium,
1134 3981 1299 4031 sollicitudine

140 4053 171 4092 ut
180 4045 237 4096 selis
246 4055 328 4096 astum
338 4046 371 4096 ibi
384 4049 485 4096 vitarent
494 4047 614 4097 molliores
626 4045 701 4094 honri-
735 4044 766 4093 ad
780 4045 971 4109 tranquillitatis,
982 4046 1008 4093 in
1024 4060 1074 4109 qua
1088 4045 1167 4093 omnis
1180 4045 1236 4093 viter
1251 4045 1296 4093 hu·

139 4125 192 4158 nes.
220 4112 365 4174 Deeerrpedis
376 4122 470 4168 metata,
482 4111 575 4178 passive
586 4112 653 4174 (uta
670 4109 704 4158 ud
735 4109 813 4157 mansa
832 4109 963 4174 spectanda
983 4109 1014 4157 sit
1035 4108 1146 4164 felicitas,
1164 4107 1298 4158 traduceret

138 4172 195 4222 Liv.
210 4177 268 4233 xliv,
282 4177 307 4234 7,
325 4180 451 4240 metarique
467 4179 509 4225 sal
525 4179 574 4238 ipsc
588 4126 703 4236 tempdd-
735 4172 851 4220 studium.
893 4172 1067 4222 Sententiamm
1090 4187 1167 4220 nexus
1192 4181 1236 4236 est
1249 4173 1298 4223 iere

128 4239 234 4302 jussit),
245 4239 276 4288 ad
288 4255 425 4292 mensuram
440 4239 637 4307 decempedaruru
652 4239 702 4288 lac·
735 4235 789 4285 hic:
809 4237 898 4295 Otium,
918 4236 943 4286 h.
963 4253 988 4285 e.
1004 4235 1163 4294 securitatem,
1181 4237 1296 4348 quietem,

138 4311 182 4361 ta,
199 4307 309 4366 priuatis,
327 4321 363 4353 sc.
382 4304 536 4354 hominibus:
559 4306 587 4354 τὸ
604 4306 702 4366 priuatis
734 4308 758 4349 et
776 4300 851 4350 animi
869 4300 1074 4366 tranquillitatem,
1085 4317 1178 4366 semper
1205 4301 1297 4352 omines

136 4366 205 4416 haud
223 4385 280 4418 curn
302 4368 358 4418 aliis
379 4368 409 4418 ad
430 4371 576 4434 decempedis,
596 4368 621 4416 iu
643 4383 701 4417 casu
735 4365 856 4430 flagitant3
874 4364 1025 4416 securitatem
1034 4364 1191 4430 quidem,qui
1200 4365 1296 4416 inmari

136 4439 205 4480 sexto
224 4434 337 4499 positum,
357 4433 514 4490 referendum,
534 4433 577 4482 sed
596 4433 622 4480 in
643 4447 701 4481 casu
735 4429 880 4494 tempestatis
892 4430 1002 4506 periculo
1019 4429 1120 4496 expositi
1137 4437 1211 4491 sunt,
1227 4431 1297 4496 quie·

137 4497 207 4546 tertio
228 4497 398 4563 accipiendum
416 4513 468 4546 esse
487 4497 604 4548 existimo.
639 4498 700 4558 (lpa-
734 4502 791 4550 tem,
817 4495 899 4560 populi
925 4493 1040 4544 bellorum
1067 4493 1188 4544 laboribus
1217 4494 1294 4558 lessi;
