3150 5200
742 339 966 405 EPODON

456 494 581 558 Cruore
596 494 714 558 rubros
730 493 891 557 obstetrix
906 513 1032 576 pannos
1046 491 1135 568 lavit,

456 595 633 678 Utcunque
649 593 743 657 fortis
758 594 870 658 exsilis
884 613 1058 677 puerpera.

780 850 934 894 cnulnln.

453 1002 545 1076 Quid
560 1003 721 1066 obseratis
736 1002 871 1065 auribus
887 1001 998 1065 fundis
1013 1007 1153 1085 precesl

454 1105 533 1168 Non
549 1126 628 1167 saxa
642 1103 740 1167 nudis
756 1103 907 1167 surdiora
921 1104 1038 1166 navitis

389 1205 432 1268 55
453 1204 632 1288 Neptunus
648 1205 714 1270 alto
729 1205 839 1268 tundit
853 1206 1011 1270 hibernus
1027 1206 1106 1270 salo.

454 1305 582 1369 Inultus
598 1315 634 1370 ut
648 1316 685 1370 tn
699 1307 810 1370 riseris
826 1295 971 1389 Cotyttia

451 1407 607 1492 Vulgata,
626 1431 752 1472 sacrum
765 1409 862 1472 liberi
876 1408 1074 1492 Cupidinis?

454 1509 501 1572 Et
517 1509 680 1592 Esquilini
696 1510 852 1574 Pontifex
866 1508 1005 1573 venefici

453 1611 590 1695 Impune
605 1622 643 1675 ut
657 1613 772 1676 urbem
785 1612 915 1698 nomine
930 1611 1072 1695 impleris
1086 1614 1181 1675 meoi

387 1713 431 1776 60
453 1713 545 1786 Quid
562 1713 716 1797 proderat
732 1714 855 1777 ditasse
869 1710 1024 1796 Pelignus
1038 1734 1132 1789 anus,

452 1813 649 1878 Velociusve
663 1814 832 1878 miscuisse
848 1815 1013 1878 toxicum?

452 1915 520 1980 Sed
536 1916 681 1979 tardiora
694 1915 763 1978 fata
777 1925 810 1980 te
826 1916 909 1978 votis
924 1925 1073 1978 manent:

452 2015 587 2101 Ingrata
601 2018 719 2106 misero
734 2018 801 2080 vita
816 2017 967 2081 ducenda
981 2027 1043 2093 est,
1059 2017 1094 2079 in
1107 2016 1182 2092 hoc,

453 2119 559 2184 Novis
575 2130 731 2203 utusque
748 2128 905 2203 suppetas
920 2118 1100 2183 doloribus.

387 2222 431 2284 65
454 2219 559 2304 Optat
575 2221 717 2304 quietem
732 2219 865 2304 Pelopis
880 2219 1001 2282 infidus
1017 2229 1122 2302 pater,

454 2321 567 2405 Egens
584 2322 734 2405 benignae
749 2320 910 2385 Tantalus
928 2341 1056 2404 semper
1070 2319 1184 2402 dapis3

280 2452 369 2502 meium
381 2454 423 2502 alii
436 2454 505 2502 matri
516 2469 556 2518 per
567 2461 641 2502 artem
653 2454 770 2519 magicam
782 2455 840 2503 snb·
873 2469 915 2526 per
925 2469 954 2502 ea
965 2452 1058 2502 libidini
1072 2469 1132 2510 sue,
1149 2451 1260 2501 arcesuto
1276 2467 1330 2500 nem
1378 2467 1434 2502 sene

278 2516 378 2565 duxisse
399 2517 548 2574 credebatur,
567 2517 645 2580 tangit
664 2535 769 2583 quoque,
787 2535 841 2583 sup.
873 2517 916 2566 silo
933 2519 1008 2575 Varo,
1024 2517 1163 2566 satisfacere
1181 2517 1295 2565 voluerat.
1343 2517 1434 2580 algere,

1409 2598 1425 2647 Ρ

282 2579 360 2645 Epod.
374 2585 397 2639 5,
410 2584 434 2639 5,
449 2581 520 2631 miser
536 2581 577 2631 ille
591 2599 674 2648 puers
686 2582 789 2633 Canidia
800 2599 841 2649 pe·
874 2583 930 2633 evul
961 2591 995 2640 ta,
1014 2581 1119 2631 carmine
1133 2581 1176 2630 illo
1195 2579 1367 2631 contumelioso
1380 2596 1409 2629 su
1426 2614 1434 2629 .

279 2644 356 2694 titus:
375 2648 422 2695 Per
440 2648 520 2695 liberos
541 2656 571 2705 ts,
590 2650 610 2695 si
629 2658 709 2697 noento
727 2650 842 2709 partubus
874 2648 896 2694 E
946 2650 990 2697 .6.
1024 2647 1056 2695 Et
1075 2647 1192 2709 Esquilini
1208 2646 1316 2710 Pontifes
1329 2646 1434 2709 uenefici,

283 2708 375 2758 Lucina
389 2713 445 2758 veris
455 2710 543 2775 adfuit.
873 2719 899 2759 et
909 2712 979 2775 qnasi
993 2710 1135 2777 prepositus
1149 2726 1215 2760 esses
1229 2707 1302 2758 sacris
1315 2710 1431 2783 magicis3

314 2775 420 2823 53-59,
439 2776 503 2829 Quid
521 2776 628 2822 obseratis
645 2777 742 2823 auribus
753 2775 842 2839 fundis
874 2776 982 2841 Pontises
1000 2775 1065 2825 enim
1082 2774 1156 2823 sacris
1175 2772 1279 2839 publicis
1296 2781 1322 2821 et
1334 2774 1435 2837 privatis

279 2842 372 2900 meres?
390 2848 448 2888 cett.
482 2841 537 2897 Quo
548 2837 624 2902 major
635 2838 754 2894 Canidie,
767 2854 842 2903 qnam
874 2849 982 2904 praerat.
1030 2838 1266 2904 Veneficiumdicitur
1278 2837 1435 2900 hecilinus,

280 2902 327 2951 sibi
339 2903 518 2978 respondentem
536 2912 607 2969 poeta
624 2902 725 2959 inducit,
735 2911 771 2951 est
782 2904 842 2951 fero·
875 2904 1080 2967 quisveneficee
1094 2911 1175 2952 monte
1192 2900 1321 2966 Esquilino
1338 2917 1395 2951 ossa
1410 2913 1437 2951 et

280 2966 359 3017 ciaet
376 2968 511 3024 insolentia,
530 2976 554 3017 et
568 2982 616 3031 quo
631 2966 767 3023 atrociores,
780 2983 842 3032 quas
873 2968 965 3017 cineres
976 2977 1122 3017 mortuorum
1139 2967 1170 3016 sd
1185 2966 1354 3029 artismsgicss
1364 2982 1435 3015 mum

281 3030 327 3106 ista
342 3032 412 3098 jacit,
432 3032 504 3083 mine
522 3040 586 3088 sunt,
607 3048 639 3105 eo¹
656 3032 772 3108 acerbior,
787 3048 843 3105 ,qus
873 3040 953 3096 petere
964 3033 1083 3081 solebant.

280 3103 841 3223 n:uzanirusurensis
872 3096 1434 3233 tumn,

277 3228 328 3274 alto
342 3229 421 3275 tundit
438 3228 545 3275 liberam
557 3226 619 3273 solo:
631 3240 698 3281 sexa,
710 3240 763 3289 quae
778 3224 838 3274 fluc-
874 3224 925 3273 bec
945 3226 1022 3275 iacere
1040 3239 1131 3290 posses,
1149 3224 1277 3289 profuisset
1294 3223 1354 3272 mrln
1371 3231 1434 3272 artes

279 3296 320 3336 tus
331 3290 416 3338 marini
427 3290 540 3346 tundunt,
553 3304 601 3337 non
612 3288 718 3337 surdiora
727 3296 784 3337 sunt
795 3289 841 3337 mi·
874 3288 979 3353 magicas
997 3306 1045 3338 non
1064 3289 1116 3338 sine
1133 3303 1221 3351 magna
1239 3287 1350 3337 mercede
1369 3286 1435 3353 spnd

279 3366 385 3401 serorum
399 3352 567 3415 naufragorum
576 3350 693 3417 precibus,
701 3351 726 3399 h.
735 3368 757 3401 e.
766 3368 841 3417 quam
874 3368 935 3402 anus
957 3354 1071 3418 Pelignus
1097 3351 1218 3409 didicisse,
1239 3362 1282 3401 sut
1308 3351 1434 3416 presentis

278 3415 354 3463 surda
364 3430 417 3465 esse
428 3417 503 3465 solent
516 3431 575 3463 sara
586 3415 716 3479 naufragis,
726 3425 775 3464 tam
786 3434 839 3465 sur·
872 3432 965 3467 venena
974 3418 1115 3466 miscuisset
1132 3417 1180 3465 Sed
1188 3432 1236 3464 non
1245 3415 1339 3465 inultus
1349 3416 1433 3471 abibis,

278 3477 317 3527 de
329 3494 399 3527 aures
409 3496 469 3528 mee
481 3478 529 3527 tuis
541 3478 650 3552 precibus
661 3488 725 3527 sunt.
752 3481 839 3537 Nudis,
872 3481 921 3530 imo
932 3481 983 3530 iata
992 3481 1104 3537 tardiora,
1117 3496 1189 3544 quam
1200 3488 1433 3545 optss,temarsent;

278 3542 312 3589 ab
330 3544 394 3591 omni
414 3560 459 3609 ope
476 3542 605 3597 derelictis,
625 3542 651 3590 in
669 3543 729 3591 mari
746 3561 840 3609 nempe,
874 3561 929 3595 narn
941 3546 990 3594 vita
1000 3547 1073 3609 longa
1083 3553 1108 3594 et
1118 3543 1204 3593 misera
1218 3544 1336 3593 intends
1345 3544 1389 3593 tibi
1398 3552 1435 3593 est

279 3606 355 3655 fracta
371 3608 434 3665 navi,
447 3606 592 3657 natantibus.
626 3606 750 3669 Neptunus
766 3610 840 3657 hiber-
873 3610 970 3665 eofine,
979 3620 1006 3659 ut
1017 3625 1110 3674 semper
1120 3608 1188 3657 nouis
1196 3608 1357 3674 suppeditatis
1367 3608 1434 3657 dolo·

279 3686 332 3727 nus,
346 3681 409 3721 mota
420 3688 462 3737 per
474 3674 614 3736 Neptunum
625 3679 762 3738 tempestas.
786 3676 842 3722 Alto
873 3672 948 3730 ribus,
969 3674 994 3722 h.
1009 3692 1033 3725 e.
1050 3673 1106 3722 novi
1122 3689 1216 3738 semper
1231 3682 1254 3721 te
1265 3671 1360 3721 dolores
1369 3671 1434 3721 exci-

279 3736 337 3792 ealo,
355 3736 453 3785 marinis
469 3734 590 3785 fluctibus.
625 3735 718 3785 inultus
729 3748 756 3785 ut
768 3748 795 3785 tu
807 3742 840 3785 ri·
874 3738 951 3803 piant.

278 3802 344 3856 seris,
356 3810 413 3849 cett.
424 3816 522 3849 sensus:
540 3816 616 3865 egone
626 3800 711 3865 patiar,
724 3808 751 3849 ut
762 3811 789 3850 tu
803 3800 840 3850 in·
906 3803 1013 3851 65-69.
1031 3803 1102 3864 Optat
1119 3806 1225 3864 quietem,
1244 3808 1301 3850 cett.
1330 3799 1436 3849 Canidia

280 3862 347 3911 ultus
368 3864 477 3914 deriseris
503 3873 527 3913 et
554 3862 701 3928 evulgaveris
727 3866 841 3914 veneficia
866 3865 926 3930 fsto
947 3868 1004 3915 votis
1021 3869 1126 3914 tardiora
1150 3867 1176 3913 in
1199 3882 1223 3912 v.
1240 3866 1282 3921 62,
1299 3864 1376 3939 magis
1392 3880 1434 3913 ex·

280 3942 341 3985 mea,
372 3928 454 3979 libere
486 3930 576 3979 Veneri
611 3944 688 3985 sacra,
711 3936 744 3985 et,
772 3930 843 3992 quasi
874 3929 964 3995 plicat:
981 3930 1076 3994 optabis
1104 3927 1247 3985 uidem,sit,
1263 3928 1437 3977 acrucsatibns

280 4008 353 4057 penes
368 4000 400 4050 te,
414 4002 530 4059 tanquam
548 3994 700 4051 Pontiiicern,
718 4008 841 4042 sacrorum
873 3994 952 4042 tuiset
963 3947 1204 4053 leboribnslibersri3
1215 3992 1337 4056 udaeque
1349 3991 1437 4041 frustra

280 4056 427 4120 magicorum
449 4068 512 4107 esset
533 4058 654 4107 arbitrium
674 4066 699 4105 et
713 4056 841 4121 judicium,
874 4072 888 4105 o
905 4058 976 4115 ubis,
985 4072 1013 4106 ac
1024 4057 1150 4112 Tantalus,
1160 4056 1434 4119 Prometheaeersny-

279 4120 379 4187 impune
390 4138 427 4171 me
437 4139 479 4188 per
495 4138 536 4172 ora
551 4123 674 4185 hominnm
692 4120 842 4171 traduxerisl
874 4074 937 4185 plus
949 4137 965 4170 a
979 4122 1059 4188 poenis
1069 4120 1226 4169 infernalibus
1236 4119 1332 4168 liberari
1341 4129 1436 4184 optant.

281 4186 385 4250 Coryciis
402 4190 471 4251 (quae
506 4186 581 4252 roprie
595 4188 770 4235 fueruntsacra
780 4202 839 4234 noc·
873 4187 987 4243 Quietem,
998 4201 1123 4251 poenarum
1135 4184 1307 4233 remissionem.
1323 4184 1435 4256 infidum

279 4258 358 4308 tuma,
371 4266 386 4299 a
397 4204 643 4365 'lhhracidnsprimum
660 4250 759 4315 (Strabo
777 4268 802 4306 x,
815 4266 840 4314 p.
861 4250 990 4298 -Tantalus
1006 4250 1070 4298 enirn
1086 4263 1182 4305 arcana,
1197 4248 1229 4296 ab
1244 4249 1307 4297 Jove
1316 4247 1364 4297 sibi
1373 4255 1438 4295 mter

280 4315 328 4363 ³24
361 4314 387 4363 in
424 4330 519 4364 onorem

281 4316 548 4429 vederisetLicentiae
564 4377 838 4435 instituta,undeaddi-
874 4378 950 4443 Egens
966 4380 1068 4441 benigne
1081 4394 1167 4438 semper
1183 4379 1264 4438 dapis:
1283 4375 1365 4438 largas
1397 4390 1436 4423 ur-

280 4452 317 4491 tur
334 4460 425 4493 sacrun
443 4446 511 4493 liberi
532 4444 679 4505 Cupidinis),
701 4458 764 4491 nunc
787 4442 841 4491 ideo
872 4442 927 4490 dem
938 4440 983 4490 sibi
993 4441 1113 4507 appositas
1122 4439 1197 4506 dapis
1205 4439 1372 4489 videbathut
1398 4455 1436 4495 ns,

281 4508 374 4570 magica
386 4525 429 4559 sua
444 4524 512 4559 sacra
529 4508 633 4573 appellat
652 4507 764 4563 Canidia,
777 4506 841 4570 quod
873 4505 924 4559 sed,
946 4520 1002 4553 cum
1025 4520 1067 4553 eas
1086 4505 1123 4552 illi
1144 4520 1191 4553 non
1210 4505 1328 4567 attingere
1344 4503 1437 4559 liceret,

557 4323 654 4380 otyttus,
672 4314 698 4362 h.
717 4330 739 4363 e.
757 4313 838 4363 tibere
871 4314 955 4378 epulas
985 4311 1120 4370 commissa,
1153 4311 1241 4378 perfide
1272 4310 1437 4384 evulgaverat.
