3150 5200
701 301 1004 370 CARMINUM

716 605 923 671 CARMEN
947 602 992 668 ll.

581 821 638 870 AD
659 819 888 868 AUGUSTUM
912 815 1131 866 CAESAREM.

703 927 743 951 ι·
799 915 898 954 μυῐ,
957 935 977 950 ,,
1009 925 1073 940 ..ιι

492 943 564 1031 ιΙῘιιι
581 924 659 1026 silis
674 945 769 1026 terris
785 961 867 1024 nivis
882 969 980 1041 atque
995 956 1076 1019 dirae

496 1063 674 1130 Grandinie
694 1063 780 1126 misit
795 1061 906 1136 Pater,
922 1069 956 1123 et
970 1058 1109 1121 rubente

497 1168 645 1233 Dextera
660 1185 767 1228 sacres
778 1161 943 1247 jaculatus
957 1179 1049 1224 arces

744 1269 747 1276 '
785 1248 1078 1330 Terroit'orbem:

445 1374 466 1436 5
495 1371 631 1436 Terruit
645 1379 771 1454 gentes,
786 1388 884 1451 grave
900 1387 940 1430 ne
954 1363 1077 1428 rediret

497 1471 658 1536 Saeculum
673 1468 820 1553 Pyrrhae,
837 1488 920 1530 nove
934 1475 1078 1529 monstro
1091 1473 1230 1548 questae3

497 1573 603 1636 Omne
617 1591 716 1654 quum
731 1569 871 1633 Proteus
886 1589 987 1651 pecus
1002 1567 1071 1651 egit
1086 1565 1168 1630 eltos

799 1669 917 1733 Visere
932 1679 1076 1747 montes,

499 1773 642 1839 Piscium
657 1783 690 1838 et
705 1791 829 1836 summa
843 1791 946 1855 genus
961 1769 1057 1834 haesit
1071 1769 1169 1848 ulmo,

438 1877 478 1942 10
499 1875 591 1941 Noto
606 1898 679 1959 quae
697 1873 792 1938 sedes
807 1871 914 1936 fueret
927 1870 1102 1949 columbis;

502 1977 549 2042 Et
564 1977 748 2061 superjecto
763 1972 890 2058 pcridae
905 1982 1057 2036 natemnt

801 2074 950 2158 AEquore
965 2074 1079 2139 demae.

461 2229 615 2280 CARMEN
633 2229 671 2277 ll.
880 2223 1001 2280 ceciderit,
1011 2223 1135 2289 explicent
1145 2223 1293 2290 interpretes.
1323 2223 1442 2289 Equidem

319 2297 383 2346 Cum
394 2301 484 2351 exorte,
494 2309 548 2359 qure
560 2294 624 2349 nive,
633 2289 756 2356 grandine,
765 2298 789 2339 et
798 2289 846 2339 ful·
879 2282 942 2337 nivis
954 2288 1200 2338 commemorationem
1213 2288 1327 2354 odipssm
1339 2296 1443 2354 tempes-

285 2358 391 2407 miuibus
406 2357 505 2432 dejectis
521 2365 607 2422 preter
621 2371 711 2404 morem
730 2354 846 2410 servierat,
879 2360 953 2402 tutem
970 2369 1026 2430 ques
1041 2352 1081 2401 hie
1092 2352 1235 2402 describitur
1245 2354 1361 2418 pertinere
1375 2361 1442 2417 puto,

286 2429 427 2486 tempestate
438 2435 522 2484 ingens
537 2420 563 2467 in
580 2419 643 2483 egris
654 2418 773 2467 Romanis
783 2417 849 2465 fecte
880 2433 937 2466 cum
957 2433 999 2466 mx
1019 2417 1082 2467 iuter
1099 2416 1196 2480 fulgure
1215 2432 1313 2482 quoque
1331 2431 1444 2466 nonuun-

287 2484 449 2535 esset'l'iberis
458 2483 592 2539 inundatio,
603 2490 628 2532 et
637 2482 742 2546 quidem,
750 2489 778 2529 ut
787 2481 850 2529 bene
898 2495 955 2529 uem
963 2480 1072 2531 decidere
1081 2480 1165 2530 soleat.
1187 2481 1227 2529 Sic
1236 2481 1300 2556 apud
1310 2480 1444 2530 Diotimom

288 2549 319 2599 sd
330 2565 378 2599 rem
390 2565 419 2599 er
431 2548 511 2596 Dione
523 2546 608 2598 Cassio
617 2546 660 2595 lib.
667 2545 700 2594 liv
712 2545 758 2607 (eb
767 2545 849 2609 initio)
904 2544 965 2611 pigr.
977 2562 1001 2605 x,
1014 2545 1107 2611 (ΑιιΙι.
1119 2545 1199 2595 Grec.
1211 2545 1242 2593 T.
1254 2561 1271 2604 ι,
1283 2562 1307 2611 p.
1318 2545 1374 2603 106,
1385 2544 1445 2593 edit.

288 2614 413 2679 probatum
424 2612 467 2661 ivit
475 2614 614 2667 Massones,
624 2612 832 2660 U.C.occxx111
843 2627 850 2669 3
883 2611 899 2658 J
901 2612 954 2673 ec.)
964 2625 1028 2667 oves,
1038 2626 1140 2675 querum
1148 2618 1228 2675 postor
1236 2609 1337 2659 fulmine
1347 2624 1444 2674 percus·

287 2674 851 2791 stultu.qtmtltttu‘rtt
883 2674 1300 2804 {t'tltlrlttlltqttli
1314 2673 1445 2786 m?

289 2820 455 2861 evermerum,
476 2803 614 2860 celebraret,
637 2802 785 2851 occasionem
805 2801 851 2849 sibi
883 2801 974 2849 noterit
996 2802 1153 2851 amicissimus
1173 2803 1303 2852 Jacobsius
1325 2802 1351 2849 in
1371 2801 1444 2851 Com·

289 2869 395 2917 oblatam
406 2884 458 2917 esse
466 2866 560 2933 putavit
568 2866 690 2915 Horatius.
709 2867 774 2915 Nem
785 2880 851 2923 cum,
883 2874 958 2914 ment.
973 2867 1003 2913 T.
1018 2866 1045 2924 ii,
1063 2882 1088 2932 p.
1103 2867 1160 2915 167.
1193 2868 1250 2924 Quo
1268 2867 1344 2915 rarius
1363 2874 1446 2915 sutem

290 2932 410 2997 quidquid
424 2932 450 2980 io
466 2946 545 2981 rerum
561 2938 648 2979 nature
664 2940 852 2996 praetermorem
884 2929 926 2978 uir
944 2929 1006 2979 inter
1022 2930 1118 2994 fulgure
1134 2930 1214 2979 delsbi
1233 2931 1302 2990 solet,
1319 2945 1349 2978 eo
1369 2929 1446 2993 magis

291 2996 423 3055 occidebat,
437 3012 478 3061 pro
492 3010 521 3045 ec
531 3011 586 3061 que
601 3002 652 3043 tum
663 2995 759 3043 tenebat
770 2992 851 3060 populi
883 2993 927 3042 illo
936 3010 979 3059 pro
990 2994 1097 3059 prodigio
1106 2994 1188 3043 haberi
1199 2994 1285 3060 potuit.
1310 2993 1372 3044 Fieri
1383 3009 1446 3057 quo·

291 3059 382 3108 animos
399 3059 542 3126 superstitio,
555 3058 690 3125 prodigium
707 3058 852 3118 haberetur;
884 3074 932 3123 que
945 3061 1031 3123 potuit,
1043 3067 1071 3107 ut
1087 3058 1201 3107 Horatius
1215 3061 1341 3124 pernicem
1354 3056 1444 3106 intelli·

290 3124 371 3172 obluta
383 3123 427 3172 ills
437 3140 478 3199 per
487 3124 563 3173 diram
573 3130 735 3188 tempestatem
747 3130 770 3172 et
778 3122 852 3171 Tibe·
884 3130 950 3185 geret
968 3126 1108 3185 grandinem
1119 3139 1128 3181 ,⁸
1152 3136 1208 3170 nem
1228 3122 1347 3187 porticulo
1366 3132 1446 3184 atque,

290 3187 322 3235 ris
335 3186 516 3237 inundationem
526 3186 643 3252 prodigio,
655 3194 739 3251 preter
752 3186 793 3233 Au
828 3202 851 3235 s·
883 3202 953 3250 reque
968 3200 998 3233 sc
1013 3204 1056 3250 que
1071 3187 1179 3235 inversu
1194 3187 1233 3242 16,
1246 3185 1446 3251 (ubivideuot.)

290 3259 351 3308 tum,
375 3250 493 3301 neminem
516 3266 568 3300 eeeo
590 3251 632 3314 qui
652 3264 778 3315 procurare
809 3265 852 3298 eo-
883 3250 972 3315 pressim
983 3250 1032 3298 vim
1041 3250 1177 3315 explicandi
1188 3250 1268 3299 hebet.
1301 3250 1445 3313 Etsicpes·

291 3330 392 3391 nomque
407 3315 466 3363 irem
497 3316 576 3363 locere
591 3312 672 3379 possit,
680 3322 755 3385 ⁸poeto
768 3313 851 3363 inhoe
882 3314 967 3362 simet.
987 3314 1061 3371 Dirc,
1089 3314 1189 3363 uoddiri
1198 3314 1284 3363 ominis
1294 3321 1354 3363 eret.
1378 3314 1446 3362 Misit

291 3386 473 3429 camnineosteo
491 3378 518 3427 it.
550 3380 711 3427 Tentemvim
724 3392 850 3442 equemm,
882 3380 1045 3442 prostraretur.
1070 3331 1354 3443 dolencoompercueso
1362 3376 1446 3425 fulmi-

292 3444 357 3492 cenit
373 3450 452 3509 poeta,
468 3458 482 3491 e
497 3442 560 3491 coelo
580 3442 605 3489 in
623 3450 708 3490 terrem
726 3441 853 3491 demissam
885 3442 1091 3491 uumrubeutium
1100 3442 1193 3505 fulgore
1202 3450 1268 3507 puts.
1288 3443 1372 3490 Sacros
1371 3445 1446 3504 jaee-

292 3506 404 3566 vidimus,
426 3516 454 3555 ut
473 3506 567 3555 Tiberis
589 3520 660 3571 super
678 3506 741 3579 ripas
763 3506 854 3554 effusus
886 3506 947 3553 loros
961 3522 1039 3554 aroer:
1048 3509 1158 3569 joculari
1168 3522 1232 3555 oreos
1286 3506 1398 3563 ,umen
1406 3506 1446 3569 je-

292 3572 408 3629 timorem,
417 3586 448 3620 ue
460 3570 616 3619 Deucalionis
626 3569 744 3618 diluvium
756 3570 850 3626 rediret,
886 3569 1210 3635 culendoereespercutere:
1253 3568 1444 3627 committe,

293 3634 409 3746 iojielsret
423 3636 491 3748 ῖθῐΕιιΙ
507 3634 541 3745 diti
562 3633 621 3745 irelm
642 3648 716 3745 'exirem
737 3634 768 3681 ob
789 3633 856 3682 bells
885 3634 1446 3746 {QJups'terignesuoluoosjoeolorugietarfeoe

293 3713 430 3828 tute:
453 3712 675 3818 rttt’rrrtz,
694 3712 854 3835 ttrrllt
887 3710 1446 3835 etrzuttlffittlttttltrt

294 3828 374 3884 Quem
389 3825 470 3883 deum,
483 3833 511 3873 ut
529 3826 619 3874 scelere
634 3831 714 3873 nostre
729 3840 757 3873 ex
776 3833 818 3882 ret,
829 3834 855 3874 et
885 3826 975 3891 temple
994 3825 1020 3872 in
1042 3826 1163 3890 Capitolio
1225 3826 1267 3883 ite,
1290 3823 1448 3888 intelligenda

294 3890 346 3939 hue
364 3890 429 3938 male
446 3903 461 3937 ι
477 3888 545 3938 robis
560 3896 658 3946 avertet,
671 3840 854 3937 invocsdimusl
886 3904 947 3946 esse,
956 3888 1078 3954 adjectum
1089 3906 1159 3939 sacro
1187 3899 1249 3939 oret·

295 3955 363 4003 Num
376 3952 532 4019 Apollinem!
550 3968 580 4001 tn
593 3954 726 4003 Venereml
743 3967 774 4001 sn
786 3954 854 4002 Μιι·
919 3956 992 4001 6-8.
1010 3955 1088 4002 Grave
1094 3956 1203 4002 mestum
1210 3955 1319 4018 Pyrrhe:
1331 3951 1448 4001 loedsilla

294 4020 358 4067 teml
375 4034 406 4066 an
420 4026 452 4074 te,
465 4017 507 4081 qui
519 4016 624 4081 Augusti
635 4030 760 4083 personam
774 4016 800 4065 iu
817 4016 855 4065 his
887 4024 1001 4083 tempore,
1008 4017 1097 4081 quibus
1103 4018 1241 4066 Deucalion
1251 4032 1307 4066 eum
1317 4032 1392 4066 uxore
1402 4032 1448 4065 suo

295 4081 363 4131 terris
372 4080 478 4139 induisti,
487 4081 650 4131 Mercuriuml
675 4080 782 4138 Utinam,
794 4081 856 4131 deus
887 4082 981 4145 Pyrrhe
1001 4096 1127 4147 oppressus
1148 4081 1195 4130 luit
1216 4080 1316 4129 diluvio.
1350 4082 1447 4145 Pyrrhe

296 4146 417 4210 Auguste,
431 4145 473 4194 diu
489 4145 534 4193 sub
546 4145 642 4193 nomine
654 4144 733 4193 Patris
748 4152 772 4193 et
784 4144 854 4194 Prin·
887 4160 943 4193 cum
970 4145 1066 4195 delectu
1092 4160 1143 4211 pro,
1167 4144 1344 4204 Deucalionis;
1371 4144 1449 4192 multo

295 4209 356 4274 cipis
373 4210 438 4284 apud
457 4209 573 4275 populum
591 4210 730 4257 Romanum
749 4223 855 4257 commo·
887 4208 1006 4272 graviores
1027 4210 1092 4257 enim
1114 4209 1311 4259 muliercularum
1331 4208 1356 4256 in
1377 4209 1449 4258 rebus

295 4274 361 4331 reris,
374 4272 855 4339 ejusquessluteroexteroshostesulci·
888 4273 985 4338 trepidis
1008 4274 1121 4337 querele.
1156 4274 1268 4324 Ceterum
1290 4271 1449 4321 Deucalionis

298 4335 386 4385 scendo
396 4336 534 4385 confirmes!
888 4344 958 4385 setate
974 4336 1089 4386 diluvium
1105 4337 1143 4385 vel
1159 4353 1189 4386 ex
1206 4336 1281 4386 Orid.
1293 4338 1355 4385 Met.
1369 4336 1387 4394 i,
1398 4337 1448 4384 260

331 4403 401 4449 1-4.
417 4402 486 4456 Sorte,
499 4399 569 4447 nimis
580 4400 760 4456 monumentis
772 4414 855 4465 euper-
889 4416 917 4465 sq
937 4402 1114 4450 murinorum.
1146 4398 1448 4456 Nooomomrro,h.e.in·

295 4479 351 4528 que.
380 4464 455 4521 ilicis,
468 4464 497 4514 de
514 4463 567 4512 nivo
584 4480 638 4528 que
655 4464 725 4513 solito
741 4464 858 4530 copiosior
890 4418 996 4514 auditum
1013 4465 1039 4513 iu
1054 4464 1146 4514 diluvio
1160 4464 1203 4513 illo
1218 4480 1296 4515 rerum
1312 4463 1448 4529 permixtiu-
