3150 5200
570 318 735 385 LIBER
758 319 803 399 ΙΙ,
826 320 859 385 3.
1223 320 1288 385 879

156 473 200 539 60
221 470 300 535 Non
313 469 417 553 magis
432 468 583 547 audierit,
599 493 696 553 quam
712 470 827 535 Fufius
842 473 953 539 ebrius
966 472 1055 550 olim

222 572 334 646 Quum
348 570 484 635 Ilionam
498 570 649 649 edormit,
666 572 811 637 Catienis
825 572 911 637 mille
926 574 1088 650 ducentis,

222 680 244 709 “
257 672 370 737 Mater
384 681 416 735 te
429 673 587 757 appello,”
602 672 827 739 clamantibus.
872 674 964 741 Huic
977 698 1041 760 ego
1054 675 1170 760 vulgus

222 775 338 839 Errori
353 773 488 839 similem
502 786 654 839 cunctum
669 776 810 841 insanire
825 775 962 841 docebo.

222 876 347 941 Insanit
362 886 488 941 veteres
505 886 629 941 statuas
645 876 869 963 Damasippus
884 878 1032 943 emendo.

157 978 200 1045 65
222 977 354 1062 Integer
368 988 419 1042 est
433 978 549 1043 mentis
566 977 762 1063 Damasippi
777 978 941 1043 creditor?
988 978 1083 1043 Esto.

221 1078 359 1165 Accipe,
375 1080 465 1164 quod
480 1102 645 1163 nunquam
660 1081 780 1145 reddas
795 1079 886 1157 mibi,
902 1081 930 1143 si
945 1081 1006 1144 tibi
1020 1080 1137 1157 dicam,

222 1182 319 1247 Tune
334 1184 467 1277 maanus
483 1184 559 1260 eris,
576 1184 603 1245 si
618 1183 806 1267 acceperis?
829 1204 872 1245 an
885 1183 989 1266 magis
1004 1203 1120 1247 excors

223 1282 362 1368 Rejecta
376 1285 500 1368 praeda,
516 1306 613 1367 quarn
628 1306 773 1368 praesens
789 1284 978 1349 Mercurius
992 1282 1078 1348 fert?

222 1384 337 1451 Scribe
353 1387 465 1451 decem
480 1408 500 1449 a
515 1386 637 1451 Nerio:
662 1408 727 1449 non
742 1396 794 1451 est
809 1387 906 1463 satis3
929 1384 1015 1449 adde
1030 1384 1156 1450 cicutae

157 1488 199 1550 70
222 1484 352 1551 Nodosi
366 1486 493 1553 tabulas
509 1498 655 1563 centumr
680 1484 764 1551 mille
779 1487 866 1551 adde
879 1497 1028 1551 catenas:

222 1587 371 1673 Effugiet
386 1600 494 1653 tamen
508 1588 578 1655 hoec
595 1587 772 1653 sceleratus
786 1588 915 1653 vincula
930 1588 1081 1653 Proteus.

222 1689 333 1763 Quum
347 1692 455 1775 rapies
471 1693 503 1755 in
514 1692 569 1775 jus
584 1690 675 1755 melis
691 1690 852 1755 ridentem
866 1690 991 1768 alienis,

221 1790 295 1857 Fiet
310 1814 401 1877 aper,
417 1793 514 1858 morlo
529 1794 608 1869 evis,
624 1791 722 1856 modo
738 1814 863 1870 saxum,
878 1803 913 1857 et
926 1814 1027 1875 quum
1042 1790 1128 1857 volet
1142 1794 1250 1857 arbor.

130 1928 235 1987 prudens
253 1927 346 1981 occidit,
363 1928 489 1981 arbitrans,
502 1942 525 1974 ss
543 1926 691 1989 Polydorum,
725 1925 918 1976 cumveniunbrr.
951 1924 1046 1975 Insanit
1061 1925 1091 1981 is,
1106 1924 1149 1990 qui
1165 1924 1288 1972 immensis

124 1991 210 2053 filium
238 1991 338 2047 Priami,
365 1990 513 2054 interfecisse.
555 1992 640 2054 ltaque
668 1990 693 2037 in
726 1989 903 2039 usurisloenori
914 1987 1288 2056 datpecuniam,quamdebitor

130 2052 250 2117 uagoedia
265 2053 365 2103 Pacuvii
382 2070 430 2102 non
445 2054 491 2102 Pol
508 2054 580 2103 dorus
594 2064 694 2103 matrem
726 2052 823 2103 reddere
834 2054 927 2119 nequit.

133 2118 270 2175 Hecubam,
291 2126 318 2166 ut
337 2125 374 2167 est
394 2117 459 2184 apud
504 2117 629 2193 uripidem,
652 2117 694 2167 sed
760 2119 802 2167 65.
820 2117 884 2175 Esto,
896 2116 981 2167 silita.

23 2198 28 2217 ν
132 2181 265 2249 Deiphilus
276 2181 380 2232 Ilionam
397 2197 439 2247 per
453 2197 572 2231 sommum
589 2183 693 2256 compel-
759 2182 801 2230 68.
815 2180 1288 2245 Quampraesensblercuriusferthuam

131 2245 208 2295 labat.
241 2246 341 2295 Ilionam
350 2246 693 2303 cdormit,Ilionamdormren·
728 2261 792 2294 nunc
810 2245 878 2295 offert
895 2245 1012 2296 Mercurii
1025 2244 1288 2309 lavor,b.e.prresens

131 2318 275 2375 remegeris
295 2325 349 2361 vere
370 2310 465 2361 dormit.
509 2312 611 2361 Carenis
632 2312 695 2359 mille
727 2309 838 2359 lucrandi
848 2310 952 2361 occasio

130 2376 239 2423 ducatis
257 2377 423 2425 clamantibus.-
446 2374 548 2427 Catieno
570 2374 692 2430 histrione,
758 2375 865 2423 69-71.
880 2372 1159 2429 Scribedecesnchric,
1168 2381 1225 2422 cett.
1245 2373 1288 2423 Ad

131 2438 176 2503 qui
193 2440 284 2489 Umbra
299 2439 408 2505 Deiphili
422 2439 539 2505 prodibat,
550 2448 618 2487 tanta
628 2438 694 2488 vocis
726 2438 840 2487 orationis
861 2455 951 2489 nexum
973 2438 1053 2488 animo
1079 2437 1288 2503 complectendum

130 2502 264 2553 intentione
275 2503 403 2561 clamante,
414 2514 442 2552 ut
456 2502 522 2553 mille
534 2504 631 2552 ducenti
644 2503 692 2553 Ca·
726 2504 813 2569 supple
824 2503 872 2553 lere
886 2503 953 2553 hec:
971 2502 1063 2551 Annon
1080 2501 1180 2549 insanus
1194 2511 1231 2550 ert
1241 2502 1288 2552 ἰω-

131 2564 193 2616 tieni
214 2567 318 2618 clamare
337 2566 486 2630 riderentur;
508 2568 629 2618 clamabat
651 2583 694 2617 au·
727 2578 830 2626 nerator,
841 2567 884 2633 qni
901 2567 972 2618 male
988 2567 1044 2617 fidei
1058 2566 1159 2616 debitori
1170 2581 1290 2618 summam

132 2639 192 2686 tem,
210 2633 288 2681 Mam
306 2642 327 2680 ts
344 2635 442 2694 appello.
477 2635 569 2684 Versus
584 2632 694 2692 Pacuvii,
726 2633 834 2697 aliquam
898 2632 962 2681 uniar
983 2631 1076 2681 crediti
1092 2647 1158 2687 nam,
1178 2633 1289 2695 quamvis

132 2694 177 2758 qui
194 2696 242 2745 buc
259 2696 385 2762 pertinent,
404 2697 490 2746 servati
504 2697 615 2761 leguntur
631 2697 694 2762 apud
725 2697 840 2808 providus
864 2706 983 2746 oenemmr
997 2697 1082 2760 quovis
1097 2693 1188 2744 vinculi
1203 2711 1289 2758 genere

132 2757 274 2810 Ciceronem
289 2762 363 2810 Tusc.
382 2763 475 2819 Quaest.
488 2761 505 2818 i,
519 2763 560 2818 44,
576 2761 655 2810 Mater
673 2771 694 2810 ts
735 2761 837 2810 allecem
844 2759 975 2810 debitorem
984 2769 1073 2817 nectat,
1080 2769 1161 2808 tamen
1169 2759 1208 2807 bic
1218 2758 1288 2810 illum

133 2826 234 2886 appello,
246 2836 273 2874 tu
286 2843 335 2889 que
345 2843 425 2874 carum
436 2843 510 2876 sonim
520 2842 649 2888 suspensam
661 2827 693 2872 ls-
725 2825 815 2876 eludet.
859 2825 1000 2889 Alloquitur
1024 2824 1097 2889 igitur
1124 2823 1289 2896 Damasippus

131 2903 182 2945 vor,
207 2889 285 2952 Neque
307 2900 329 2937 rc
349 2893 455 2938 miseret:
479 2906 557 2954 surge,
580 2899 603 2938 ct
623 2891 692 2953 sepeli
724 2890 850 2955 providum
869 2889 1043 2940 feneratorem.
1071 2889 1149 2938 Scribe
1168 2888 1288 2952 versipelli

131 2962 224 3002 notum.
725 2953 825 3005 debitori
838 2957 913 3002 decem
925 2955 1016 3002 rabulas
1028 2952 1197 3018 (syngraphas,
1209 2951 1287 3001 chiro·

166 3017 207 3074 62,
227 3019 267 3066 63.
289 3017 353 3065 Huic
374 3035 414 3081 ego
432 3021 516 3083 culgm
536 3018 692 3066 Errori-dc·
725 3018 841 3082 graphas)
853 3017 891 3067 rel
906 3017 1013 3074 aNerio,
1025 3016 1168 3066 loeneratore
1181 3015 1288 3064 callidis·

131 3081 193 3129 cebo.
223 3081 317 3144 Junge:
333 3098 374 3145 ego
389 3085 467 3130 muto
483 3093 591 3131 cunctum
607 3084 691 3146 vulgar
723 3083 794 3138 simo,
803 3090 941 3148 conceptas,
950 3090 975 3130 et
983 3089 1066 3130 contra
1075 3095 1170 3129 omnem
1178 3079 1288 3130 baudem

131 3141 231 3255 qomnes
241 3144 363 3208 borsines)
373 3161 472 3195 errorem
483 3149 584 3194 insanire
595 3149 692 3195 similem
724 3147 838 3204 munitas,
861 3149 923 3210 (non
949 3157 983 3196 ert
1003 3147 1092 3207 satin)
1114 3146 1173 3192 adde
1195 3153 1286 3193 aarum

150 3211 198 3264 uic,
215 3207 245 3258 de
261 3225 309 3274 quo
324 3207 384 3266 dixi,
400 3213 483 3260 mori.
518 3211 624 3260 Sensim
648 3227 692 3273 ego
726 3213 817 3260 rebeus
833 3210 1083 3260 loeneratorisCicute
1099 3209 1286 3271 nodosi(rerbo-

131 3271 267 3330 cstendnm‚
277 3289 358 3322 omnes
370 3274 477 3322 homines
484 3289 532 3324 non
542 3282 633 3322 certmn
641 3290 692 3322 mo·
725 3291 777 3326 rum
789 3274 883 3340 laqueis
891 3273 958 3340 quasi
967 3272 1083 3338 nodisque
1093 3271 1205 3322 debitoris
1216 3272 1288 3322 fidem

131 3333 191 3384 dum
203 3344 290 3396 tenere,
303 3338 410 3388 sedeam
421 3336 543 3394 excedere,
556 3337 692 3402 similesque
725 3339 924 3404 constringentis3
949 3354 992 3387 nos
1014 3337 1148 3388 diceremus
1168 3337 1287 3402 ejusmodi

132 3407 176 3448 ant
190 3402 264 3450 stulte
280 3401 372 3458 timido,
384 3411 426 3451 aut
441 3417 497 3452 cum
515 3402 593 3450 lurore
608 3402 694 3450 audaci
725 3403 855 3460 hominem,
869 3406 944 3459 einen,
955 3405 1039 3451 derdie
1050 3403 1210 3467 Scluldbriese
1223 3405 1286 3452 recht

132 3463 225 3512 bomini
235 3465 317 3522 alicui,
332 3482 359 3516 se
372 3467 458 3515 stultos
472 3466 617 3530 insanosque
633 3482 693 3531 prre·
726 3484 754 3516 su
777 3469 922 3516 wlleuscln
945 3469 1057 3525 onmem,-
1079 3467 1159 3534 lepide
1179 3469 1287 3516 nodosum

132 3527 197 3578 bare.
221 3529 328 3578 Inronire
338 3547 444 3588 errorem,
458 3539 484 3580 ut
494 3530 538 3578 inl.
550 3531 628 3596 Epist.
640 3531 657 3586 i,
671 3533 693 3590 l,
728 3534 835 3582 Cicutam
866 3531 935 3580 vertit
958 3531 1069 3588 Vossius,
1093 3535 1138 3580 den
1166 3531 1286 3581 Kuoclen·

134 3593 191 3650 101,
202 3597 306 3643 {suanir-e
322 3597 438 3654 solemnio,
454 3603 478 3644 et
495 3598 581 3645 Senes.
593 3593 623 3644 de
641 3595 693 3646 Vir.
725 3596 854 3658 stactem)
865 3597 929 3643 mille
938 3598 997 3643 addc
1008 3606 1108 3653 catenas,
1117 3596 1184 3645 mille
1195 3597 1286 3646 cautio·

133 3655 206 3706 Beat.
220 3659 259 3714 12,
271 3661 374 3708 insanire
384 3663 498 3708 insaniant
508 3662 615 3709 hilarem.
726 3675 784 3710 num
811 3675 906 3724 genera,
929 3659 1027 3724 quibus,
1048 3669 1164 3725 tanquam
1191 3671 1287 3720 catena,

166 3723 263 3787 tssqq.
282 3724 371 3772 Verum
390 3739 451 3782 esse,
463 3723 528 3788 quod
543 3723 618 3772 Stoici
634 3738 692 3774 eon·
725 3724 835 3774 creditori
855 3723 1009 3787 obstringitur
1030 3723 1130 3775 debitor.
1164 3725 1196 3773 In
1218 3742 1287 3776 versa

132 3786 328 3844 tendunt,emrrsr
344 3789 441 3836 homines
458 3791 646 3862 insertire3exem
665 3787 695 3836 lis
726 3791 756 3838 71
780 3787 927 3862 malelidei
949 3788 1041 3860 debitor
1060 3805 1113 3836 com
1173 3797 1211 3837 tur
1230 3805 1287 3838 cum

131 3851 289 3972 {iffi
303 3853 695 3979 ,tetensteten
728 3851 1287 3980 ittettatt¹3¹tj¹3lttl⁰ttntr

130 3975 174 4028 sad
185 3977 276 4027 insanit
286 3997 382 4045 quoque
394 3981 414 4028 is
426 3981 468 4044 qni
485 3979 544 4028 mibi
566 3981 692 4045 pecuniam
725 3982 828 4031 Plautus
838 3989 908 4030 vocat
920 3981 1066 4041 versipellem.

130 4041 163 4090 ad
182 4043 285 4094 emenda
305 4059 343 4103 ea,
363 4045 453 4110 quibus
474 4044 588 4100 delector,
607 4043 691 4094 credit.
758 4048 799 4094 72.
816 4046 888 4093 Molis
898 4047 1009 4093 ridentem
1019 4042 1210 4092 alienlsrlocutio
1221 4044 1288 4092 malis

132 4107 191 4164 Qui,
205 4107 270 4172 quod
281 4117 365 4174 sponte
375 4111 482 4168 oblatum
494 4117 567 4164 meet,
579 4109 623 4158 bac
634 4124 691 4158 con·
723 4113 806 4160 aliems
828 4112 903 4158 ridere
926 4109 1029 4156 multum
1054 4108 1143 4172 negotii
1164 4106 1287 4156 lacessivit

130 4169 220 4221 ditione
238 4175 368 4239 proposita,
384 4184 412 4223 ut
431 4189 554 4238 nunquam
572 4172 691 4232 reddetur,
724 4174 904 4240 interpretibus,
916 4188 962 4220 nec
976 4173 1104 4237 quisquam
1120 4187 1201 4221 eorum
1218 4187 1284 4220 eorn-

129 4235 274 4300 repudisret,
297 4254 339 4303 pro
365 4238 449 4288 insano
471 4239 605 4288 haberetur.
650 4237 692 4286 In·
725 4239 820 4288 modam
828 4239 881 4304 ejus
889 4237 1072 4303 explicationem
1081 4237 1170 4287 attulit.
1194 4238 1286 4285 Omnes

129 4299 230 4348 saniant
240 4301 402 4358 loenemtcrcs,
413 4303 456 4377 qui
468 4303 595 4376 pecuniam
610 4303 635 4350 in
647 4300 692 4352 lor·
725 4319 777 4352 corn
837 4312 864 4351 nt
888 4303 1011 4368 γναθμοῑς
1037 4303 1117 4368 γελᾷν
1142 4302 1286 4366 ἀλλοτρίως

130 4367 693 4500 'staffili{ttllttzllttttltrtl
725 4363 1286 4487 ³tribuiter?’illiciet

131 4499 196 4544 trone
207 4509 249 4560 per
263 4496 364 4562 scriptas
376 4497 472 4548 tubulas
482 4495 528 4546 sibi
540 4504 634 4556 cevent,
647 4495 693 4545 cir·
726 4496 783 4554 lato,
796 4495 927 4546 Sardonico
935 4515 943 4560 3
960 4496 994 4546 sic
1013 4513 1061 4546 non
1079 4494 1140 4547 ridet
1154 4495 1233 4548 malus
1242 4493 1284 4546 de·
