3150 5200
513 768 909 876 PRAEFATIO

462 1079 705 1134 sorrronrs
735 1061 972 1135 secunus.

17 1535 25 1570 1.
138 1521 257 1586 Psucs
286 1532 362 1587 sunt
390 1543 464 1605 quae
491 1521 533 1584 de
561 1519 622 1584 hac
649 1522 788 1605 repetita
815 1520 948 1585 Horatii
971 1521 1120 1588 odarum
1146 1527 1290 1597 editione

136 1639 300 1704 monenda
320 1637 480 1704 ridentur.
526 1637 624 1715 Nam,
649 1661 723 1722 quae
745 1640 949 1724 potissimum
973 1645 1196 1725 spectaverim,
1217 1667 1292 1710 cum

17 1777 18 1798 ÷
136 1757 277 1841 primum
292 1755 335 1820 ad
348 1757 512 1820 edendum
527 1756 702 1821 Horatium
717 1759 858 1822 animum
872 1760 1083 1844 appellerem,
1100 1773 1135 1825 et
1151 1783 1291 1845 quorum

137 1877 213 1939 usui
235 1876 382 1959 inprimis
405 1875 570 1959 adjectum
590 1877 855 1939 commentarium
874 1877 1115 1955 destinaverim,
1126 1881 1195 1963 jam
1214 1880 1290 1944 olim

136 1995 170 2057 in
188 1987 192 1999 '
207 1989 397 2077 prefatione
427 1995 539 2076 primae
569 1993 704 2057 editioni
740 1995 909 2076 praemissa
942 1996 1106 2080 copiosius
1140 1999 1289 2080 exposui.

136 2111 212 2175 Nec
231 2133 282 2174 me
300 2108 423 2173 frustra
445 2111 479 2172 id
501 2109 628 2186 iecisse,
644 2131 687 2174 ex
709 2113 863 2194 aequiore,
879 2114 969 2196 quod
989 2115 1067 2178 inde
1081 2115 1226 2178 nonnulli
1247 2115 1296 2180 de·

137 2227 355 2312 qualicunque
385 2249 456 2292 mea
485 2227 626 2292 Horatio
659 2229 808 2311 praestita
843 2251 945 2313 opera
981 2230 1136 2306 tulerunt,
1162 2231 1289 2313 judicio

137 2343 294 2410 intellexi.
340 2347 471 2420 Quodsi
494 2347 594 2430 igitur
617 2344 758 2416 fortasse·
783 2356 890 2422 ertmt,
914 2346 971 2429 qui
994 2345 1037 2409 de
1060 2344 1122 2410 hac
1145 2348 1292 2413 secunda

136 2485 268 2548 quoque
281 2463 413 2528 Horatii
424 2464 609 2528 Carminum
626 2463 819 2548 Lyricorum
834 2465 976 2528 editione
992 2465 1184 2528 sententiam
1199 2487 1295 2529 susm·

135 2582 365 2667 pronuncient,
389 2605 457 2668 eos,
478 2604 518 2647 ne
543 2580 678 2657 consilii,
702 2582 792 2665 quod
816 2583 850 2645 in
876 2581 1018 2646 Horatio
1042 2581 1294 2665 interpretando

17 2710 19 2791 j
137 2712 272 2767 secutus
294 2722 375 2777 sum,
391 2702 592 2764 immemores
613 2702 688 2775 sint,
704 2702 802 2763 otiam
816 2712 915 2785 atque
929 2703 1028 2764 etiam
1040 2701 1180 2765 monitos
1194 2722 1289 2784 roga·

136 2830 254 2902 tosquc
270 2819 387 2883 habeo.
417 2818 578 2883 Versatus
595 2828 701 2885 autem
718 2839 787 2881 sum
804 2820 838 2881 in
851 2819 903 2894 iis,
919 2838 993 2901 quae
1008 2816 1083 2881 olim
1096 2818 1224 2901 scripsi,
1239 2838 1291 2881 re-

136 2937 375 3022 cognoscendis
397 2938 453 3013 ita,
470 2949 507 3000 ut
526 2937 647 3020 passim
669 2934 731 2998 alia
754 2936 967 3012 immutarem,
983 2932 1046 2998 alia
1068 2936 1211 3009 brevius,
1227 2933 1292 2997 alia

135 3056 293 3121 disertius
320 3053 528 3138 explicarem,
556 3053 619 3117 alia
645 3052 740 3137 plane
765 3052 918 3130 delerem,
942 3053 1005 3117 alia
1029 3055 1072 3117 sd
1094 3075 1163 3117 rem
1186 3050 1290 3134 magis

134 3173 361 3238 illustrandam
386 3171 553 3236 afferrem:
586 3193 627 3235 ne
651 3169 767 3235 multa!
796 3170 859 3235 feci
885 3172 975 3255 quod
1001 3170 1080 3233 milri
1105 3168 1290 3234 faciendum

135 3314 211 3357 esse
226 3290 349 3375 putavi,
365 3288 416 3352 vel
430 3310 491 3372 pro
506 3289 621 3352 virium
636 3310 778 3352 mearum
794 3288 927 3353 modulo
941 3287 1048 3353 facere
1063 3284 1166 3371 potui.
1212 3254 1296 3348 Nec¹

136 3408 243 3474 defuit
257 3408 347 3483 mihi,
363 3428 461 3490 quam
475 3407 508 3469 in
521 3416 632 3491 partes
649 3427 807 3481 vocarem,
820 3428 904 3469 nova
918 3404 1050 3469 Horatii
1065 3403 1173 3467 Carm.
1187 3401 1287 3466 Libb.

134 3528 182 3605 V,
195 3522 216 3591 a
228 3518 483 3608 Vanderburgi'o
498 3522 652 3606 (Lutetiis
668 3522 880 3597 Parisiorum,
895 3522 990 3603 1812)
1004 3521 1161 3584 adornata
1175 3519 1287 3583 editio.

136 3646 292 3710 Ceterum
312 3667 377 3727 quo
396 3643 525 3727 gravior
544 3640 623 3704 mihi
646 3651 696 3704 est
715 3640 892 3703 auctoritas
912 3658 1035 3712 eorum,
1051 3637 1108 3719 qui
1123 3636 1166 3699 ad
1181 3646 1290 3701 cetera

137 3762 271 3827 Horatii
283 3762 435 3826 Carmina
445 3758 538 3822 simili
551 3758 818 3842 interpretatione
830 3756 1021 3820 instruenda
1031 3776 1082 3817 me
1093 3753 1288 3829 excitarunt,

137 3902 178 3944 eo
204 3882 325 3965 majore
355 3880 515 3943 industria
544 3888 643 3960 atque
669 3875 825 3959 religione
855 3874 955 3937 fidem
977 3872 1047 3956 jam
1076 3868 1151 3933 olim
1180 3869 1289 3933 datam

138 3998 314 4063 exsolvam.

184 4234 317 4312 Gothae,
335 4256 444 4297 mense
461 4234 552 4318 Sept.
573 4252 753 4296 uncccxrv.

962 4462 1203 4528 DOERING.
